{
    "2023-06-30": {
        "Tax Effect Of Unusual Items": -4272420.0,
        "Tax Rate For Calcs": 0.186,
        "Normalized EBITDA": 172641000.0,
        "Total Unusual Items": -22970000.0,
        "Total Unusual Items Excluding Goodwill": -22970000.0,
        "Net Income From Continuing Operation Net Minority Interest": 6517000.0,
        "Reconciled Depreciation": 137759000.0,
        "Reconciled Cost Of Revenue": 112936000.0,
        "EBITDA": 149671000.0,
        "EBIT": 11912000.0,
        "Net Interest Income": -11846000.0,
        "Interest Expense": 3910000.0,
        "Normalized Income": 25214580.0,
        "Net Income From Continuing And Discontinued Operation": 6517000.0,
        "Total Expenses": 488191000.0,
        "Rent Expense Supplemental": 55778000.0,
        "Total Operating Income As Reported": 11275000.0,
        "Diluted Average Shares": 31307000.0,
        "Basic Average Shares": 30993000.0,
        "Diluted EPS": 0.21,
        "Basic EPS": 0.21,
        "Diluted NI Availto Com Stockholders": 6517000.0,
        "Net Income Common Stockholders": 6517000.0,
        "Net Income": 6517000.0,
        "Net Income Including Noncontrolling Interests": 6517000.0,
        "Net Income Continuous Operations": 6517000.0,
        "Tax Provision": 1485000.0,
        "Pretax Income": 8002000.0,
        "Other Income Expense": -22333000.0,
        "Other Non Operating Income Expenses": 637000.0,
        "Special Income Charges": -22970000.0,
        "Gain On Sale Of Ppe": 1412000.0,
        "Other Special Charges": NaN,
        "Write Off": 19001000.0,
        "Impairment Of Capital Assets": NaN,
        "Restructuring And Mergern Acquisition": 5381000.0,
        "Net Non Operating Interest Income Expense": -11846000.0,
        "Total Other Finance Cost": 7936000.0,
        "Interest Expense Non Operating": 3910000.0,
        "Operating Income": 42181000.0,
        "Operating Expense": 240091000.0,
        "Other Operating Expenses": 46293000.0,
        "Depreciation Amortization Depletion Income Statement": 2595000.0,
        "Depreciation And Amortization In Income Statement": 2595000.0,
        "Amortization": 2595000.0,
        "Amortization Of Intangibles Income Statement": 2595000.0,
        "Selling General And Administration": 191203000.0,
        "Selling And Marketing Expense": 6613000.0,
        "General And Administrative Expense": 184590000.0,
        "Other Gand A": 3867000.0,
        "Rent And Landing Fees": 55778000.0,
        "Salaries And Wages": 124945000.0,
        "Gross Profit": 282272000.0,
        "Cost Of Revenue": 248100000.0,
        "Total Revenue": 530372000.0,
        "Operating Revenue": 530372000.0
    },
    "2023-03-31": {
        "Tax Effect Of Unusual Items": -5586630.0,
        "Tax Rate For Calcs": 0.21,
        "Normalized EBITDA": 185714000.0,
        "Total Unusual Items": -26603000.0,
        "Total Unusual Items Excluding Goodwill": -26603000.0,
        "Net Income From Continuing Operation Net Minority Interest": 12798000.0,
        "Reconciled Depreciation": 145861000.0,
        "Reconciled Cost Of Revenue": 115452000.0,
        "EBITDA": 159111000.0,
        "EBIT": 13250000.0,
        "Net Interest Income": -12459000.0,
        "Interest Expense": 4358000.0,
        "Normalized Income": 33814370.0,
        "Net Income From Continuing And Discontinued Operation": 12798000.0,
        "Total Expenses": 506979000.0,
        "Rent Expense Supplemental": 56279000.0,
        "Total Operating Income As Reported": 12678000.0,
        "Diluted Average Shares": 31239000.0,
        "Basic Average Shares": 30793000.0,
        "Diluted EPS": 0.41,
        "Basic EPS": 0.42,
        "Diluted NI Availto Com Stockholders": 12798000.0,
        "Net Income Common Stockholders": 12798000.0,
        "Net Income": 12798000.0,
        "Net Income Including Noncontrolling Interests": 12798000.0,
        "Net Income Continuous Operations": 12798000.0,
        "Tax Provision": -3906000.0,
        "Pretax Income": 8892000.0,
        "Other Income Expense": -26031000.0,
        "Other Non Operating Income Expenses": 572000.0,
        "Special Income Charges": -26603000.0,
        "Gain On Sale Of Ppe": 823000.0,
        "Other Special Charges": 129000.0,
        "Write Off": 20160000.0,
        "Impairment Of Capital Assets": NaN,
        "Restructuring And Mergern Acquisition": 7266000.0,
        "Net Non Operating Interest Income Expense": -12459000.0,
        "Total Other Finance Cost": 8101000.0,
        "Interest Expense Non Operating": 4358000.0,
        "Operating Income": 47382000.0,
        "Operating Expense": 248312000.0,
        "Other Operating Expenses": 41272000.0,
        "Depreciation Amortization Depletion Income Statement": 2646000.0,
        "Depreciation And Amortization In Income Statement": 2646000.0,
        "Amortization": 2646000.0,
        "Amortization Of Intangibles Income Statement": 2646000.0,
        "Selling General And Administration": 204394000.0,
        "Selling And Marketing Expense": 12955000.0,
        "General And Administrative Expense": 191439000.0,
        "Other Gand A": 3715000.0,
        "Rent And Landing Fees": 56279000.0,
        "Salaries And Wages": 131445000.0,
        "Gross Profit": 295694000.0,
        "Cost Of Revenue": 258667000.0,
        "Total Revenue": 554361000.0,
        "Operating Revenue": 554361000.0
    },
    "2022-12-31": {
        "Tax Effect Of Unusual Items": NaN,
        "Tax Rate For Calcs": NaN,
        "Normalized EBITDA": NaN,
        "Total Unusual Items": NaN,
        "Total Unusual Items Excluding Goodwill": NaN,
        "Net Income From Continuing Operation Net Minority Interest": NaN,
        "Reconciled Depreciation": NaN,
        "Reconciled Cost Of Revenue": NaN,
        "EBITDA": NaN,
        "EBIT": NaN,
        "Net Interest Income": NaN,
        "Interest Expense": NaN,
        "Normalized Income": NaN,
        "Net Income From Continuing And Discontinued Operation": NaN,
        "Total Expenses": NaN,
        "Rent Expense Supplemental": NaN,
        "Total Operating Income As Reported": NaN,
        "Diluted Average Shares": NaN,
        "Basic Average Shares": NaN,
        "Diluted EPS": NaN,
        "Basic EPS": NaN,
        "Diluted NI Availto Com Stockholders": NaN,
        "Net Income Common Stockholders": NaN,
        "Net Income": NaN,
        "Net Income Including Noncontrolling Interests": NaN,
        "Net Income Continuous Operations": NaN,
        "Tax Provision": NaN,
        "Pretax Income": NaN,
        "Other Income Expense": NaN,
        "Other Non Operating Income Expenses": NaN,
        "Special Income Charges": NaN,
        "Gain On Sale Of Ppe": NaN,
        "Other Special Charges": 214000.0,
        "Write Off": NaN,
        "Impairment Of Capital Assets": 0.0,
        "Restructuring And Mergern Acquisition": NaN,
        "Net Non Operating Interest Income Expense": NaN,
        "Total Other Finance Cost": NaN,
        "Interest Expense Non Operating": NaN,
        "Operating Income": NaN,
        "Operating Expense": NaN,
        "Other Operating Expenses": NaN,
        "Depreciation Amortization Depletion Income Statement": NaN,
        "Depreciation And Amortization In Income Statement": NaN,
        "Amortization": NaN,
        "Amortization Of Intangibles Income Statement": NaN,
        "Selling General And Administration": NaN,
        "Selling And Marketing Expense": NaN,
        "General And Administrative Expense": NaN,
        "Other Gand A": NaN,
        "Rent And Landing Fees": NaN,
        "Salaries And Wages": NaN,
        "Gross Profit": NaN,
        "Cost Of Revenue": NaN,
        "Total Revenue": NaN,
        "Operating Revenue": NaN
    },
    "2022-09-30": {
        "Tax Effect Of Unusual Items": NaN,
        "Tax Rate For Calcs": NaN,
        "Normalized EBITDA": NaN,
        "Total Unusual Items": NaN,
        "Total Unusual Items Excluding Goodwill": NaN,
        "Net Income From Continuing Operation Net Minority Interest": NaN,
        "Reconciled Depreciation": NaN,
        "Reconciled Cost Of Revenue": NaN,
        "EBITDA": NaN,
        "EBIT": NaN,
        "Net Interest Income": NaN,
        "Interest Expense": NaN,
        "Normalized Income": NaN,
        "Net Income From Continuing And Discontinued Operation": NaN,
        "Total Expenses": NaN,
        "Rent Expense Supplemental": NaN,
        "Total Operating Income As Reported": NaN,
        "Diluted Average Shares": NaN,
        "Basic Average Shares": NaN,
        "Diluted EPS": NaN,
        "Basic EPS": NaN,
        "Diluted NI Availto Com Stockholders": NaN,
        "Net Income Common Stockholders": NaN,
        "Net Income": NaN,
        "Net Income Including Noncontrolling Interests": NaN,
        "Net Income Continuous Operations": NaN,
        "Tax Provision": NaN,
        "Pretax Income": NaN,
        "Other Income Expense": NaN,
        "Other Non Operating Income Expenses": NaN,
        "Special Income Charges": NaN,
        "Gain On Sale Of Ppe": NaN,
        "Other Special Charges": 220000.0,
        "Write Off": NaN,
        "Impairment Of Capital Assets": 12933000.0,
        "Restructuring And Mergern Acquisition": NaN,
        "Net Non Operating Interest Income Expense": NaN,
        "Total Other Finance Cost": NaN,
        "Interest Expense Non Operating": NaN,
        "Operating Income": NaN,
        "Operating Expense": NaN,
        "Other Operating Expenses": NaN,
        "Depreciation Amortization Depletion Income Statement": NaN,
        "Depreciation And Amortization In Income Statement": NaN,
        "Amortization": NaN,
        "Amortization Of Intangibles Income Statement": NaN,
        "Selling General And Administration": NaN,
        "Selling And Marketing Expense": NaN,
        "General And Administrative Expense": NaN,
        "Other Gand A": NaN,
        "Rent And Landing Fees": NaN,
        "Salaries And Wages": NaN,
        "Gross Profit": NaN,
        "Cost Of Revenue": NaN,
        "Total Revenue": NaN,
        "Operating Revenue": NaN
    },
    "2022-06-30": {
        "Tax Effect Of Unusual Items": -13296400.0,
        "Tax Rate For Calcs": 0.4,
        "Normalized EBITDA": 170270000.0,
        "Total Unusual Items": -33241000.0,
        "Total Unusual Items Excluding Goodwill": -33241000.0,
        "Net Income From Continuing Operation Net Minority Interest": -5342000.0,
        "Reconciled Depreciation": 148040000.0,
        "Reconciled Cost Of Revenue": 172075000.0,
        "EBITDA": 137029000.0,
        "EBIT": -11011000.0,
        "Net Interest Income": -10998000.0,
        "Interest Expense": 2463000.0,
        "Normalized Income": 14602600.0,
        "Net Income From Continuing And Discontinued Operation": -5342000.0,
        "Total Expenses": 578063000.0,
        "Rent Expense Supplemental": 56803000.0,
        "Total Operating Income As Reported": -9455000.0,
        "Diluted Average Shares": 30827000.0,
        "Basic Average Shares": 30827000.0,
        "Diluted EPS": -0.17,
        "Basic EPS": -0.17,
        "Diluted NI Availto Com Stockholders": -5342000.0,
        "Net Income Common Stockholders": -5342000.0,
        "Net Income": -5342000.0,
        "Net Income Including Noncontrolling Interests": -5342000.0,
        "Net Income Continuous Operations": -5342000.0,
        "Tax Provision": -8132000.0,
        "Pretax Income": -13474000.0,
        "Other Income Expense": -34797000.0,
        "Other Non Operating Income Expenses": -1556000.0,
        "Special Income Charges": -33241000.0,
        "Gain On Sale Of Ppe": 2717000.0,
        "Write Off": 22113000.0,
        "Impairment Of Capital Assets": NaN,
        "Restructuring And Mergern Acquisition": 13845000.0,
        "Net Non Operating Interest Income Expense": -10998000.0,
        "Total Other Finance Cost": 8535000.0,
        "Interest Expense Non Operating": 2463000.0,
        "Operating Income": 32321000.0,
        "Operating Expense": 260826000.0,
        "Other Operating Expenses": 52887000.0,
        "Depreciation Amortization Depletion Income Statement": 2878000.0,
        "Depreciation And Amortization In Income Statement": 2878000.0,
        "Amortization": 2878000.0,
        "Amortization Of Intangibles Income Statement": 2878000.0,
        "Selling General And Administration": 205061000.0,
        "Selling And Marketing Expense": 12645000.0,
        "General And Administrative Expense": 192416000.0,
        "Other Gand A": 5356000.0,
        "Rent And Landing Fees": 56803000.0,
        "Salaries And Wages": 130257000.0,
        "Gross Profit": 293147000.0,
        "Cost Of Revenue": 317237000.0,
        "Total Revenue": 610384000.0,
        "Operating Revenue": 610384000.0
    },
    "2022-03-31": {
        "Diluted EPS": 0.68,
        "Total Revenue": 456,
        "Gross Profit": 285,
        "Operating Income": 30,
        "EBIT": 183,
        "Net Income": 22
    },
    "2021-12-31": {
        "Diluted EPS": 0.52,
        "Total Revenue": 445,
        "Gross Profit": 277,
        "Operating Income": 20,
        "EBIT": 164,
        "Net Income": 16
    },
    "2021-09-30": {
        "Diluted EPS": 0.75,
        "Total Revenue": 452,
        "Gross Profit": 285,
        "Operating Income": 33,
        "EBIT": 179,
        "Net Income": 24
    },
    "2021-06-30": {
        "Diluted EPS": 0.95,
        "Total Revenue": 467,
        "Gross Profit": 295,
        "Operating Income": 44,
        "EBIT": 192,
        "Net Income": 33
    },
    "2021-03-31": {
        "Diluted EPS": 1.04,
        "Total Revenue": 481,
        "Gross Profit": 303,
        "Operating Income": 49,
        "EBIT": 205,
        "Net Income": 36
    },
    "2020-12-31": {
        "Diluted EPS": 0.08,
        "Total Revenue": 430,
        "Gross Profit": 273,
        "Operating Income": 19,
        "EBIT": 157,
        "Net Income": 3
    },
    "2020-09-30": {
        "Diluted EPS": 0.96,
        "Total Revenue": 441,
        "Gross Profit": 280,
        "Operating Income": 41,
        "EBIT": 180,
        "Net Income": 33
    },
    "2020-06-30": {
        "Diluted EPS": 0.66,
        "Total Revenue": 431,
        "Gross Profit": 264,
        "Operating Income": 30,
        "EBIT": 174,
        "Net Income": 22
    },
    "2020-03-31": {
        "Diluted EPS": -9.57,
        "Total Revenue": 433,
        "Gross Profit": 267,
        "Operating Income": -465,
        "EBIT": -314,
        "Net Income": -324
    },
    "2019-12-31": {
        "Diluted EPS": 0.0,
        "Total Revenue": NaN,
        "Gross Profit": NaN,
        "Operating Income": NaN,
        "EBIT": NaN,
        "Net Income": NaN
    },
    "2018-12-31": {
        "Diluted EPS": 0.0,
        "Total Revenue": NaN,
        "Gross Profit": NaN,
        "Operating Income": NaN,
        "EBIT": NaN,
        "Net Income": NaN
    },
    "2017-12-31": {
        "Diluted EPS": 0.0,
        "Total Revenue": NaN,
        "Gross Profit": NaN,
        "Operating Income": NaN,
        "EBIT": NaN,
        "Net Income": NaN
    },
    "2023-09-30": {
        "Tax Effect Of Unusual Items": -4910010.0,
        "Tax Rate For Calcs": 0.21,
        "Normalized EBITDA": 154313000.0,
        "Total Unusual Items": -23381000.0,
        "Total Unusual Items Excluding Goodwill": -23381000.0,
        "Net Income From Continuing Operation Net Minority Interest": -4137000.0,
        "Reconciled Depreciation": 134733000.0,
        "Reconciled Cost Of Revenue": 121625000.0,
        "EBITDA": 130932000.0,
        "EBIT": -3801000.0,
        "Net Interest Income": -12267000.0,
        "Interest Expense": 3456000.0,
        "Normalized Income": 14333990.0,
        "Net Income From Continuing And Discontinued Operation": -4137000.0,
        "Total Expenses": 496999000.0,
        "Rent Expense Supplemental": 57811000.0,
        "Total Operating Income As Reported": -3513000.0,
        "Diluted Average Shares": 30880000.0,
        "Basic Average Shares": 30880000.0,
        "Diluted EPS": -0.13,
        "Basic EPS": -0.13,
        "Diluted NI Availto Com Stockholders": -4137000.0,
        "Net Income Common Stockholders": -4137000.0,
        "Net Income": -4137000.0,
        "Net Income Including Noncontrolling Interests": -4137000.0,
        "Net Income Continuous Operations": -4137000.0,
        "Tax Provision": -3120000.0,
        "Pretax Income": -7257000.0,
        "Other Income Expense": -23669000.0,
        "Other Non Operating Income Expenses": -288000.0,
        "Special Income Charges": -23381000.0,
        "Gain On Sale Of Ppe": 772000.0,
        "Other Special Charges": 34000.0,
        "Write Off": 20730000.0,
        "Impairment Of Capital Assets": 0.0,
        "Restructuring And Mergern Acquisition": 3423000.0,
        "Net Non Operating Interest Income Expense": -12267000.0,
        "Total Other Finance Cost": 8811000.0,
        "Interest Expense Non Operating": 3456000.0,
        "Operating Income": 28679000.0,
        "Operating Expense": 243229000.0,
        "Other Operating Expenses": 46129000.0,
        "Depreciation Amortization Depletion Income Statement": 2588000.0,
        "Depreciation And Amortization In Income Statement": 2588000.0,
        "Amortization": 2588000.0,
        "Amortization Of Intangibles Income Statement": 2588000.0,
        "Selling General And Administration": 194512000.0,
        "Selling And Marketing Expense": 7301000.0,
        "General And Administrative Expense": 187211000.0,
        "Other Gand A": 3493000.0,
        "Rent And Landing Fees": 57811000.0,
        "Salaries And Wages": 125907000.0,
        "Gross Profit": 271908000.0,
        "Cost Of Revenue": 253770000.0,
        "Total Revenue": 525678000.0,
        "Operating Revenue": 525678000.0
    },
    "2023-12-31": {
        "Tax Effect Of Unusual Items": -3965010.0,
        "Tax Rate For Calcs": 0.21,
        "Normalized EBITDA": 143204000.0,
        "Total Unusual Items": -18881000.0,
        "Total Unusual Items Excluding Goodwill": -18881000.0,
        "Net Income From Continuing Operation Net Minority Interest": -12355000.0,
        "Reconciled Depreciation": 131230000.0,
        "Reconciled Cost Of Revenue": 131323000.0,
        "EBITDA": 124323000.0,
        "EBIT": -6907000.0,
        "Net Interest Income": -12322000.0,
        "Interest Expense": 3788000.0,
        "Normalized Income": 2560990.0,
        "Net Income From Continuing And Discontinued Operation": -12355000.0,
        "Total Expenses": 509954000.0,
        "Rent Expense Supplemental": 56658000.0,
        "Total Operating Income As Reported": -7890000.0,
        "Diluted Average Shares": 30447000.0,
        "Basic Average Shares": 30447000.0,
        "Diluted EPS": -0.41,
        "Basic EPS": -0.41,
        "Diluted NI Availto Com Stockholders": -12355000.0,
        "Net Income Common Stockholders": -12355000.0,
        "Net Income": -12355000.0,
        "Net Income Including Noncontrolling Interests": -12355000.0,
        "Net Income Continuous Operations": -12355000.0,
        "Tax Provision": 1660000.0,
        "Pretax Income": -10695000.0,
        "Other Income Expense": -17898000.0,
        "Other Non Operating Income Expenses": 983000.0,
        "Special Income Charges": -18881000.0,
        "Gain On Sale Of Ppe": 6089000.0,
        "Other Special Charges": 38000.0,
        "Write Off": 21604000.0,
        "Impairment Of Capital Assets": 0.0,
        "Restructuring And Mergern Acquisition": 3366000.0,
        "Net Non Operating Interest Income Expense": -12322000.0,
        "Total Other Finance Cost": 8534000.0,
        "Interest Expense Non Operating": 3788000.0,
        "Operating Income": 19525000.0,
        "Operating Expense": 249920000.0,
        "Other Operating Expenses": 45453000.0,
        "Depreciation Amortization Depletion Income Statement": 2519000.0,
        "Depreciation And Amortization In Income Statement": 2519000.0,
        "Amortization": 2519000.0,
        "Amortization Of Intangibles Income Statement": 2519000.0,
        "Selling General And Administration": 201948000.0,
        "Selling And Marketing Expense": 14493000.0,
        "General And Administrative Expense": 187455000.0,
        "Other Gand A": 5275000.0,
        "Rent And Landing Fees": 56658000.0,
        "Salaries And Wages": 125522000.0,
        "Gross Profit": 269445000.0,
        "Cost Of Revenue": 260034000.0,
        "Total Revenue": 529479000.0,
        "Operating Revenue": 529479000.0
    },
    "2024-03-31": {
        "Tax Effect Of Unusual Items": -3349801.0,
        "Tax Rate For Calcs": 0.131,
        "Normalized EBITDA": 147548000.0,
        "Total Unusual Items": -25571000.0,
        "Total Unusual Items Excluding Goodwill": -25571000.0,
        "Net Income From Continuing Operation Net Minority Interest": -14181000.0,
        "Reconciled Depreciation": 133762000.0,
        "Reconciled Cost Of Revenue": 106348000.0,
        "EBITDA": 121977000.0,
        "EBIT": -11785000.0,
        "Net Interest Income": -12486000.0,
        "Interest Expense": 4534000.0,
        "Normalized Income": 8040199.0,
        "Net Income From Continuing And Discontinued Operation": -14181000.0,
        "Total Expenses": 490396000.0,
        "Rent Expense Supplemental": 57252000.0,
        "Total Operating Income As Reported": -12422000.0,
        "Diluted Average Shares": 30552000.0,
        "Basic Average Shares": 30552000.0,
        "Diluted EPS": -0.46,
        "Basic EPS": -0.46,
        "Diluted NI Availto Com Stockholders": -14181000.0,
        "Net Income Common Stockholders": -14181000.0,
        "Net Income": -14181000.0,
        "Net Income Including Noncontrolling Interests": -14181000.0,
        "Net Income Continuous Operations": -14181000.0,
        "Tax Provision": -2138000.0,
        "Pretax Income": -16319000.0,
        "Other Income Expense": -24934000.0,
        "Other Non Operating Income Expenses": 637000.0,
        "Special Income Charges": -25571000.0,
        "Gain On Sale Of Ppe": 3731000.0,
        "Other Special Charges": NaN,
        "Write Off": 20507000.0,
        "Impairment Of Capital Assets": NaN,
        "Restructuring And Mergern Acquisition": 8795000.0,
        "Net Non Operating Interest Income Expense": -12486000.0,
        "Total Other Finance Cost": 7952000.0,
        "Interest Expense Non Operating": 4534000.0,
        "Operating Income": 21101000.0,
        "Operating Expense": 252782000.0,
        "Other Operating Expenses": 45344000.0,
        "Depreciation Amortization Depletion Income Statement": 2496000.0,
        "Depreciation And Amortization In Income Statement": 2496000.0,
        "Amortization": 2496000.0,
        "Amortization Of Intangibles Income Statement": 2496000.0,
        "Selling General And Administration": 204942000.0,
        "Selling And Marketing Expense": 18786000.0,
        "General And Administrative Expense": 186156000.0,
        "Other Gand A": 3836000.0,
        "Rent And Landing Fees": 57252000.0,
        "Salaries And Wages": 125068000.0,
        "Gross Profit": 273883000.0,
        "Cost Of Revenue": 237614000.0,
        "Total Revenue": 511497000.0,
        "Operating Revenue": 511497000.0
    }
}