{
    "2023-03-31": {
        "Tax Effect Of Unusual Items": 0.0,
        "Tax Rate For Calcs": 0.0,
        "Normalized EBITDA": -8586000.0,
        "Total Unusual Items": -240000.0,
        "Total Unusual Items Excluding Goodwill": -240000.0,
        "Net Income From Continuing Operation Net Minority Interest": -16292000.0,
        "Reconciled Depreciation": 5329000.0,
        "Reconciled Cost Of Revenue": 43786000.0,
        "EBITDA": -8826000.0,
        "EBIT": -14155000.0,
        "Net Interest Income": -2104000.0,
        "Interest Expense": 2137000.0,
        "Interest Income": 33000.0,
        "Normalized Income": -16052000.0,
        "Net Income From Continuing And Discontinued Operation": -16292000.0,
        "Total Expenses": 67079000.0,
        "Total Operating Income As Reported": -14167000.0,
        "Diluted Average Shares": 28871857.0,
        "Basic Average Shares": 28871857.0,
        "Diluted EPS": -0.56,
        "Basic EPS": -0.56,
        "Diluted NI Availto Com Stockholders": -16292000.0,
        "Net Income Common Stockholders": -16292000.0,
        "Net Income": -16292000.0,
        "Net Income Including Noncontrolling Interests": -16292000.0,
        "Net Income Continuous Operations": -16292000.0,
        "Tax Provision": NaN,
        "Pretax Income": -16292000.0,
        "Other Income Expense": -139000.0,
        "Other Non Operating Income Expenses": 101000.0,
        "Special Income Charges": -3000.0,
        "Gain On Sale Of Ppe": -3000.0,
        "Gain On Sale Of Security": -237000.0,
        "Net Non Operating Interest Income Expense": -2104000.0,
        "Interest Expense Non Operating": 2137000.0,
        "Interest Income Non Operating": 33000.0,
        "Operating Income": -14049000.0,
        "Operating Expense": 23293000.0,
        "Other Operating Expenses": -118000.0,
        "Depreciation Amortization Depletion Income Statement": NaN,
        "Depreciation And Amortization In Income Statement": NaN,
        "Amortization": NaN,
        "Amortization Of Intangibles Income Statement": NaN,
        "Research And Development": 8536000.0,
        "Selling General And Administration": 14875000.0,
        "Selling And Marketing Expense": 2327000.0,
        "General And Administrative Expense": 12548000.0,
        "Other Gand A": 12548000.0,
        "Gross Profit": 9244000.0,
        "Cost Of Revenue": 43786000.0,
        "Total Revenue": 53030000.0,
        "Operating Revenue": 53030000.0
    },
    "2022-12-31": {
        "Tax Effect Of Unusual Items": 0.0,
        "Tax Rate For Calcs": 0.0,
        "Normalized EBITDA": -12791000.0,
        "Total Unusual Items": -66000.0,
        "Total Unusual Items Excluding Goodwill": -66000.0,
        "Net Income From Continuing Operation Net Minority Interest": -20250000.0,
        "Reconciled Depreciation": 5504000.0,
        "Reconciled Cost Of Revenue": 55359000.0,
        "EBITDA": -12857000.0,
        "EBIT": -18361000.0,
        "Net Interest Income": -1852000.0,
        "Interest Expense": 1888000.0,
        "Interest Income": 36000.0,
        "Normalized Income": -20184000.0,
        "Net Income From Continuing And Discontinued Operation": -20250000.0,
        "Total Expenses": 79938000.0,
        "Total Operating Income As Reported": -18363000.0,
        "Diluted Average Shares": 28460000.0,
        "Basic Average Shares": 28460000.0,
        "Diluted EPS": -0.71,
        "Basic EPS": -0.71,
        "Diluted NI Availto Com Stockholders": -20250000.0,
        "Net Income Common Stockholders": -20250000.0,
        "Net Income": -20250000.0,
        "Net Income Including Noncontrolling Interests": -20250000.0,
        "Net Income Continuous Operations": -20250000.0,
        "Tax Provision": NaN,
        "Pretax Income": -20249000.0,
        "Other Income Expense": -44000.0,
        "Other Non Operating Income Expenses": 22000.0,
        "Special Income Charges": 13000.0,
        "Gain On Sale Of Ppe": 13000.0,
        "Gain On Sale Of Security": -79000.0,
        "Net Non Operating Interest Income Expense": -1852000.0,
        "Interest Expense Non Operating": 1888000.0,
        "Interest Income Non Operating": 36000.0,
        "Operating Income": -18353000.0,
        "Operating Expense": 24579000.0,
        "Other Operating Expenses": -10000.0,
        "Depreciation Amortization Depletion Income Statement": NaN,
        "Depreciation And Amortization In Income Statement": NaN,
        "Amortization": NaN,
        "Amortization Of Intangibles Income Statement": NaN,
        "Research And Development": 9223000.0,
        "Selling General And Administration": 15366000.0,
        "Selling And Marketing Expense": 2616000.0,
        "General And Administrative Expense": 12750000.0,
        "Other Gand A": 12750000.0,
        "Gross Profit": 6226000.0,
        "Cost Of Revenue": 55359000.0,
        "Total Revenue": 61585000.0,
        "Operating Revenue": 61585000.0
    },
    "2022-09-30": {
        "Tax Effect Of Unusual Items": NaN,
        "Tax Rate For Calcs": NaN,
        "Normalized EBITDA": NaN,
        "Total Unusual Items": NaN,
        "Total Unusual Items Excluding Goodwill": NaN,
        "Net Income From Continuing Operation Net Minority Interest": NaN,
        "Reconciled Depreciation": NaN,
        "Reconciled Cost Of Revenue": NaN,
        "EBITDA": NaN,
        "EBIT": NaN,
        "Net Interest Income": NaN,
        "Interest Expense": NaN,
        "Interest Income": NaN,
        "Normalized Income": NaN,
        "Net Income From Continuing And Discontinued Operation": NaN,
        "Total Expenses": NaN,
        "Total Operating Income As Reported": NaN,
        "Diluted Average Shares": NaN,
        "Basic Average Shares": NaN,
        "Diluted EPS": NaN,
        "Basic EPS": NaN,
        "Diluted NI Availto Com Stockholders": NaN,
        "Net Income Common Stockholders": NaN,
        "Net Income": NaN,
        "Net Income Including Noncontrolling Interests": NaN,
        "Net Income Continuous Operations": NaN,
        "Tax Provision": 0.0,
        "Pretax Income": NaN,
        "Other Income Expense": NaN,
        "Other Non Operating Income Expenses": NaN,
        "Special Income Charges": NaN,
        "Gain On Sale Of Ppe": NaN,
        "Gain On Sale Of Security": NaN,
        "Net Non Operating Interest Income Expense": NaN,
        "Interest Expense Non Operating": NaN,
        "Interest Income Non Operating": NaN,
        "Operating Income": NaN,
        "Operating Expense": NaN,
        "Other Operating Expenses": NaN,
        "Depreciation Amortization Depletion Income Statement": 200000.0,
        "Depreciation And Amortization In Income Statement": 200000.0,
        "Amortization": 200000.0,
        "Amortization Of Intangibles Income Statement": 200000.0,
        "Research And Development": NaN,
        "Selling General And Administration": NaN,
        "Selling And Marketing Expense": NaN,
        "General And Administrative Expense": NaN,
        "Other Gand A": NaN,
        "Gross Profit": NaN,
        "Cost Of Revenue": NaN,
        "Total Revenue": NaN,
        "Operating Revenue": NaN
    },
    "2022-06-30": {
        "Tax Effect Of Unusual Items": 0.0,
        "Tax Rate For Calcs": 0.0,
        "Normalized EBITDA": -6869000.0,
        "Total Unusual Items": -292000.0,
        "Total Unusual Items Excluding Goodwill": -292000.0,
        "Net Income From Continuing Operation Net Minority Interest": -14456000.0,
        "Reconciled Depreciation": 5887000.0,
        "Reconciled Cost Of Revenue": 43671000.0,
        "EBITDA": -7161000.0,
        "EBIT": -13048000.0,
        "Net Interest Income": -1377000.0,
        "Interest Expense": 1408000.0,
        "Interest Income": 31000.0,
        "Normalized Income": -14164000.0,
        "Net Income From Continuing And Discontinued Operation": -14456000.0,
        "Total Expenses": 65114000.0,
        "Total Operating Income As Reported": -12899000.0,
        "Diluted Average Shares": 27612315.0,
        "Basic Average Shares": 27612315.0,
        "Diluted EPS": -0.52,
        "Basic EPS": -0.52,
        "Diluted NI Availto Com Stockholders": -14456000.0,
        "Net Income Common Stockholders": -14456000.0,
        "Net Income": -14456000.0,
        "Net Income Including Noncontrolling Interests": -14456000.0,
        "Net Income Continuous Operations": -14456000.0,
        "Tax Provision": NaN,
        "Pretax Income": -14456000.0,
        "Other Income Expense": -264000.0,
        "Other Non Operating Income Expenses": 28000.0,
        "Special Income Charges": -3000.0,
        "Gain On Sale Of Ppe": -3000.0,
        "Gain On Sale Of Security": -289000.0,
        "Net Non Operating Interest Income Expense": -1377000.0,
        "Interest Expense Non Operating": 1408000.0,
        "Interest Income Non Operating": 31000.0,
        "Operating Income": -12815000.0,
        "Operating Expense": 21443000.0,
        "Other Operating Expenses": -84000.0,
        "Research And Development": 8328000.0,
        "Selling General And Administration": 13199000.0,
        "Selling And Marketing Expense": 2164000.0,
        "General And Administrative Expense": 11035000.0,
        "Other Gand A": 11035000.0,
        "Gross Profit": 8628000.0,
        "Cost Of Revenue": 43671000.0,
        "Total Revenue": 52299000.0,
        "Operating Revenue": 52299000.0
    },
    "2022-03-31": {
        "Diluted EPS": -0.58,
        "Total Revenue": 52,
        "Gross Profit": 9,
        "Operating Income": -14,
        "EBIT": -8,
        "Net Income": -16
    },
    "2021-12-31": {
        "Diluted EPS": -0.53,
        "Total Revenue": 54,
        "Gross Profit": 8,
        "Operating Income": -14,
        "EBIT": -7,
        "Net Income": -15
    },
    "2021-09-30": {
        "Diluted EPS": -0.58,
        "Total Revenue": 53,
        "Gross Profit": 8,
        "Operating Income": -15,
        "EBIT": -9,
        "Net Income": -16
    },
    "2021-06-30": {
        "Diluted EPS": -0.31,
        "Total Revenue": 54,
        "Gross Profit": 11,
        "Operating Income": -14,
        "EBIT": -7,
        "Net Income": -8
    },
    "2021-03-31": {
        "Diluted EPS": -0.59,
        "Total Revenue": 50,
        "Gross Profit": 11,
        "Operating Income": -14,
        "EBIT": -7,
        "Net Income": -16
    },
    "2020-12-31": {
        "Diluted EPS": -0.53,
        "Total Revenue": 52,
        "Gross Profit": 11,
        "Operating Income": -13,
        "EBIT": -7,
        "Net Income": -13
    },
    "2020-09-30": {
        "Diluted EPS": -0.42,
        "Total Revenue": 77,
        "Gross Profit": 19,
        "Operating Income": -7,
        "EBIT": 0,
        "Net Income": -10
    },
    "2020-06-30": {
        "Diluted EPS": -0.89,
        "Total Revenue": 65,
        "Gross Profit": 14,
        "Operating Income": -11,
        "EBIT": -5,
        "Net Income": -19
    },
    "2020-03-31": {
        "Diluted EPS": -0.83,
        "Total Revenue": 40,
        "Gross Profit": 6,
        "Operating Income": -18,
        "EBIT": -12,
        "Net Income": -17
    },
    "2019-12-31": {
        "Diluted EPS": -1.77,
        "Total Revenue": 49,
        "Gross Profit": 11,
        "Operating Income": -12,
        "EBIT": -6,
        "Net Income": -35
    },
    "2019-09-30": {
        "Diluted EPS": -0.44,
        "Total Revenue": 46,
        "Gross Profit": 12,
        "Operating Income": -11,
        "EBIT": -5,
        "Net Income": -9
    },
    "2019-06-30": {
        "Diluted EPS": -0.57,
        "Total Revenue": 43,
        "Gross Profit": 11,
        "Operating Income": -14,
        "EBIT": -8,
        "Net Income": -11
    },
    "2019-03-31": {
        "Diluted EPS": -0.53,
        "Total Revenue": 53,
        "Gross Profit": 12,
        "Operating Income": -12,
        "EBIT": -6,
        "Net Income": -10
    },
    "2018-12-31": {
        "Diluted EPS": -0.43,
        "Total Revenue": 58,
        "Gross Profit": 11,
        "Operating Income": -12,
        "EBIT": -4,
        "Net Income": -9
    },
    "2018-09-30": {
        "Diluted EPS": -0.19,
        "Total Revenue": 56,
        "Gross Profit": 18,
        "Operating Income": -10,
        "EBIT": -2,
        "Net Income": -4
    },
    "2018-06-30": {
        "Diluted EPS": 0.4,
        "Total Revenue": 88,
        "Gross Profit": 34,
        "Operating Income": 9,
        "EBIT": 16,
        "Net Income": 8
    },
    "2018-03-31": {
        "Diluted EPS": 0.11,
        "Total Revenue": 65,
        "Gross Profit": 26,
        "Operating Income": 2,
        "EBIT": 9,
        "Net Income": 2
    },
    "2017-12-31": {
        "Diluted EPS": 0.29,
        "Total Revenue": 80,
        "Gross Profit": 32,
        "Operating Income": 10,
        "EBIT": 16,
        "Net Income": 6
    },
    "2017-09-30": {
        "Diluted EPS": 0.95,
        "Total Revenue": 89,
        "Gross Profit": 39,
        "Operating Income": 18,
        "EBIT": 23,
        "Net Income": 19
    },
    "2017-06-30": {
        "Diluted EPS": 1.43,
        "Total Revenue": 117,
        "Gross Profit": 53,
        "Operating Income": 34,
        "EBIT": 39,
        "Net Income": 29
    },
    "2017-03-31": {
        "Diluted EPS": 1.0,
        "Total Revenue": 96,
        "Gross Profit": 41,
        "Operating Income": 24,
        "EBIT": 29,
        "Net Income": 20
    },
    "2016-12-31": {
        "Diluted EPS": 0.84,
        "Total Revenue": 85,
        "Gross Profit": 32,
        "Operating Income": 16,
        "EBIT": 20,
        "Net Income": 14
    },
    "2016-09-30": {
        "Diluted EPS": 0.97,
        "Total Revenue": 70,
        "Gross Profit": 23,
        "Operating Income": 7,
        "EBIT": 10,
        "Net Income": 18
    },
    "2016-06-30": {
        "Diluted EPS": 0.03,
        "Total Revenue": 55,
        "Gross Profit": 17,
        "Operating Income": 2,
        "EBIT": 5,
        "Net Income": 1
    },
    "2016-03-31": {
        "Diluted EPS": -0.08,
        "Total Revenue": 50,
        "Gross Profit": 14,
        "Operating Income": -2,
        "EBIT": 1,
        "Net Income": -1
    },
    "2015-12-31": {
        "Diluted EPS": 0.16,
        "Total Revenue": 53,
        "Gross Profit": 16,
        "Operating Income": 3,
        "EBIT": 5,
        "Net Income": 3
    },
    "2015-09-30": {
        "Diluted EPS": 0.16,
        "Total Revenue": 57,
        "Gross Profit": 18,
        "Operating Income": 6,
        "EBIT": 9,
        "Net Income": 3
    },
    "2015-06-30": {
        "Diluted EPS": 0.38,
        "Total Revenue": 50,
        "Gross Profit": 17,
        "Operating Income": 6,
        "EBIT": 8,
        "Net Income": 6
    },
    "2015-03-31": {
        "Diluted EPS": -0.05,
        "Total Revenue": 30,
        "Gross Profit": 10,
        "Operating Income": -1,
        "EBIT": 1,
        "Net Income": -1
    },
    "2014-12-31": {
        "Diluted EPS": 0.05,
        "Total Revenue": 36,
        "Gross Profit": 12,
        "Operating Income": 1,
        "EBIT": 3,
        "Net Income": 1
    },
    "2014-09-30": {
        "Diluted EPS": 0.1,
        "Total Revenue": 37,
        "Gross Profit": 12,
        "Operating Income": 2,
        "EBIT": 4,
        "Net Income": 2
    },
    "2014-06-30": {
        "Diluted EPS": 0.12,
        "Total Revenue": 33,
        "Gross Profit": 11,
        "Operating Income": 2,
        "EBIT": 3,
        "Net Income": 2
    },
    "2014-03-31": {
        "Diluted EPS": 0.01,
        "Total Revenue": 25,
        "Gross Profit": 9,
        "Operating Income": 0,
        "EBIT": 1,
        "Net Income": 0
    },
    "2013-12-31": {
        "Diluted EPS": 4.6,
        "Total Revenue": 24,
        "Gross Profit": 7,
        "Operating Income": 0,
        "EBIT": 1,
        "Net Income": -1
    },
    "2013-09-30": {
        "Diluted EPS": 0.04,
        "Total Revenue": 21,
        "Gross Profit": 6,
        "Operating Income": 1,
        "EBIT": 2,
        "Net Income": 0
    },
    "2013-06-30": {
        "Diluted EPS": -1.04,
        "Total Revenue": 20,
        "Gross Profit": 5,
        "Operating Income": 0,
        "EBIT": 1,
        "Net Income": 0
    },
    "2013-03-31": {
        "Diluted EPS": -3.74,
        "Total Revenue": 14,
        "Gross Profit": 5,
        "Operating Income": -1,
        "EBIT": 0,
        "Net Income": -1
    },
    "2012-12-31": {
        "Diluted EPS": 0.0,
        "Total Revenue": NaN,
        "Gross Profit": NaN,
        "Operating Income": NaN,
        "EBIT": NaN,
        "Net Income": NaN
    },
    "2012-09-30": {
        "Diluted EPS": -1.43,
        "Total Revenue": 16,
        "Gross Profit": 5,
        "Operating Income": 0,
        "EBIT": 0,
        "Net Income": 0
    },
    "2011-12-31": {
        "Diluted EPS": 0.0,
        "Total Revenue": NaN,
        "Gross Profit": NaN,
        "Operating Income": NaN,
        "EBIT": NaN,
        "Net Income": NaN
    },
    "2010-12-31": {
        "Diluted EPS": 0.0,
        "Total Revenue": NaN,
        "Gross Profit": NaN,
        "Operating Income": NaN,
        "EBIT": NaN,
        "Net Income": NaN
    },
    "2023-06-30": {
        "Tax Effect Of Unusual Items": 0.0,
        "Tax Rate For Calcs": 0.0,
        "Normalized EBITDA": -9977000.0,
        "Total Unusual Items": 409000.0,
        "Total Unusual Items Excluding Goodwill": 409000.0,
        "Net Income From Continuing Operation Net Minority Interest": -16944000.0,
        "Reconciled Depreciation": 5193000.0,
        "Reconciled Cost Of Revenue": 33717000.0,
        "EBITDA": -9568000.0,
        "EBIT": -14761000.0,
        "Net Interest Income": -2138000.0,
        "Interest Expense": 2175000.0,
        "Interest Income": 37000.0,
        "Normalized Income": -17353000.0,
        "Net Income From Continuing And Discontinued Operation": -16944000.0,
        "Total Expenses": 56865000.0,
        "Total Operating Income As Reported": -15965000.0,
        "Diluted Average Shares": 29488561.0,
        "Basic Average Shares": 29488561.0,
        "Diluted EPS": -0.57,
        "Basic EPS": -0.57,
        "Diluted NI Availto Com Stockholders": -16944000.0,
        "Net Income Common Stockholders": -16944000.0,
        "Net Income": -16944000.0,
        "Net Income Including Noncontrolling Interests": -16944000.0,
        "Net Income Continuous Operations": -16944000.0,
        "Tax Provision": 8000.0,
        "Pretax Income": -16936000.0,
        "Other Income Expense": 452000.0,
        "Other Non Operating Income Expenses": 43000.0,
        "Special Income Charges": -4000.0,
        "Gain On Sale Of Ppe": -4000.0,
        "Gain On Sale Of Security": 413000.0,
        "Net Non Operating Interest Income Expense": -2138000.0,
        "Interest Expense Non Operating": 2175000.0,
        "Interest Income Non Operating": 37000.0,
        "Operating Income": -15250000.0,
        "Operating Expense": 23148000.0,
        "Other Operating Expenses": -715000.0,
        "Depreciation Amortization Depletion Income Statement": NaN,
        "Depreciation And Amortization In Income Statement": NaN,
        "Amortization": NaN,
        "Amortization Of Intangibles Income Statement": NaN,
        "Research And Development": 8640000.0,
        "Selling General And Administration": 15223000.0,
        "Selling And Marketing Expense": 2269000.0,
        "General And Administrative Expense": 12954000.0,
        "Other Gand A": 12954000.0,
        "Gross Profit": 7898000.0,
        "Cost Of Revenue": 33717000.0,
        "Total Revenue": 41615000.0,
        "Operating Revenue": 41200000.0
    },
    "2023-09-30": {
        "Tax Effect Of Unusual Items": 0.0,
        "Tax Rate For Calcs": 0.0,
        "Normalized EBITDA": -1557000.0,
        "Total Unusual Items": -430000.0,
        "Total Unusual Items Excluding Goodwill": -430000.0,
        "Net Income From Continuing Operation Net Minority Interest": -8953000.0,
        "Reconciled Depreciation": 4977000.0,
        "Reconciled Cost Of Revenue": 37596000.0,
        "EBITDA": -1987000.0,
        "EBIT": -6964000.0,
        "Net Interest Income": -1924000.0,
        "Interest Expense": 1989000.0,
        "Interest Income": 65000.0,
        "Normalized Income": -8523000.0,
        "Net Income From Continuing And Discontinued Operation": -8953000.0,
        "Total Expenses": 69156000.0,
        "Total Operating Income As Reported": -6686000.0,
        "Diluted Average Shares": 32774000.0,
        "Basic Average Shares": 32774000.0,
        "Diluted EPS": -0.27,
        "Basic EPS": -0.27,
        "Diluted NI Availto Com Stockholders": -8953000.0,
        "Net Income Common Stockholders": -8953000.0,
        "Net Income": -8953000.0,
        "Net Income Including Noncontrolling Interests": -8953000.0,
        "Net Income Continuous Operations": -8953000.0,
        "Tax Provision": 0.0,
        "Pretax Income": -8953000.0,
        "Other Income Expense": -420000.0,
        "Other Non Operating Income Expenses": 10000.0,
        "Special Income Charges": 5000.0,
        "Gain On Sale Of Ppe": 5000.0,
        "Gain On Sale Of Security": -435000.0,
        "Net Non Operating Interest Income Expense": -1924000.0,
        "Interest Expense Non Operating": 1989000.0,
        "Interest Income Non Operating": 65000.0,
        "Operating Income": -6609000.0,
        "Operating Expense": 26783000.0,
        "Other Operating Expenses": -77000.0,
        "Depreciation Amortization Depletion Income Statement": 200000.0,
        "Depreciation And Amortization In Income Statement": 200000.0,
        "Amortization": 200000.0,
        "Amortization Of Intangibles Income Statement": 200000.0,
        "Research And Development": 9457000.0,
        "Selling General And Administration": 17203000.0,
        "Selling And Marketing Expense": 3035000.0,
        "General And Administrative Expense": 14168000.0,
        "Other Gand A": 14168000.0,
        "Gross Profit": 20174000.0,
        "Cost Of Revenue": 42373000.0,
        "Total Revenue": 62547000.0,
        "Operating Revenue": 62149000.0
    },
    "2023-12-31": {
        "Tax Effect Of Unusual Items": 193410.0,
        "Tax Rate For Calcs": 0.21,
        "Normalized EBITDA": -6723000.0,
        "Total Unusual Items": 921000.0,
        "Total Unusual Items Excluding Goodwill": 921000.0,
        "Net Income From Continuing Operation Net Minority Interest": -13858000.0,
        "Reconciled Depreciation": 4928000.0,
        "Reconciled Cost Of Revenue": 38849000.0,
        "EBITDA": -5802000.0,
        "EBIT": -10730000.0,
        "Net Interest Income": -2651000.0,
        "Interest Expense": 3127000.0,
        "Interest Income": 476000.0,
        "Normalized Income": -14585590.0,
        "Net Income From Continuing And Discontinued Operation": -13858000.0,
        "Total Expenses": 64958000.0,
        "Total Operating Income As Reported": -4532000.0,
        "Diluted Average Shares": 36549000.0,
        "Basic Average Shares": 36549000.0,
        "Diluted EPS": -0.38,
        "Basic EPS": -0.38,
        "Diluted NI Availto Com Stockholders": -13858000.0,
        "Net Income Common Stockholders": -13858000.0,
        "Net Income": -13858000.0,
        "Net Income Including Noncontrolling Interests": -13858000.0,
        "Net Income Continuous Operations": -13858000.0,
        "Tax Provision": 1000.0,
        "Pretax Income": -13857000.0,
        "Other Income Expense": -6701000.0,
        "Other Non Operating Income Expenses": -7622000.0,
        "Special Income Charges": -49000.0,
        "Gain On Sale Of Ppe": -49000.0,
        "Gain On Sale Of Security": 970000.0,
        "Net Non Operating Interest Income Expense": -2651000.0,
        "Interest Expense Non Operating": 3127000.0,
        "Interest Income Non Operating": 476000.0,
        "Operating Income": -4505000.0,
        "Operating Expense": 26109000.0,
        "Other Operating Expenses": -27000.0,
        "Depreciation Amortization Depletion Income Statement": NaN,
        "Depreciation And Amortization In Income Statement": NaN,
        "Amortization": NaN,
        "Amortization Of Intangibles Income Statement": NaN,
        "Research And Development": 9342000.0,
        "Selling General And Administration": 17294000.0,
        "Selling And Marketing Expense": 3438000.0,
        "General And Administrative Expense": 13856000.0,
        "Other Gand A": 13856000.0,
        "Gross Profit": 21604000.0,
        "Cost Of Revenue": 38849000.0,
        "Total Revenue": 60453000.0,
        "Operating Revenue": 62454000.0
    },
    "2024-03-31": {
        "Tax Effect Of Unusual Items": 0.0,
        "Tax Rate For Calcs": 0.0,
        "Normalized EBITDA": -16258000.0,
        "Total Unusual Items": -241000.0,
        "Total Unusual Items Excluding Goodwill": -241000.0,
        "Net Income From Continuing Operation Net Minority Interest": -23170000.0,
        "Reconciled Depreciation": 4995000.0,
        "Reconciled Cost Of Revenue": 33082000.0,
        "EBITDA": -16499000.0,
        "EBIT": -21494000.0,
        "Net Interest Income": -1416000.0,
        "Interest Expense": 1676000.0,
        "Interest Income": 260000.0,
        "Normalized Income": -22929000.0,
        "Net Income From Continuing And Discontinued Operation": -23170000.0,
        "Total Expenses": 62271000.0,
        "Total Operating Income As Reported": -21646000.0,
        "Diluted Average Shares": 38362118.0,
        "Basic Average Shares": 38362118.0,
        "Diluted EPS": -0.6,
        "Basic EPS": -0.6,
        "Diluted NI Availto Com Stockholders": -23170000.0,
        "Net Income Common Stockholders": -23170000.0,
        "Net Income": -23170000.0,
        "Net Income Including Noncontrolling Interests": -23170000.0,
        "Net Income Continuous Operations": -23170000.0,
        "Tax Provision": 0.0,
        "Pretax Income": -23170000.0,
        "Other Income Expense": -156000.0,
        "Other Non Operating Income Expenses": 85000.0,
        "Special Income Charges": -1000.0,
        "Gain On Sale Of Ppe": -1000.0,
        "Gain On Sale Of Security": -240000.0,
        "Net Non Operating Interest Income Expense": -1416000.0,
        "Interest Expense Non Operating": 1676000.0,
        "Interest Income Non Operating": 260000.0,
        "Operating Income": -21598000.0,
        "Operating Expense": 29189000.0,
        "Other Operating Expenses": -48000.0,
        "Depreciation Amortization Depletion Income Statement": NaN,
        "Depreciation And Amortization In Income Statement": NaN,
        "Amortization": NaN,
        "Amortization Of Intangibles Income Statement": NaN,
        "Research And Development": 11712000.0,
        "Selling General And Administration": 17525000.0,
        "Selling And Marketing Expense": 3798000.0,
        "General And Administrative Expense": 13727000.0,
        "Other Gand A": 13727000.0,
        "Gross Profit": 7591000.0,
        "Cost Of Revenue": 33082000.0,
        "Total Revenue": 40673000.0,
        "Operating Revenue": 40673000.0
    },
    "2024-06-30": {
        "Tax Effect Of Unusual Items": 0.0,
        "Tax Rate For Calcs": 0.0,
        "Normalized EBITDA": -19635000.0,
        "Total Unusual Items": 280000.0,
        "Total Unusual Items Excluding Goodwill": 280000.0,
        "Net Income From Continuing Operation Net Minority Interest": -26115000.0,
        "Reconciled Depreciation": 5067000.0,
        "Reconciled Cost Of Revenue": 33708000.0,
        "EBITDA": -19355000.0,
        "EBIT": -24422000.0,
        "Net Interest Income": -1600000.0,
        "Interest Expense": 1693000.0,
        "Interest Income": 93000.0,
        "Normalized Income": -26395000.0,
        "Net Income From Continuing And Discontinued Operation": -26115000.0,
        "Total Expenses": 69235000.0,
        "Total Operating Income As Reported": -26244000.0,
        "Diluted Average Shares": 39364720.0,
        "Basic Average Shares": 39364720.0,
        "Diluted EPS": -0.66,
        "Basic EPS": -0.66,
        "Diluted NI Availto Com Stockholders": -26115000.0,
        "Net Income Common Stockholders": -26115000.0,
        "Net Income": -26115000.0,
        "Net Income Including Noncontrolling Interests": -26115000.0,
        "Net Income Continuous Operations": -26115000.0,
        "Tax Provision": 0.0,
        "Pretax Income": -26115000.0,
        "Other Income Expense": 1450000.0,
        "Other Non Operating Income Expenses": 1170000.0,
        "Special Income Charges": -4000.0,
        "Gain On Sale Of Ppe": -4000.0,
        "Gain On Sale Of Security": 284000.0,
        "Net Non Operating Interest Income Expense": -1600000.0,
        "Interest Expense Non Operating": 1693000.0,
        "Interest Income Non Operating": 93000.0,
        "Operating Income": -25965000.0,
        "Operating Expense": 35527000.0,
        "Other Operating Expenses": -279000.0,
        "Depreciation Amortization Depletion Income Statement": NaN,
        "Depreciation And Amortization In Income Statement": NaN,
        "Amortization": NaN,
        "Amortization Of Intangibles Income Statement": NaN,
        "Research And Development": 13078000.0,
        "Selling General And Administration": 22728000.0,
        "Selling And Marketing Expense": 5910000.0,
        "General And Administrative Expense": 16818000.0,
        "Other Gand A": 16818000.0,
        "Gross Profit": 9562000.0,
        "Cost Of Revenue": 33708000.0,
        "Total Revenue": 43270000.0,
        "Operating Revenue": 42549000.0
    }
}