{
    "2023-06-30": {
        "Tax Effect Of Unusual Items": 0.0,
        "Tax Rate For Calcs": 0.245,
        "Total Unusual Items": 0.0,
        "Total Unusual Items Excluding Goodwill": 0.0,
        "Net Income From Continuing Operation Net Minority Interest": 62635000.0,
        "Reconciled Depreciation": 12249000.0,
        "Net Interest Income": 209540000.0,
        "Interest Expense": 112412000.0,
        "Interest Income": 321952000.0,
        "Normalized Income": 62635000.0,
        "Net Income From Continuing And Discontinued Operation": 62635000.0,
        "Diluted NI Availto Com Stockholders": 62635000.0,
        "Net Income Common Stockholders": 62635000.0,
        "Net Income": 62635000.0,
        "Net Income Including Noncontrolling Interests": 62635000.0,
        "Net Income Continuous Operations": 62635000.0,
        "Tax Provision": 20335000.0,
        "Pretax Income": 82970000.0,
        "Special Income Charges": 0.0,
        "Restructuring And Mergern Acquisition": 0.0,
        "Gain On Sale Of Security": -6000.0,
        "Depreciation Amortization Depletion Income Statement": 4688000.0,
        "Depreciation And Amortization In Income Statement": 4688000.0,
        "Amortization": 4688000.0,
        "Amortization Of Intangibles Income Statement": 4688000.0,
        "Selling General And Administration": 83963000.0,
        "Selling And Marketing Expense": 2627000.0,
        "General And Administrative Expense": 81336000.0,
        "Salaries And Wages": 81336000.0,
        "Total Revenue": 267270000.0,
        "Operating Revenue": 267270000.0
    },
    "2023-03-31": {
        "Tax Effect Of Unusual Items": 0.0,
        "Tax Rate For Calcs": 0.231,
        "Total Unusual Items": 0.0,
        "Total Unusual Items Excluding Goodwill": 0.0,
        "Net Income From Continuing Operation Net Minority Interest": 60421000.0,
        "Reconciled Depreciation": 12226000.0,
        "Net Interest Income": 211652000.0,
        "Interest Expense": 84064000.0,
        "Interest Income": 295716000.0,
        "Normalized Income": 60421000.0,
        "Net Income From Continuing And Discontinued Operation": 60421000.0,
        "Diluted NI Availto Com Stockholders": 60421000.0,
        "Net Income Common Stockholders": 60421000.0,
        "Net Income": 60421000.0,
        "Net Income Including Noncontrolling Interests": 60421000.0,
        "Net Income Continuous Operations": 60421000.0,
        "Tax Provision": 18131000.0,
        "Pretax Income": 78552000.0,
        "Special Income Charges": 0.0,
        "Restructuring And Mergern Acquisition": 0.0,
        "Gain On Sale Of Security": 6000.0,
        "Depreciation Amortization Depletion Income Statement": 4706000.0,
        "Depreciation And Amortization In Income Statement": 4706000.0,
        "Amortization": 4706000.0,
        "Amortization Of Intangibles Income Statement": 4706000.0,
        "Selling General And Administration": 84442000.0,
        "Selling And Marketing Expense": 3532000.0,
        "General And Administrative Expense": 80910000.0,
        "Salaries And Wages": 80910000.0,
        "Total Revenue": 258936000.0,
        "Operating Revenue": 258936000.0
    },
    "2022-12-31": {
        "Tax Effect Of Unusual Items": -50161.239405,
        "Tax Rate For Calcs": 0.213452,
        "Total Unusual Items": -235000.0,
        "Total Unusual Items Excluding Goodwill": -235000.0,
        "Net Income From Continuing Operation Net Minority Interest": 82221000.0,
        "Reconciled Depreciation": 13173000.0,
        "Net Interest Income": 224137000.0,
        "Interest Expense": 49505000.0,
        "Interest Income": 273642000.0,
        "Normalized Income": 82405838.760595,
        "Net Income From Continuing And Discontinued Operation": 82221000.0,
        "Diluted NI Availto Com Stockholders": 82221000.0,
        "Net Income Common Stockholders": 82221000.0,
        "Net Income": 82221000.0,
        "Net Income Including Noncontrolling Interests": 82221000.0,
        "Net Income Continuous Operations": 82221000.0,
        "Tax Provision": 22313000.0,
        "Pretax Income": 104534000.0,
        "Special Income Charges": -235000.0,
        "Restructuring And Mergern Acquisition": 235000.0,
        "Gain On Sale Of Security": 3000.0,
        "Depreciation Amortization Depletion Income Statement": 4709000.0,
        "Depreciation And Amortization In Income Statement": 4709000.0,
        "Amortization": 4709000.0,
        "Amortization Of Intangibles Income Statement": 4709000.0,
        "Selling General And Administration": 87077000.0,
        "Selling And Marketing Expense": 3818000.0,
        "General And Administrative Expense": 83259000.0,
        "Salaries And Wages": 75196000.0,
        "Total Revenue": 263730000.0,
        "Operating Revenue": 263730000.0
    },
    "2022-09-30": {
        "Tax Effect Of Unusual Items": 0.0,
        "Tax Rate For Calcs": 0.236,
        "Total Unusual Items": 0.0,
        "Total Unusual Items Excluding Goodwill": 0.0,
        "Net Income From Continuing Operation Net Minority Interest": 92555000.0,
        "Reconciled Depreciation": 4710000.0,
        "Net Interest Income": 212981000.0,
        "Interest Expense": 21321000.0,
        "Interest Income": 234302000.0,
        "Normalized Income": 92555000.0,
        "Net Income From Continuing And Discontinued Operation": 92555000.0,
        "Diluted Average Shares": 69327000.0,
        "Basic Average Shares": 69125000.0,
        "Diluted EPS": 1.34,
        "Basic EPS": 1.34,
        "Diluted NI Availto Com Stockholders": 92555000.0,
        "Net Income Common Stockholders": 92555000.0,
        "Net Income": 92555000.0,
        "Net Income Including Noncontrolling Interests": 92555000.0,
        "Net Income Continuous Operations": 92555000.0,
        "Tax Provision": 28520000.0,
        "Pretax Income": 121075000.0,
        "Special Income Charges": 0.0,
        "Restructuring And Mergern Acquisition": 0.0,
        "Gain On Sale Of Security": -21000.0,
        "Depreciation Amortization Depletion Income Statement": 4710000.0,
        "Depreciation And Amortization In Income Statement": 4710000.0,
        "Amortization": 4710000.0,
        "Amortization Of Intangibles Income Statement": 4710000.0,
        "Selling General And Administration": 82250000.0,
        "Selling And Marketing Expense": 3553000.0,
        "General And Administrative Expense": 78697000.0,
        "Other Gand A": 12015000.0,
        "Salaries And Wages": 78697000.0,
        "Total Revenue": 278179000.0,
        "Operating Revenue": 278179000.0
    },
    "2022-06-30": {
        "Tax Effect Of Unusual Items": 0.0,
        "Tax Rate For Calcs": 0.237,
        "Total Unusual Items": 0.0,
        "Total Unusual Items Excluding Goodwill": 0.0,
        "Net Income From Continuing Operation Net Minority Interest": 90066000.0,
        "Reconciled Depreciation": 5144000.0,
        "Net Interest Income": 191364000.0,
        "Interest Expense": 11204000.0,
        "Interest Income": 202568000.0,
        "Normalized Income": 90066000.0,
        "Net Income From Continuing And Discontinued Operation": 90066000.0,
        "Diluted Average Shares": 69316000.0,
        "Basic Average Shares": 69136000.0,
        "Diluted EPS": 1.3,
        "Basic EPS": 1.3,
        "Diluted NI Availto Com Stockholders": 90066000.0,
        "Net Income Common Stockholders": 90066000.0,
        "Net Income": 90066000.0,
        "Net Income Including Noncontrolling Interests": 90066000.0,
        "Net Income Continuous Operations": 90066000.0,
        "Tax Provision": 28019000.0,
        "Pretax Income": 118085000.0,
        "Special Income Charges": 0.0,
        "Restructuring And Mergern Acquisition": 0.0,
        "Gain On Sale Of Security": 248000.0,
        "Depreciation Amortization Depletion Income Statement": 5144000.0,
        "Depreciation And Amortization In Income Statement": 5144000.0,
        "Amortization": 5144000.0,
        "Amortization Of Intangibles Income Statement": 5144000.0,
        "Selling General And Administration": 84667000.0,
        "Selling And Marketing Expense": 3122000.0,
        "General And Administrative Expense": 81545000.0,
        "Other Gand A": 12155000.0,
        "Salaries And Wages": 81545000.0,
        "Total Revenue": 274709000.0,
        "Operating Revenue": 274709000.0
    },
    "2022-03-31": {
        "Diluted EPS": 1.17,
        "Total Revenue": 270,
        "Gross Profit": 259,
        "Operating Income": 109,
        "EBIT": NaN,
        "Net Income": 82
    },
    "2021-12-31": {
        "Diluted EPS": 1.17,
        "Total Revenue": 260,
        "Gross Profit": 249,
        "Operating Income": 113,
        "EBIT": NaN,
        "Net Income": 82
    },
    "2021-09-30": {
        "Diluted EPS": 1.17,
        "Total Revenue": 250,
        "Gross Profit": 238,
        "Operating Income": 111,
        "EBIT": NaN,
        "Net Income": 82
    },
    "2021-06-30": {
        "Diluted EPS": 1.27,
        "Total Revenue": 263,
        "Gross Profit": 251,
        "Operating Income": 115,
        "EBIT": NaN,
        "Net Income": 88
    },
    "2021-03-31": {
        "Diluted EPS": 1.79,
        "Total Revenue": 296,
        "Gross Profit": 283,
        "Operating Income": 163,
        "EBIT": NaN,
        "Net Income": 125
    },
    "2020-12-31": {
        "Diluted EPS": 1.35,
        "Total Revenue": 291,
        "Gross Profit": 276,
        "Operating Income": 140,
        "EBIT": NaN,
        "Net Income": 94
    },
    "2020-09-30": {
        "Diluted EPS": 1.67,
        "Total Revenue": 339,
        "Gross Profit": 322,
        "Operating Income": 150,
        "EBIT": NaN,
        "Net Income": 116
    },
    "2020-06-30": {
        "Diluted EPS": 0.47,
        "Total Revenue": 306,
        "Gross Profit": 285,
        "Operating Income": 41,
        "EBIT": NaN,
        "Net Income": 32
    },
    "2020-03-31": {
        "Diluted EPS": 0.28,
        "Total Revenue": 237,
        "Gross Profit": 202,
        "Operating Income": 23,
        "EBIT": NaN,
        "Net Income": 19
    },
    "2019-12-31": {
        "Diluted EPS": 0.78,
        "Total Revenue": 249,
        "Gross Profit": 210,
        "Operating Income": 84,
        "EBIT": NaN,
        "Net Income": 61
    },
    "2019-09-30": {
        "Diluted EPS": 0.31,
        "Total Revenue": 265,
        "Gross Profit": 226,
        "Operating Income": 27,
        "EBIT": NaN,
        "Net Income": 21
    },
    "2019-06-30": {
        "Diluted EPS": 0.82,
        "Total Revenue": 164,
        "Gross Profit": 137,
        "Operating Income": 51,
        "EBIT": NaN,
        "Net Income": 39
    },
    "2019-03-31": {
        "Diluted EPS": 0.84,
        "Total Revenue": 156,
        "Gross Profit": 130,
        "Operating Income": 51,
        "EBIT": NaN,
        "Net Income": 40
    },
    "2018-12-31": {
        "Diluted EPS": 0.99,
        "Total Revenue": 153,
        "Gross Profit": 130,
        "Operating Income": 54,
        "EBIT": NaN,
        "Net Income": 44
    },
    "2018-09-30": {
        "Diluted EPS": 0.87,
        "Total Revenue": 151,
        "Gross Profit": 129,
        "Operating Income": 55,
        "EBIT": NaN,
        "Net Income": 41
    },
    "2018-06-30": {
        "Diluted EPS": 0.24,
        "Total Revenue": 121,
        "Gross Profit": 107,
        "Operating Income": 12,
        "EBIT": NaN,
        "Net Income": 9
    },
    "2018-03-31": {
        "Diluted EPS": 0.7,
        "Total Revenue": 106,
        "Gross Profit": 95,
        "Operating Income": 34,
        "EBIT": NaN,
        "Net Income": 27
    },
    "2017-12-31": {
        "Diluted EPS": 0.23,
        "Total Revenue": 103,
        "Gross Profit": 93,
        "Operating Income": 34,
        "EBIT": NaN,
        "Net Income": 9
    },
    "2017-09-30": {
        "Diluted EPS": 0.54,
        "Total Revenue": 103,
        "Gross Profit": 94,
        "Operating Income": 28,
        "EBIT": NaN,
        "Net Income": 20
    },
    "2017-06-30": {
        "Diluted EPS": 0.62,
        "Total Revenue": 100,
        "Gross Profit": 91,
        "Operating Income": 33,
        "EBIT": NaN,
        "Net Income": 23
    },
    "2017-03-31": {
        "Diluted EPS": 0.59,
        "Total Revenue": 93,
        "Gross Profit": 86,
        "Operating Income": 31,
        "EBIT": NaN,
        "Net Income": 21
    },
    "2016-12-31": {
        "Diluted EPS": 0.53,
        "Total Revenue": 87,
        "Gross Profit": 82,
        "Operating Income": 29,
        "EBIT": NaN,
        "Net Income": 18
    },
    "2016-09-30": {
        "Diluted EPS": 0.61,
        "Total Revenue": 91,
        "Gross Profit": 86,
        "Operating Income": 32,
        "EBIT": NaN,
        "Net Income": 22
    },
    "2016-06-30": {
        "Diluted EPS": 0.57,
        "Total Revenue": 88,
        "Gross Profit": 83,
        "Operating Income": 30,
        "EBIT": NaN,
        "Net Income": 20
    },
    "2016-03-31": {
        "Diluted EPS": 0.37,
        "Total Revenue": 79,
        "Gross Profit": 75,
        "Operating Income": 18,
        "EBIT": NaN,
        "Net Income": 12
    },
    "2015-12-31": {
        "Diluted EPS": 0.43,
        "Total Revenue": 75,
        "Gross Profit": 71,
        "Operating Income": 21,
        "EBIT": NaN,
        "Net Income": 14
    },
    "2015-09-30": {
        "Diluted EPS": 0.48,
        "Total Revenue": 76,
        "Gross Profit": 72,
        "Operating Income": 23,
        "EBIT": NaN,
        "Net Income": 16
    },
    "2015-06-30": {
        "Diluted EPS": 0.04,
        "Total Revenue": 65,
        "Gross Profit": 61,
        "Operating Income": 2,
        "EBIT": NaN,
        "Net Income": 1
    },
    "2015-03-31": {
        "Diluted EPS": 0.32,
        "Total Revenue": 60,
        "Gross Profit": 56,
        "Operating Income": 15,
        "EBIT": NaN,
        "Net Income": 10
    },
    "2014-12-31": {
        "Diluted EPS": 0.39,
        "Total Revenue": 61,
        "Gross Profit": 57,
        "Operating Income": 18,
        "EBIT": NaN,
        "Net Income": 11
    },
    "2014-09-30": {
        "Diluted EPS": 0.43,
        "Total Revenue": 61,
        "Gross Profit": 57,
        "Operating Income": 17,
        "EBIT": NaN,
        "Net Income": 12
    },
    "2014-06-30": {
        "Diluted EPS": 0.32,
        "Total Revenue": 54,
        "Gross Profit": 51,
        "Operating Income": 12,
        "EBIT": NaN,
        "Net Income": 8
    },
    "2014-03-31": {
        "Diluted EPS": 0.32,
        "Total Revenue": 51,
        "Gross Profit": 47,
        "Operating Income": 12,
        "EBIT": NaN,
        "Net Income": 8
    },
    "2013-12-31": {
        "Diluted EPS": 0.03,
        "Total Revenue": 43,
        "Gross Profit": 41,
        "Operating Income": 4,
        "EBIT": NaN,
        "Net Income": 1
    },
    "2013-09-30": {
        "Diluted EPS": 0.26,
        "Total Revenue": 44,
        "Gross Profit": 42,
        "Operating Income": 10,
        "EBIT": NaN,
        "Net Income": 6
    },
    "2013-06-30": {
        "Diluted EPS": 0.26,
        "Total Revenue": 43,
        "Gross Profit": 41,
        "Operating Income": 10,
        "EBIT": NaN,
        "Net Income": 6
    },
    "2013-03-31": {
        "Diluted EPS": 0.2,
        "Total Revenue": 42,
        "Gross Profit": 40,
        "Operating Income": 8,
        "EBIT": NaN,
        "Net Income": 5
    },
    "2012-12-31": {
        "Diluted EPS": 0.16,
        "Total Revenue": 44,
        "Gross Profit": 41,
        "Operating Income": 7,
        "EBIT": NaN,
        "Net Income": 4
    },
    "2012-09-30": {
        "Diluted EPS": 0.04,
        "Total Revenue": 41,
        "Gross Profit": 38,
        "Operating Income": 3,
        "EBIT": NaN,
        "Net Income": 1
    },
    "2012-06-30": {
        "Diluted EPS": 0.07,
        "Total Revenue": 42,
        "Gross Profit": 38,
        "Operating Income": 4,
        "EBIT": NaN,
        "Net Income": 2
    },
    "2012-03-31": {
        "Diluted EPS": 0.19,
        "Total Revenue": 60,
        "Gross Profit": 55,
        "Operating Income": 8,
        "EBIT": NaN,
        "Net Income": 5
    },
    "2011-12-31": {
        "Diluted EPS": 0.02,
        "Total Revenue": 45,
        "Gross Profit": 40,
        "Operating Income": 2,
        "EBIT": NaN,
        "Net Income": 0
    },
    "2011-09-30": {
        "Diluted EPS": 0.66,
        "Total Revenue": 69,
        "Gross Profit": 62,
        "Operating Income": 25,
        "EBIT": NaN,
        "Net Income": 16
    },
    "2011-06-30": {
        "Diluted EPS": 0.06,
        "Total Revenue": 42,
        "Gross Profit": 35,
        "Operating Income": 3,
        "EBIT": NaN,
        "Net Income": 1
    },
    "2011-03-31": {
        "Diluted EPS": 0.02,
        "Total Revenue": 38,
        "Gross Profit": 30,
        "Operating Income": 2,
        "EBIT": NaN,
        "Net Income": 1
    },
    "2010-12-31": {
        "Diluted EPS": 0.09,
        "Total Revenue": 43,
        "Gross Profit": 35,
        "Operating Income": 2,
        "EBIT": NaN,
        "Net Income": 1
    },
    "2010-09-30": {
        "Diluted EPS": -0.07,
        "Total Revenue": 34,
        "Gross Profit": 27,
        "Operating Income": -2,
        "EBIT": NaN,
        "Net Income": -2
    },
    "2010-06-30": {
        "Diluted EPS": -0.2,
        "Total Revenue": 44,
        "Gross Profit": 37,
        "Operating Income": -5,
        "EBIT": NaN,
        "Net Income": -4
    },
    "2010-03-31": {
        "Diluted EPS": -0.17,
        "Total Revenue": 33,
        "Gross Profit": 25,
        "Operating Income": -2,
        "EBIT": NaN,
        "Net Income": -2
    },
    "2009-12-31": {
        "Diluted EPS": -2.85,
        "Total Revenue": 72,
        "Gross Profit": 63,
        "Operating Income": -29,
        "EBIT": NaN,
        "Net Income": -39
    },
    "2009-09-30": {
        "Diluted EPS": -0.07,
        "Total Revenue": 33,
        "Gross Profit": 23,
        "Operating Income": 0,
        "EBIT": NaN,
        "Net Income": -1
    },
    "2009-06-30": {
        "Diluted EPS": -0.25,
        "Total Revenue": 34,
        "Gross Profit": 23,
        "Operating Income": -4,
        "EBIT": NaN,
        "Net Income": -3
    },
    "2009-03-31": {
        "Diluted EPS": -0.1,
        "Total Revenue": 35,
        "Gross Profit": 22,
        "Operating Income": -1,
        "EBIT": NaN,
        "Net Income": -1
    },
    "2023-09-30": {
        "Tax Effect Of Unusual Items": 0.0,
        "Tax Rate For Calcs": 0.237,
        "Total Unusual Items": 0.0,
        "Total Unusual Items Excluding Goodwill": 0.0,
        "Net Income From Continuing Operation Net Minority Interest": 80115000.0,
        "Reconciled Depreciation": 12044000.0,
        "Net Interest Income": 207751000.0,
        "Interest Expense": 122802000.0,
        "Interest Income": 330553000.0,
        "Normalized Income": 80115000.0,
        "Net Income From Continuing And Discontinued Operation": 80115000.0,
        "Diluted NI Availto Com Stockholders": 80115000.0,
        "Net Income Common Stockholders": 80115000.0,
        "Net Income": 80115000.0,
        "Net Income Including Noncontrolling Interests": 80115000.0,
        "Net Income Continuous Operations": 80115000.0,
        "Tax Provision": 24912000.0,
        "Pretax Income": 105027000.0,
        "Special Income Charges": 0.0,
        "Restructuring And Mergern Acquisition": 0.0,
        "Gain On Sale Of Security": -16000.0,
        "Depreciation Amortization Depletion Income Statement": 4425000.0,
        "Depreciation And Amortization In Income Statement": 4425000.0,
        "Amortization": 4425000.0,
        "Amortization Of Intangibles Income Statement": 4425000.0,
        "Selling General And Administration": 84621000.0,
        "Selling And Marketing Expense": 2723000.0,
        "General And Administrative Expense": 81898000.0,
        "Salaries And Wages": 81898000.0,
        "Total Revenue": 263002000.0,
        "Operating Revenue": 263002000.0
    }
}