{
    "2023-03-31": {
        "Tax Effect Of Unusual Items": NaN,
        "Tax Rate For Calcs": NaN,
        "Normalized EBITDA": NaN,
        "Net Income From Continuing Operation Net Minority Interest": NaN,
        "Reconciled Depreciation": NaN,
        "Reconciled Cost Of Revenue": 0.0,
        "EBITDA": NaN,
        "EBIT": NaN,
        "Net Interest Income": NaN,
        "Interest Income": NaN,
        "Normalized Income": NaN,
        "Net Income From Continuing And Discontinued Operation": NaN,
        "Total Expenses": NaN,
        "Total Operating Income As Reported": NaN,
        "Diluted Average Shares": NaN,
        "Basic Average Shares": NaN,
        "Diluted EPS": NaN,
        "Basic EPS": NaN,
        "Diluted NI Availto Com Stockholders": NaN,
        "Net Income Common Stockholders": NaN,
        "Net Income": NaN,
        "Net Income Including Noncontrolling Interests": NaN,
        "Net Income Continuous Operations": NaN,
        "Tax Provision": NaN,
        "Pretax Income": NaN,
        "Other Income Expense": NaN,
        "Other Non Operating Income Expenses": NaN,
        "Net Non Operating Interest Income Expense": NaN,
        "Interest Income Non Operating": NaN,
        "Operating Income": NaN,
        "Operating Expense": NaN,
        "Other Operating Expenses": NaN,
        "Depreciation Amortization Depletion Income Statement": NaN,
        "Depreciation And Amortization In Income Statement": NaN,
        "Research And Development": NaN,
        "Selling General And Administration": NaN,
        "Selling And Marketing Expense": NaN,
        "General And Administrative Expense": NaN,
        "Other Gand A": NaN,
        "Gross Profit": 12192000.0,
        "Cost Of Revenue": 0.0,
        "Total Revenue": NaN,
        "Operating Revenue": NaN
    },
    "2022-12-31": {
        "Tax Effect Of Unusual Items": NaN,
        "Tax Rate For Calcs": NaN,
        "Normalized EBITDA": NaN,
        "Net Income From Continuing Operation Net Minority Interest": NaN,
        "Reconciled Depreciation": NaN,
        "Reconciled Cost Of Revenue": 12000.0,
        "EBITDA": NaN,
        "EBIT": NaN,
        "Net Interest Income": NaN,
        "Interest Income": NaN,
        "Normalized Income": NaN,
        "Net Income From Continuing And Discontinued Operation": NaN,
        "Total Expenses": NaN,
        "Total Operating Income As Reported": NaN,
        "Diluted Average Shares": NaN,
        "Basic Average Shares": NaN,
        "Diluted EPS": NaN,
        "Basic EPS": NaN,
        "Diluted NI Availto Com Stockholders": NaN,
        "Net Income Common Stockholders": NaN,
        "Net Income": NaN,
        "Net Income Including Noncontrolling Interests": NaN,
        "Net Income Continuous Operations": NaN,
        "Tax Provision": NaN,
        "Pretax Income": NaN,
        "Other Income Expense": NaN,
        "Other Non Operating Income Expenses": NaN,
        "Net Non Operating Interest Income Expense": NaN,
        "Interest Income Non Operating": NaN,
        "Operating Income": NaN,
        "Operating Expense": NaN,
        "Other Operating Expenses": NaN,
        "Depreciation Amortization Depletion Income Statement": NaN,
        "Depreciation And Amortization In Income Statement": NaN,
        "Research And Development": NaN,
        "Selling General And Administration": NaN,
        "Selling And Marketing Expense": NaN,
        "General And Administrative Expense": NaN,
        "Other Gand A": NaN,
        "Gross Profit": 19991000.0,
        "Cost Of Revenue": 1554000.0,
        "Total Revenue": NaN,
        "Operating Revenue": NaN
    },
    "2022-09-30": {
        "Tax Effect Of Unusual Items": NaN,
        "Tax Rate For Calcs": NaN,
        "Normalized EBITDA": NaN,
        "Net Income From Continuing Operation Net Minority Interest": NaN,
        "Reconciled Depreciation": NaN,
        "Reconciled Cost Of Revenue": NaN,
        "EBITDA": NaN,
        "EBIT": NaN,
        "Net Interest Income": NaN,
        "Interest Income": NaN,
        "Normalized Income": NaN,
        "Net Income From Continuing And Discontinued Operation": NaN,
        "Total Expenses": NaN,
        "Total Operating Income As Reported": NaN,
        "Diluted Average Shares": 315818163.0,
        "Basic Average Shares": 285322719.0,
        "Diluted EPS": 0.08,
        "Basic EPS": 0.09,
        "Diluted NI Availto Com Stockholders": NaN,
        "Net Income Common Stockholders": NaN,
        "Net Income": NaN,
        "Net Income Including Noncontrolling Interests": NaN,
        "Net Income Continuous Operations": NaN,
        "Tax Provision": NaN,
        "Pretax Income": NaN,
        "Other Income Expense": NaN,
        "Other Non Operating Income Expenses": NaN,
        "Net Non Operating Interest Income Expense": NaN,
        "Interest Income Non Operating": NaN,
        "Operating Income": NaN,
        "Operating Expense": NaN,
        "Other Operating Expenses": NaN,
        "Depreciation Amortization Depletion Income Statement": NaN,
        "Depreciation And Amortization In Income Statement": NaN,
        "Research And Development": NaN,
        "Selling General And Administration": NaN,
        "Selling And Marketing Expense": NaN,
        "General And Administrative Expense": NaN,
        "Other Gand A": NaN,
        "Gross Profit": NaN,
        "Cost Of Revenue": NaN,
        "Total Revenue": NaN,
        "Operating Revenue": NaN
    },
    "2022-06-30": {
        "Tax Effect Of Unusual Items": 0.0,
        "Tax Rate For Calcs": 0.014667,
        "Normalized EBITDA": -820000.0,
        "Net Income From Continuing Operation Net Minority Interest": -6785000.0,
        "Reconciled Depreciation": 6041000.0,
        "Reconciled Cost Of Revenue": 4055000.0,
        "EBITDA": -820000.0,
        "EBIT": -6861000.0,
        "Net Interest Income": NaN,
        "Interest Income": NaN,
        "Normalized Income": -6785000.0,
        "Net Income From Continuing And Discontinued Operation": -6785000.0,
        "Total Expenses": 52778000.0,
        "Total Operating Income As Reported": -8396000.0,
        "Diluted Average Shares": 284686542.0,
        "Basic Average Shares": 284686542.0,
        "Diluted EPS": -0.02,
        "Basic EPS": -0.02,
        "Diluted NI Availto Com Stockholders": -6785000.0,
        "Net Income Common Stockholders": -6785000.0,
        "Net Income": -6785000.0,
        "Net Income Including Noncontrolling Interests": -6785000.0,
        "Net Income Continuous Operations": -6785000.0,
        "Tax Provision": -101000.0,
        "Pretax Income": -6886000.0,
        "Other Income Expense": -25000.0,
        "Other Non Operating Income Expenses": -25000.0,
        "Net Non Operating Interest Income Expense": NaN,
        "Interest Income Non Operating": NaN,
        "Operating Income": -6861000.0,
        "Operating Expense": 47568000.0,
        "Other Operating Expenses": -1535000.0,
        "Depreciation Amortization Depletion Income Statement": 4886000.0,
        "Depreciation And Amortization In Income Statement": 4886000.0,
        "Research And Development": 26685000.0,
        "Selling General And Administration": 17532000.0,
        "Selling And Marketing Expense": 3120000.0,
        "General And Administrative Expense": 14412000.0,
        "Other Gand A": 14412000.0,
        "Gross Profit": 40707000.0,
        "Cost Of Revenue": 5210000.0,
        "Total Revenue": 45917000.0,
        "Operating Revenue": 45917000.0
    },
    "2023-06-30": {
        "Tax Effect Of Unusual Items": NaN,
        "Tax Rate For Calcs": NaN,
        "Normalized EBITDA": NaN,
        "Net Income From Continuing Operation Net Minority Interest": NaN,
        "Reconciled Depreciation": NaN,
        "Reconciled Cost Of Revenue": 0.0,
        "EBITDA": NaN,
        "EBIT": NaN,
        "Net Interest Income": NaN,
        "Interest Income": NaN,
        "Normalized Income": NaN,
        "Net Income From Continuing And Discontinued Operation": NaN,
        "Total Expenses": NaN,
        "Total Operating Income As Reported": NaN,
        "Diluted Average Shares": 288905587.0,
        "Basic Average Shares": 288905587.0,
        "Diluted EPS": -0.11,
        "Basic EPS": -0.11,
        "Diluted NI Availto Com Stockholders": NaN,
        "Net Income Common Stockholders": NaN,
        "Net Income": NaN,
        "Net Income Including Noncontrolling Interests": NaN,
        "Net Income Continuous Operations": NaN,
        "Tax Provision": NaN,
        "Pretax Income": NaN,
        "Other Income Expense": NaN,
        "Other Non Operating Income Expenses": NaN,
        "Net Non Operating Interest Income Expense": NaN,
        "Interest Income Non Operating": NaN,
        "Operating Income": NaN,
        "Operating Expense": NaN,
        "Other Operating Expenses": NaN,
        "Depreciation Amortization Depletion Income Statement": NaN,
        "Depreciation And Amortization In Income Statement": NaN,
        "Research And Development": NaN,
        "Selling General And Administration": NaN,
        "Selling And Marketing Expense": NaN,
        "General And Administrative Expense": NaN,
        "Other Gand A": NaN,
        "Gross Profit": 10056000.0,
        "Cost Of Revenue": 0.0,
        "Total Revenue": NaN,
        "Operating Revenue": NaN
    },
    "2022-03-31": {
        "Diluted EPS": 0.54,
        "Total Revenue": 317,
        "Gross Profit": 317,
        "Operating Income": 225,
        "EBIT": 230,
        "Net Income": 169
    },
    "2021-12-31": {
        "Diluted EPS": 0.2,
        "Total Revenue": 139,
        "Gross Profit": 139,
        "Operating Income": 81,
        "EBIT": 88,
        "Net Income": 60
    },
    "2021-09-30": {
        "Diluted EPS": -0.08,
        "Total Revenue": 6,
        "Gross Profit": 6,
        "Operating Income": -28,
        "EBIT": -26,
        "Net Income": -21
    },
    "2021-06-30": {
        "Diluted EPS": -0.01,
        "Total Revenue": 28,
        "Gross Profit": 28,
        "Operating Income": -7,
        "EBIT": -3,
        "Net Income": -2
    },
    "2021-03-31": {
        "Diluted EPS": 0.37,
        "Total Revenue": 203,
        "Gross Profit": 203,
        "Operating Income": 158,
        "EBIT": 162,
        "Net Income": 117
    },
    "2020-12-31": {
        "Diluted EPS": 0.45,
        "Total Revenue": 208,
        "Gross Profit": 208,
        "Operating Income": 161,
        "EBIT": 164,
        "Net Income": 117
    },
    "2020-09-30": {
        "Diluted EPS": -0.02,
        "Total Revenue": 9,
        "Gross Profit": 9,
        "Operating Income": -2,
        "EBIT": -1,
        "Net Income": -3
    },
    "2020-06-30": {
        "Diluted EPS": 0.03,
        "Total Revenue": 11,
        "Gross Profit": 11,
        "Operating Income": -1,
        "EBIT": 0,
        "Net Income": 4
    },
    "2020-03-31": {
        "Diluted EPS": -0.01,
        "Total Revenue": 5,
        "Gross Profit": 5,
        "Operating Income": -2,
        "EBIT": -1,
        "Net Income": -2
    },
    "2019-12-31": {
        "Diluted EPS": 0.0,
        "Total Revenue": NaN,
        "Gross Profit": NaN,
        "Operating Income": NaN,
        "EBIT": NaN,
        "Net Income": NaN
    },
    "2018-12-31": {
        "Diluted EPS": 0.0,
        "Total Revenue": NaN,
        "Gross Profit": NaN,
        "Operating Income": NaN,
        "EBIT": NaN,
        "Net Income": NaN
    },
    "2023-09-30": {
        "Tax Effect Of Unusual Items": 0.0,
        "Tax Rate For Calcs": 0.271565,
        "Normalized EBITDA": -44653000.0,
        "Net Income From Continuing Operation Net Minority Interest": -28610000.0,
        "Reconciled Depreciation": 7409000.0,
        "Reconciled Cost Of Revenue": 0.0,
        "EBITDA": -44653000.0,
        "EBIT": -52062000.0,
        "Net Interest Income": 10740000.0,
        "Interest Income": 10740000.0,
        "Normalized Income": -28610000.0,
        "Net Income From Continuing And Discontinued Operation": -28610000.0,
        "Total Expenses": 58661000.0,
        "Total Operating Income As Reported": -54890000.0,
        "Diluted Average Shares": 289496841.0,
        "Basic Average Shares": 289496841.0,
        "Diluted EPS": -0.1,
        "Basic EPS": -0.1,
        "Diluted NI Availto Com Stockholders": -28610000.0,
        "Net Income Common Stockholders": -28610000.0,
        "Net Income": -28610000.0,
        "Net Income Including Noncontrolling Interests": -28610000.0,
        "Net Income Continuous Operations": -28610000.0,
        "Tax Provision": -10666000.0,
        "Pretax Income": -39276000.0,
        "Other Income Expense": 2046000.0,
        "Other Non Operating Income Expenses": 2046000.0,
        "Net Non Operating Interest Income Expense": 10740000.0,
        "Interest Income Non Operating": 10740000.0,
        "Operating Income": -52062000.0,
        "Operating Expense": 58661000.0,
        "Other Operating Expenses": -2828000.0,
        "Depreciation Amortization Depletion Income Statement": 5735000.0,
        "Depreciation And Amortization In Income Statement": 5735000.0,
        "Research And Development": 37917000.0,
        "Selling General And Administration": 17837000.0,
        "Selling And Marketing Expense": 3468000.0,
        "General And Administrative Expense": 14369000.0,
        "Other Gand A": 14369000.0,
        "Gross Profit": 6599000.0,
        "Cost Of Revenue": 0.0,
        "Total Revenue": 6599000.0,
        "Operating Revenue": 6599000.0
    },
    "2023-12-31": {
        "Tax Effect Of Unusual Items": 0.0,
        "Tax Rate For Calcs": 0.029875,
        "Normalized EBITDA": -53568000.0,
        "Net Income From Continuing Operation Net Minority Interest": -47150000.0,
        "Reconciled Depreciation": 9109000.0,
        "Reconciled Cost Of Revenue": 0.0,
        "EBITDA": -53568000.0,
        "EBIT": -62677000.0,
        "Net Interest Income": 10969000.0,
        "Interest Income": 10969000.0,
        "Normalized Income": -47150000.0,
        "Net Income From Continuing And Discontinued Operation": -47150000.0,
        "Total Expenses": 71856000.0,
        "Total Operating Income As Reported": -66053000.0,
        "Diluted Average Shares": NaN,
        "Basic Average Shares": NaN,
        "Diluted EPS": NaN,
        "Basic EPS": NaN,
        "Diluted NI Availto Com Stockholders": -47150000.0,
        "Net Income Common Stockholders": -47150000.0,
        "Net Income": -47150000.0,
        "Net Income Including Noncontrolling Interests": -47150000.0,
        "Net Income Continuous Operations": -47150000.0,
        "Tax Provision": -1452000.0,
        "Pretax Income": -48602000.0,
        "Other Income Expense": 3106000.0,
        "Other Non Operating Income Expenses": 3106000.0,
        "Net Non Operating Interest Income Expense": 10969000.0,
        "Interest Income Non Operating": 10969000.0,
        "Operating Income": -62677000.0,
        "Operating Expense": 71856000.0,
        "Other Operating Expenses": -3376000.0,
        "Depreciation Amortization Depletion Income Statement": 7536000.0,
        "Depreciation And Amortization In Income Statement": 7536000.0,
        "Research And Development": 48622000.0,
        "Selling General And Administration": 19074000.0,
        "Selling And Marketing Expense": 3100000.0,
        "General And Administrative Expense": 15974000.0,
        "Other Gand A": 15974000.0,
        "Gross Profit": 9179000.0,
        "Cost Of Revenue": 0.0,
        "Total Revenue": 9179000.0,
        "Operating Revenue": 9179000.0
    },
    "2024-03-31": {
        "Tax Effect Of Unusual Items": 0.0,
        "Tax Rate For Calcs": 0.049992,
        "Normalized EBITDA": -44853000.0,
        "Net Income From Continuing Operation Net Minority Interest": -40610000.0,
        "Reconciled Depreciation": 6766000.0,
        "Reconciled Cost Of Revenue": NaN,
        "EBITDA": -44853000.0,
        "EBIT": -51619000.0,
        "Net Interest Income": 10401000.0,
        "Interest Income": 10401000.0,
        "Normalized Income": -40610000.0,
        "Net Income From Continuing And Discontinued Operation": -40610000.0,
        "Total Expenses": 61573000.0,
        "Total Operating Income As Reported": -54894000.0,
        "Diluted Average Shares": 292723901.0,
        "Basic Average Shares": 292723901.0,
        "Diluted EPS": -0.14,
        "Basic EPS": -0.14,
        "Diluted NI Availto Com Stockholders": -40610000.0,
        "Net Income Common Stockholders": -40610000.0,
        "Net Income": -40610000.0,
        "Net Income Including Noncontrolling Interests": -40610000.0,
        "Net Income Continuous Operations": -40610000.0,
        "Tax Provision": -2137000.0,
        "Pretax Income": -42747000.0,
        "Other Income Expense": -1529000.0,
        "Other Non Operating Income Expenses": -1529000.0,
        "Net Non Operating Interest Income Expense": 10401000.0,
        "Interest Income Non Operating": 10401000.0,
        "Operating Income": -51619000.0,
        "Operating Expense": 61573000.0,
        "Other Operating Expenses": -3275000.0,
        "Depreciation Amortization Depletion Income Statement": 4844000.0,
        "Depreciation And Amortization In Income Statement": 4844000.0,
        "Research And Development": 39287000.0,
        "Selling General And Administration": 20717000.0,
        "Selling And Marketing Expense": 3365000.0,
        "General And Administrative Expense": 17352000.0,
        "Other Gand A": 17352000.0,
        "Gross Profit": NaN,
        "Cost Of Revenue": NaN,
        "Total Revenue": 9954000.0,
        "Operating Revenue": 9954000.0
    },
    "2024-06-30": {
        "Tax Effect Of Unusual Items": 0.0,
        "Tax Rate For Calcs": 0.233611,
        "Normalized EBITDA": -52107000.0,
        "Net Income From Continuing Operation Net Minority Interest": -36930000.0,
        "Reconciled Depreciation": 38037000.0,
        "Reconciled Cost Of Revenue": NaN,
        "EBITDA": -52107000.0,
        "EBIT": -90144000.0,
        "Net Interest Income": 9801000.0,
        "Interest Income": 9801000.0,
        "Normalized Income": -36930000.0,
        "Net Income From Continuing And Discontinued Operation": -36930000.0,
        "Total Expenses": 97467000.0,
        "Total Operating Income As Reported": -93454000.0,
        "Diluted Average Shares": 294217013.0,
        "Basic Average Shares": 294217013.0,
        "Diluted EPS": -0.13,
        "Basic EPS": -0.13,
        "Diluted NI Availto Com Stockholders": -36930000.0,
        "Net Income Common Stockholders": -36930000.0,
        "Net Income": -36930000.0,
        "Net Income Including Noncontrolling Interests": -36930000.0,
        "Net Income Continuous Operations": -36930000.0,
        "Tax Provision": -11257000.0,
        "Pretax Income": -48187000.0,
        "Other Income Expense": 32156000.0,
        "Other Non Operating Income Expenses": 32156000.0,
        "Net Non Operating Interest Income Expense": 9801000.0,
        "Interest Income Non Operating": 9801000.0,
        "Operating Income": -90144000.0,
        "Operating Expense": 97467000.0,
        "Other Operating Expenses": -3310000.0,
        "Depreciation Amortization Depletion Income Statement": 36522000.0,
        "Depreciation And Amortization In Income Statement": 36522000.0,
        "Research And Development": 40927000.0,
        "Selling General And Administration": 23328000.0,
        "Selling And Marketing Expense": 3136000.0,
        "General And Administrative Expense": 20192000.0,
        "Other Gand A": 20192000.0,
        "Gross Profit": NaN,
        "Cost Of Revenue": NaN,
        "Total Revenue": 7323000.0,
        "Operating Revenue": 7323000.0
    },
    "2024-09-30": {
        "Tax Effect Of Unusual Items": 0.0,
        "Tax Rate For Calcs": 0.184011,
        "Normalized EBITDA": -51877000.0,
        "Net Income From Continuing Operation Net Minority Interest": -51107000.0,
        "Reconciled Depreciation": 38295000.0,
        "Reconciled Cost Of Revenue": NaN,
        "EBITDA": -51877000.0,
        "EBIT": -90172000.0,
        "Net Interest Income": 9603000.0,
        "Interest Income": 9603000.0,
        "Normalized Income": -51107000.0,
        "Net Income From Continuing And Discontinued Operation": -51107000.0,
        "Total Expenses": 96679000.0,
        "Total Operating Income As Reported": -93663000.0,
        "Diluted Average Shares": 294851945.0,
        "Basic Average Shares": 294851945.0,
        "Diluted EPS": -0.17,
        "Basic EPS": -0.17,
        "Diluted NI Availto Com Stockholders": -51107000.0,
        "Net Income Common Stockholders": -51107000.0,
        "Net Income": -51107000.0,
        "Net Income Including Noncontrolling Interests": -51107000.0,
        "Net Income Continuous Operations": -51107000.0,
        "Tax Provision": -11525000.0,
        "Pretax Income": -62632000.0,
        "Other Income Expense": 17937000.0,
        "Other Non Operating Income Expenses": 17937000.0,
        "Net Non Operating Interest Income Expense": 9603000.0,
        "Interest Income Non Operating": 9603000.0,
        "Operating Income": -90172000.0,
        "Operating Expense": 96679000.0,
        "Other Operating Expenses": -3491000.0,
        "Depreciation Amortization Depletion Income Statement": 36919000.0,
        "Depreciation And Amortization In Income Statement": 36919000.0,
        "Research And Development": 40969000.0,
        "Selling General And Administration": 22282000.0,
        "Selling And Marketing Expense": 3135000.0,
        "General And Administrative Expense": 19147000.0,
        "Other Gand A": 19147000.0,
        "Gross Profit": NaN,
        "Cost Of Revenue": NaN,
        "Total Revenue": 6507000.0,
        "Operating Revenue": 6507000.0
    }
}