{
    "2023-03-31": {
        "Tax Effect Of Unusual Items": 5988500.0,
        "Tax Rate For Calcs": 0.203,
        "Normalized EBITDA": 86300000.0,
        "Total Unusual Items": 29500000.0,
        "Total Unusual Items Excluding Goodwill": 29500000.0,
        "Net Income From Continuing Operation Net Minority Interest": 55700000.0,
        "Reconciled Depreciation": 38800000.0,
        "Reconciled Cost Of Revenue": 440600000.0,
        "EBITDA": 115800000.0,
        "EBIT": 77000000.0,
        "Net Interest Income": -5900000.0,
        "Interest Expense": 7100000.0,
        "Interest Income": 1200000.0,
        "Normalized Income": 32188500.0,
        "Net Income From Continuing And Discontinued Operation": 55700000.0,
        "Total Expenses": 503100000.0,
        "Total Operating Income As Reported": 75100000.0,
        "Diluted Average Shares": 48800000.0,
        "Basic Average Shares": 48300000.0,
        "Diluted EPS": 1.14,
        "Basic EPS": 1.15,
        "Diluted NI Availto Com Stockholders": 55500000.0,
        "Average Dilution Earnings": 0.0,
        "Net Income Common Stockholders": 55500000.0,
        "Otherunder Preferred Stock Dividend": 200000.0,
        "Net Income": 55700000.0,
        "Net Income Including Noncontrolling Interests": 55700000.0,
        "Net Income Continuous Operations": 55700000.0,
        "Tax Provision": 14200000.0,
        "Pretax Income": 69900000.0,
        "Other Income Expense": 29700000.0,
        "Other Non Operating Income Expenses": 200000.0,
        "Special Income Charges": 29000000.0,
        "Gain On Sale Of Ppe": 22600000.0,
        "Gain On Sale Of Business": 6400000.0,
        "Gain On Sale Of Security": 500000.0,
        "Net Non Operating Interest Income Expense": -5900000.0,
        "Interest Expense Non Operating": 7100000.0,
        "Interest Income Non Operating": 1200000.0,
        "Operating Income": 46100000.0,
        "Operating Expense": 62500000.0,
        "Selling General And Administration": 62500000.0,
        "Gross Profit": 108600000.0,
        "Cost Of Revenue": 440600000.0,
        "Total Revenue": 549200000.0,
        "Operating Revenue": 549200000.0
    },
    "2022-12-31": {
        "Tax Effect Of Unusual Items": NaN,
        "Tax Rate For Calcs": NaN,
        "Normalized EBITDA": NaN,
        "Total Unusual Items": NaN,
        "Total Unusual Items Excluding Goodwill": NaN,
        "Net Income From Continuing Operation Net Minority Interest": NaN,
        "Reconciled Depreciation": NaN,
        "Reconciled Cost Of Revenue": NaN,
        "EBITDA": NaN,
        "EBIT": NaN,
        "Net Interest Income": NaN,
        "Interest Expense": NaN,
        "Interest Income": NaN,
        "Normalized Income": NaN,
        "Net Income From Continuing And Discontinued Operation": NaN,
        "Total Expenses": NaN,
        "Total Operating Income As Reported": NaN,
        "Diluted Average Shares": NaN,
        "Basic Average Shares": NaN,
        "Diluted EPS": NaN,
        "Basic EPS": NaN,
        "Diluted NI Availto Com Stockholders": NaN,
        "Average Dilution Earnings": NaN,
        "Net Income Common Stockholders": NaN,
        "Otherunder Preferred Stock Dividend": NaN,
        "Net Income": NaN,
        "Net Income Including Noncontrolling Interests": NaN,
        "Net Income Continuous Operations": NaN,
        "Tax Provision": NaN,
        "Pretax Income": NaN,
        "Other Income Expense": NaN,
        "Other Non Operating Income Expenses": 100000.0,
        "Special Income Charges": NaN,
        "Gain On Sale Of Ppe": NaN,
        "Gain On Sale Of Business": NaN,
        "Gain On Sale Of Security": NaN,
        "Net Non Operating Interest Income Expense": NaN,
        "Interest Expense Non Operating": NaN,
        "Interest Income Non Operating": NaN,
        "Operating Income": NaN,
        "Operating Expense": NaN,
        "Selling General And Administration": NaN,
        "Gross Profit": NaN,
        "Cost Of Revenue": NaN,
        "Total Revenue": NaN,
        "Operating Revenue": NaN
    },
    "2022-09-30": {
        "Tax Effect Of Unusual Items": NaN,
        "Tax Rate For Calcs": NaN,
        "Normalized EBITDA": NaN,
        "Total Unusual Items": NaN,
        "Total Unusual Items Excluding Goodwill": NaN,
        "Net Income From Continuing Operation Net Minority Interest": NaN,
        "Reconciled Depreciation": NaN,
        "Reconciled Cost Of Revenue": NaN,
        "EBITDA": NaN,
        "EBIT": NaN,
        "Net Interest Income": NaN,
        "Interest Expense": NaN,
        "Interest Income": NaN,
        "Normalized Income": NaN,
        "Net Income From Continuing And Discontinued Operation": NaN,
        "Total Expenses": NaN,
        "Total Operating Income As Reported": NaN,
        "Diluted Average Shares": NaN,
        "Basic Average Shares": NaN,
        "Diluted EPS": NaN,
        "Basic EPS": NaN,
        "Diluted NI Availto Com Stockholders": NaN,
        "Average Dilution Earnings": NaN,
        "Net Income Common Stockholders": NaN,
        "Otherunder Preferred Stock Dividend": NaN,
        "Net Income": NaN,
        "Net Income Including Noncontrolling Interests": NaN,
        "Net Income Continuous Operations": NaN,
        "Tax Provision": NaN,
        "Pretax Income": NaN,
        "Other Income Expense": NaN,
        "Other Non Operating Income Expenses": 200000.0,
        "Special Income Charges": NaN,
        "Gain On Sale Of Ppe": NaN,
        "Gain On Sale Of Business": NaN,
        "Gain On Sale Of Security": NaN,
        "Net Non Operating Interest Income Expense": NaN,
        "Interest Expense Non Operating": NaN,
        "Interest Income Non Operating": NaN,
        "Operating Income": NaN,
        "Operating Expense": NaN,
        "Selling General And Administration": NaN,
        "Gross Profit": NaN,
        "Cost Of Revenue": NaN,
        "Total Revenue": NaN,
        "Operating Revenue": NaN
    },
    "2022-06-30": {
        "Tax Effect Of Unusual Items": 0.0,
        "Tax Rate For Calcs": 0.206,
        "Normalized EBITDA": 96300000.0,
        "Total Unusual Items": -500000.0,
        "Total Unusual Items Excluding Goodwill": -500000.0,
        "Net Income From Continuing Operation Net Minority Interest": 39000000.0,
        "Reconciled Depreciation": 39500000.0,
        "Reconciled Cost Of Revenue": 479300000.0,
        "EBITDA": 96300000.0,
        "EBIT": 56800000.0,
        "Net Interest Income": -7700000.0,
        "Interest Expense": 7700000.0,
        "Interest Income": 0.0,
        "Normalized Income": 39000000.0,
        "Net Income From Continuing And Discontinued Operation": 39000000.0,
        "Total Expenses": 545600000.0,
        "Total Operating Income As Reported": 57200000.0,
        "Diluted Average Shares": 48600000.0,
        "Basic Average Shares": 48300000.0,
        "Diluted EPS": 0.79,
        "Basic EPS": 0.8,
        "Diluted NI Availto Com Stockholders": 39000000.0,
        "Average Dilution Earnings": 0.0,
        "Net Income Common Stockholders": 39000000.0,
        "Otherunder Preferred Stock Dividend": 400000.0,
        "Net Income": 39000000.0,
        "Net Income Including Noncontrolling Interests": 39000000.0,
        "Net Income Continuous Operations": 39000000.0,
        "Tax Provision": 10100000.0,
        "Pretax Income": 49100000.0,
        "Other Income Expense": -400000.0,
        "Other Non Operating Income Expenses": -400000.0,
        "Special Income Charges": NaN,
        "Gain On Sale Of Ppe": NaN,
        "Gain On Sale Of Business": NaN,
        "Impairment Of Capital Assets": NaN,
        "Gain On Sale Of Security": -500000.0,
        "Net Non Operating Interest Income Expense": -7700000.0,
        "Interest Expense Non Operating": 7700000.0,
        "Interest Income Non Operating": 0.0,
        "Operating Income": 57200000.0,
        "Operating Expense": 66300000.0,
        "Selling General And Administration": 66300000.0,
        "Gross Profit": 123500000.0,
        "Cost Of Revenue": 479300000.0,
        "Total Revenue": 602800000.0,
        "Operating Revenue": 602800000.0
    },
    "2022-03-31": {
        "Diluted EPS": 0.41,
        "Total Revenue": 536,
        "Gross Profit": 96,
        "Operating Income": 35,
        "EBIT": 73,
        "Net Income": 20
    },
    "2021-12-31": {
        "Diluted EPS": 0.18,
        "Total Revenue": 522,
        "Gross Profit": 89,
        "Operating Income": 16,
        "EBIT": 53,
        "Net Income": 9
    },
    "2021-09-30": {
        "Diluted EPS": 0.49,
        "Total Revenue": 559,
        "Gross Profit": 100,
        "Operating Income": 38,
        "EBIT": 77,
        "Net Income": 24
    },
    "2021-06-30": {
        "Diluted EPS": 0.43,
        "Total Revenue": 515,
        "Gross Profit": 98,
        "Operating Income": 31,
        "EBIT": 68,
        "Net Income": 21
    },
    "2021-03-31": {
        "Diluted EPS": 0.32,
        "Total Revenue": 440,
        "Gross Profit": 79,
        "Operating Income": 23,
        "EBIT": 54,
        "Net Income": 16
    },
    "2020-12-31": {
        "Diluted EPS": 0.21,
        "Total Revenue": 459,
        "Gross Profit": 84,
        "Operating Income": 17,
        "EBIT": 48,
        "Net Income": 11
    },
    "2020-09-30": {
        "Diluted EPS": 0.64,
        "Total Revenue": 490,
        "Gross Profit": 100,
        "Operating Income": 42,
        "EBIT": 70,
        "Net Income": 31
    },
    "2020-06-30": {
        "Diluted EPS": 0.68,
        "Total Revenue": 499,
        "Gross Profit": 102,
        "Operating Income": 48,
        "EBIT": 76,
        "Net Income": 33
    },
    "2020-03-31": {
        "Diluted EPS": 0.65,
        "Total Revenue": 488,
        "Gross Profit": 97,
        "Operating Income": 45,
        "EBIT": 72,
        "Net Income": 32
    },
    "2019-12-31": {
        "Diluted EPS": 0.44,
        "Total Revenue": 447,
        "Gross Profit": 78,
        "Operating Income": 31,
        "EBIT": 53,
        "Net Income": 21
    },
    "2019-09-30": {
        "Diluted EPS": 0.67,
        "Total Revenue": 445,
        "Gross Profit": 88,
        "Operating Income": 43,
        "EBIT": 65,
        "Net Income": 33
    },
    "2019-06-30": {
        "Diluted EPS": 0.65,
        "Total Revenue": 434,
        "Gross Profit": 88,
        "Operating Income": 42,
        "EBIT": 64,
        "Net Income": 32
    },
    "2019-03-31": {
        "Diluted EPS": 0.56,
        "Total Revenue": 411,
        "Gross Profit": 78,
        "Operating Income": 37,
        "EBIT": 57,
        "Net Income": 28
    },
    "2018-12-31": {
        "Diluted EPS": 0.56,
        "Total Revenue": 374,
        "Gross Profit": 64,
        "Operating Income": 27,
        "EBIT": 45,
        "Net Income": 28
    },
    "2018-09-30": {
        "Diluted EPS": 0.07,
        "Total Revenue": 379,
        "Gross Profit": 70,
        "Operating Income": 6,
        "EBIT": 23,
        "Net Income": 3
    },
    "2018-06-30": {
        "Diluted EPS": 0.46,
        "Total Revenue": 353,
        "Gross Profit": 70,
        "Operating Income": 31,
        "EBIT": 46,
        "Net Income": 23
    },
    "2018-03-31": {
        "Diluted EPS": 0.45,
        "Total Revenue": 354,
        "Gross Profit": 69,
        "Operating Income": 31,
        "EBIT": 48,
        "Net Income": 22
    },
    "2017-12-31": {
        "Diluted EPS": 0.0,
        "Total Revenue": NaN,
        "Gross Profit": NaN,
        "Operating Income": NaN,
        "EBIT": NaN,
        "Net Income": NaN
    },
    "2017-09-30": {
        "Diluted EPS": 0.0,
        "Total Revenue": 366,
        "Gross Profit": 76,
        "Operating Income": 34,
        "EBIT": 34,
        "Net Income": 21
    },
    "2016-12-31": {
        "Diluted EPS": 0.0,
        "Total Revenue": NaN,
        "Gross Profit": NaN,
        "Operating Income": NaN,
        "EBIT": NaN,
        "Net Income": NaN
    },
    "2015-12-31": {
        "Diluted EPS": 0.0,
        "Total Revenue": NaN,
        "Gross Profit": NaN,
        "Operating Income": NaN,
        "EBIT": NaN,
        "Net Income": NaN
    },
    "2023-06-30": {
        "Tax Effect Of Unusual Items": 216000.0,
        "Tax Rate For Calcs": 0.12,
        "Normalized EBITDA": 91300000.0,
        "Total Unusual Items": 1800000.0,
        "Total Unusual Items Excluding Goodwill": 1800000.0,
        "Net Income From Continuing Operation Net Minority Interest": 40900000.0,
        "Reconciled Depreciation": 39500000.0,
        "Reconciled Cost Of Revenue": 463700000.0,
        "EBITDA": 93100000.0,
        "EBIT": 53600000.0,
        "Net Interest Income": -5700000.0,
        "Interest Expense": 7100000.0,
        "Interest Income": 1400000.0,
        "Normalized Income": 39316000.0,
        "Net Income From Continuing And Discontinued Operation": 40900000.0,
        "Total Expenses": 534400000.0,
        "Total Operating Income As Reported": 51000000.0,
        "Diluted Average Shares": 48700000.0,
        "Basic Average Shares": 48500000.0,
        "Diluted EPS": 0.84,
        "Basic EPS": 0.84,
        "Diluted NI Availto Com Stockholders": 40700000.0,
        "Average Dilution Earnings": 0.0,
        "Net Income Common Stockholders": 40700000.0,
        "Otherunder Preferred Stock Dividend": 200000.0,
        "Net Income": 40900000.0,
        "Net Income Including Noncontrolling Interests": 40900000.0,
        "Net Income Continuous Operations": 40900000.0,
        "Tax Provision": 5600000.0,
        "Pretax Income": 46500000.0,
        "Other Income Expense": 1800000.0,
        "Other Non Operating Income Expenses": NaN,
        "Special Income Charges": 600000.0,
        "Gain On Sale Of Ppe": 600000.0,
        "Gain On Sale Of Business": 0.0,
        "Gain On Sale Of Security": 1200000.0,
        "Net Non Operating Interest Income Expense": -5700000.0,
        "Interest Expense Non Operating": 7100000.0,
        "Interest Income Non Operating": 1400000.0,
        "Operating Income": 50400000.0,
        "Operating Expense": 70700000.0,
        "Selling General And Administration": 70700000.0,
        "Gross Profit": 121100000.0,
        "Cost Of Revenue": 463700000.0,
        "Total Revenue": 584800000.0,
        "Operating Revenue": 584800000.0
    },
    "2023-09-30": {
        "Tax Effect Of Unusual Items": 382800.0,
        "Tax Rate For Calcs": 0.174,
        "Normalized EBITDA": 88000000.0,
        "Total Unusual Items": 2200000.0,
        "Total Unusual Items Excluding Goodwill": 2200000.0,
        "Net Income From Continuing Operation Net Minority Interest": 35500000.0,
        "Reconciled Depreciation": 40500000.0,
        "Reconciled Cost Of Revenue": 484600000.0,
        "EBITDA": 90200000.0,
        "EBIT": 49700000.0,
        "Net Interest Income": -5000000.0,
        "Interest Expense": 6700000.0,
        "Interest Income": 1700000.0,
        "Normalized Income": 33682800.0,
        "Net Income From Continuing And Discontinued Operation": 35500000.0,
        "Total Expenses": 545900000.0,
        "Total Operating Income As Reported": 48400000.0,
        "Diluted Average Shares": 48800000.0,
        "Basic Average Shares": 48700000.0,
        "Diluted EPS": 0.72,
        "Basic EPS": 0.73,
        "Diluted NI Availto Com Stockholders": 35400000.0,
        "Average Dilution Earnings": 0.0,
        "Net Income Common Stockholders": 35400000.0,
        "Otherunder Preferred Stock Dividend": 100000.0,
        "Net Income": 35500000.0,
        "Net Income Including Noncontrolling Interests": 35500000.0,
        "Net Income Continuous Operations": 35500000.0,
        "Tax Provision": 7500000.0,
        "Pretax Income": 43000000.0,
        "Other Income Expense": 2200000.0,
        "Other Non Operating Income Expenses": NaN,
        "Special Income Charges": 2600000.0,
        "Gain On Sale Of Ppe": 2600000.0,
        "Gain On Sale Of Business": 0.0,
        "Gain On Sale Of Security": -400000.0,
        "Net Non Operating Interest Income Expense": -5000000.0,
        "Interest Expense Non Operating": 6700000.0,
        "Interest Income Non Operating": 1700000.0,
        "Operating Income": 45800000.0,
        "Operating Expense": 61300000.0,
        "Selling General And Administration": 61300000.0,
        "Gross Profit": 107100000.0,
        "Cost Of Revenue": 484600000.0,
        "Total Revenue": 591700000.0,
        "Operating Revenue": 591700000.0
    },
    "2023-12-31": {
        "Tax Effect Of Unusual Items": 721095.890411,
        "Tax Rate For Calcs": 0.257534,
        "Normalized EBITDA": 81600000.0,
        "Total Unusual Items": 2800000.0,
        "Total Unusual Items Excluding Goodwill": 2800000.0,
        "Net Income From Continuing Operation Net Minority Interest": 27100000.0,
        "Reconciled Depreciation": 40700000.0,
        "Reconciled Cost Of Revenue": 475200000.0,
        "EBITDA": 84400000.0,
        "EBIT": 43700000.0,
        "Net Interest Income": -6800000.0,
        "Interest Expense": 7200000.0,
        "Interest Income": 400000.0,
        "Normalized Income": 25021095.890411,
        "Net Income From Continuing And Discontinued Operation": 27100000.0,
        "Total Expenses": 541800000.0,
        "Total Operating Income As Reported": 42800000.0,
        "Diluted Average Shares": 48700000.0,
        "Basic Average Shares": 48600000.0,
        "Diluted EPS": 0.56,
        "Basic EPS": 0.56,
        "Diluted NI Availto Com Stockholders": 27000000.0,
        "Average Dilution Earnings": 0.0,
        "Net Income Common Stockholders": 27000000.0,
        "Otherunder Preferred Stock Dividend": 100000.0,
        "Net Income": 27100000.0,
        "Net Income Including Noncontrolling Interests": 27100000.0,
        "Net Income Continuous Operations": 27100000.0,
        "Tax Provision": 9400000.0,
        "Pretax Income": 36500000.0,
        "Other Income Expense": 2900000.0,
        "Other Non Operating Income Expenses": 100000.0,
        "Special Income Charges": 2400000.0,
        "Gain On Sale Of Ppe": 2400000.0,
        "Gain On Sale Of Business": 0.0,
        "Gain On Sale Of Security": 400000.0,
        "Net Non Operating Interest Income Expense": -6800000.0,
        "Interest Expense Non Operating": 7200000.0,
        "Interest Income Non Operating": 400000.0,
        "Operating Income": 40400000.0,
        "Operating Expense": 66600000.0,
        "Selling General And Administration": 66600000.0,
        "Gross Profit": 107000000.0,
        "Cost Of Revenue": 475200000.0,
        "Total Revenue": 582200000.0,
        "Operating Revenue": 582200000.0
    },
    "2024-03-31": {
        "Tax Effect Of Unusual Items": 1949400.0,
        "Tax Rate For Calcs": 0.171,
        "Normalized EBITDA": 87000000.0,
        "Total Unusual Items": 11400000.0,
        "Total Unusual Items Excluding Goodwill": 11400000.0,
        "Net Income From Continuing Operation Net Minority Interest": 39200000.0,
        "Reconciled Depreciation": 42800000.0,
        "Reconciled Cost Of Revenue": 487000000.0,
        "EBITDA": 98400000.0,
        "EBIT": 55600000.0,
        "Net Interest Income": -6600000.0,
        "Interest Expense": 8300000.0,
        "Interest Income": 1700000.0,
        "Normalized Income": 29749400.0,
        "Net Income From Continuing And Discontinued Operation": 39200000.0,
        "Total Expenses": 556100000.0,
        "Total Operating Income As Reported": 53400000.0,
        "Diluted Average Shares": 48900000.0,
        "Basic Average Shares": 48500000.0,
        "Diluted EPS": 0.8,
        "Basic EPS": 0.81,
        "Diluted NI Availto Com Stockholders": 39100000.0,
        "Average Dilution Earnings": 0.0,
        "Net Income Common Stockholders": 39100000.0,
        "Otherunder Preferred Stock Dividend": 100000.0,
        "Net Income": 39200000.0,
        "Net Income Including Noncontrolling Interests": 39200000.0,
        "Net Income Continuous Operations": 39200000.0,
        "Tax Provision": 8100000.0,
        "Pretax Income": 47300000.0,
        "Other Income Expense": 11400000.0,
        "Other Non Operating Income Expenses": NaN,
        "Special Income Charges": 10900000.0,
        "Gain On Sale Of Ppe": 3900000.0,
        "Gain On Sale Of Business": 7000000.0,
        "Gain On Sale Of Security": 500000.0,
        "Net Non Operating Interest Income Expense": -6600000.0,
        "Interest Expense Non Operating": 8300000.0,
        "Interest Income Non Operating": 1700000.0,
        "Operating Income": 42500000.0,
        "Operating Expense": 69100000.0,
        "Selling General And Administration": 69100000.0,
        "Gross Profit": 111600000.0,
        "Cost Of Revenue": 487000000.0,
        "Total Revenue": 598600000.0,
        "Operating Revenue": 598600000.0
    }
}