{
    "2023-03-31": {
        "Tax Effect Of Unusual Items": 0.0,
        "Tax Rate For Calcs": 0.0427,
        "Normalized EBITDA": -53158000.0,
        "Net Income From Continuing Operation Net Minority Interest": -43021000.0,
        "Reconciled Depreciation": 426000.0,
        "Reconciled Cost Of Revenue": 1667000.0,
        "EBITDA": -53158000.0,
        "EBIT": -53584000.0,
        "Net Interest Income": 3800000.0,
        "Interest Income": 3800000.0,
        "Normalized Income": -43021000.0,
        "Net Income From Continuing And Discontinued Operation": -43021000.0,
        "Total Expenses": 172046000.0,
        "Total Operating Income As Reported": -53584000.0,
        "Diluted Average Shares": 162263000.0,
        "Basic Average Shares": 162263000.0,
        "Diluted EPS": -0.27,
        "Basic EPS": -0.27,
        "Diluted NI Availto Com Stockholders": -43021000.0,
        "Net Income Common Stockholders": -43021000.0,
        "Net Income": -43021000.0,
        "Net Income Including Noncontrolling Interests": -43021000.0,
        "Net Income Continuous Operations": -43021000.0,
        "Tax Provision": -1918000.0,
        "Pretax Income": -44939000.0,
        "Other Income Expense": 4845000.0,
        "Other Non Operating Income Expenses": 4845000.0,
        "Net Non Operating Interest Income Expense": 3800000.0,
        "Interest Income Non Operating": 3800000.0,
        "Operating Income": -53584000.0,
        "Operating Expense": 170379000.0,
        "Research And Development": 69144000.0,
        "Selling General And Administration": 101235000.0,
        "Gross Profit": 116795000.0,
        "Cost Of Revenue": 1667000.0,
        "Total Revenue": 118462000.0,
        "Operating Revenue": 118462000.0
    },
    "2022-12-31": {
        "Tax Effect Of Unusual Items": 0.0,
        "Tax Rate For Calcs": 0.21,
        "Normalized EBITDA": -45574000.0,
        "Net Income From Continuing Operation Net Minority Interest": -41725000.0,
        "Reconciled Depreciation": 489000.0,
        "Reconciled Cost Of Revenue": 2413000.0,
        "EBITDA": -45574000.0,
        "EBIT": -46063000.0,
        "Net Interest Income": 3630000.0,
        "Interest Income": 3630000.0,
        "Normalized Income": -41725000.0,
        "Net Income From Continuing And Discontinued Operation": -41725000.0,
        "Total Expenses": 182553000.0,
        "Total Operating Income As Reported": -46063000.0,
        "Diluted Average Shares": 161988000.0,
        "Basic Average Shares": 161988000.0,
        "Diluted EPS": -0.26,
        "Basic EPS": -0.26,
        "Diluted NI Availto Com Stockholders": -41725000.0,
        "Net Income Common Stockholders": -41725000.0,
        "Net Income": -41725000.0,
        "Net Income Including Noncontrolling Interests": -41725000.0,
        "Net Income Continuous Operations": -41725000.0,
        "Tax Provision": 835000.0,
        "Pretax Income": -40890000.0,
        "Other Income Expense": 1543000.0,
        "Other Non Operating Income Expenses": 1543000.0,
        "Net Non Operating Interest Income Expense": 3630000.0,
        "Interest Income Non Operating": 3630000.0,
        "Operating Income": -46063000.0,
        "Operating Expense": 180140000.0,
        "Research And Development": 75738000.0,
        "Selling General And Administration": 104402000.0,
        "Gross Profit": 134077000.0,
        "Cost Of Revenue": 2413000.0,
        "Total Revenue": 136490000.0,
        "Operating Revenue": 136490000.0
    },
    "2022-09-30": {
        "Tax Effect Of Unusual Items": 0.0,
        "Tax Rate For Calcs": 0.21,
        "Normalized EBITDA": -30866000.0,
        "Net Income From Continuing Operation Net Minority Interest": -27183000.0,
        "Reconciled Depreciation": 506000.0,
        "Reconciled Cost Of Revenue": 2136000.0,
        "EBITDA": -30866000.0,
        "EBIT": -30866000.0,
        "Net Interest Income": 2295000.0,
        "Interest Income": 2295000.0,
        "Normalized Income": -27183000.0,
        "Net Income From Continuing And Discontinued Operation": -27183000.0,
        "Total Expenses": 161580000.0,
        "Total Operating Income As Reported": -30866000.0,
        "Diluted Average Shares": 161852000.0,
        "Basic Average Shares": 161852000.0,
        "Diluted EPS": -0.17,
        "Basic EPS": -0.17,
        "Diluted NI Availto Com Stockholders": -27183000.0,
        "Net Income Common Stockholders": -27183000.0,
        "Net Income": -27183000.0,
        "Net Income Including Noncontrolling Interests": -27183000.0,
        "Net Income Continuous Operations": -27183000.0,
        "Tax Provision": 768000.0,
        "Pretax Income": -26415000.0,
        "Other Income Expense": 2156000.0,
        "Other Non Operating Income Expenses": 2156000.0,
        "Net Non Operating Interest Income Expense": 2295000.0,
        "Interest Income Non Operating": 2295000.0,
        "Operating Income": -30866000.0,
        "Operating Expense": 159444000.0,
        "Research And Development": 81336000.0,
        "Selling General And Administration": 78108000.0,
        "General And Administrative Expense": NaN,
        "Other Gand A": NaN,
        "Salaries And Wages": NaN,
        "Gross Profit": 128578000.0,
        "Cost Of Revenue": 2136000.0,
        "Total Revenue": 130714000.0,
        "Operating Revenue": 130714000.0
    },
    "2022-06-30": {
        "Tax Effect Of Unusual Items": 0.0,
        "Tax Rate For Calcs": 0.4,
        "Normalized EBITDA": -33651000.0,
        "Net Income From Continuing Operation Net Minority Interest": -34011000.0,
        "Reconciled Depreciation": 515000.0,
        "Reconciled Cost Of Revenue": 2667000.0,
        "EBITDA": -33651000.0,
        "EBIT": -33651000.0,
        "Net Interest Income": 580000.0,
        "Interest Income": 580000.0,
        "Normalized Income": -34011000.0,
        "Net Income From Continuing And Discontinued Operation": -34011000.0,
        "Total Expenses": 168214000.0,
        "Total Operating Income As Reported": -33651000.0,
        "Diluted Average Shares": 161654000.0,
        "Basic Average Shares": 161654000.0,
        "Diluted EPS": -0.21,
        "Basic EPS": -0.21,
        "Diluted NI Availto Com Stockholders": -34011000.0,
        "Net Income Common Stockholders": -34011000.0,
        "Net Income": -34011000.0,
        "Net Income Including Noncontrolling Interests": -34011000.0,
        "Net Income Continuous Operations": -34011000.0,
        "Tax Provision": 443000.0,
        "Pretax Income": -33568000.0,
        "Other Income Expense": -497000.0,
        "Other Non Operating Income Expenses": -497000.0,
        "Net Non Operating Interest Income Expense": 580000.0,
        "Interest Income Non Operating": 580000.0,
        "Operating Income": -33651000.0,
        "Operating Expense": 165547000.0,
        "Research And Development": 75646000.0,
        "Selling General And Administration": 89901000.0,
        "General And Administrative Expense": NaN,
        "Other Gand A": NaN,
        "Salaries And Wages": NaN,
        "Gross Profit": 131896000.0,
        "Cost Of Revenue": 2667000.0,
        "Total Revenue": 134563000.0,
        "Operating Revenue": 134563000.0
    },
    "2023-06-30": {
        "Tax Effect Of Unusual Items": 0.0,
        "Tax Rate For Calcs": 0.21,
        "Normalized EBITDA": 4803000.0,
        "Net Income From Continuing Operation Net Minority Interest": 1114000.0,
        "Reconciled Depreciation": 1766000.0,
        "Reconciled Cost Of Revenue": 7459000.0,
        "EBITDA": 4803000.0,
        "EBIT": 3037000.0,
        "Net Interest Income": 4550000.0,
        "Interest Income": 4550000.0,
        "Normalized Income": 1114000.0,
        "Net Income From Continuing And Discontinued Operation": 1114000.0,
        "Total Expenses": 162198000.0,
        "Total Operating Income As Reported": 3037000.0,
        "Diluted Average Shares": 165046000.0,
        "Basic Average Shares": 163458000.0,
        "Diluted EPS": 0.01,
        "Basic EPS": 0.01,
        "Diluted NI Availto Com Stockholders": 1114000.0,
        "Net Income Common Stockholders": 1114000.0,
        "Net Income": 1114000.0,
        "Net Income Including Noncontrolling Interests": 1114000.0,
        "Net Income Continuous Operations": 1114000.0,
        "Tax Provision": 5229000.0,
        "Pretax Income": 6343000.0,
        "Other Income Expense": -1244000.0,
        "Other Non Operating Income Expenses": -1244000.0,
        "Net Non Operating Interest Income Expense": 4550000.0,
        "Interest Income Non Operating": 4550000.0,
        "Operating Income": 3037000.0,
        "Operating Expense": 154739000.0,
        "Research And Development": 58771000.0,
        "Selling General And Administration": 95968000.0,
        "Gross Profit": 157776000.0,
        "Cost Of Revenue": 7459000.0,
        "Total Revenue": 165235000.0,
        "Operating Revenue": 165235000.0
    },
    "2022-03-31": {
        "Diluted EPS": -0.7,
        "Total Revenue": 115,
        "Gross Profit": 113,
        "Operating Income": -113,
        "EBIT": -112,
        "Net Income": -113
    },
    "2021-12-31": {
        "Diluted EPS": -0.27,
        "Total Revenue": 131,
        "Gross Profit": 128,
        "Operating Income": -45,
        "EBIT": -43,
        "Net Income": -43
    },
    "2021-09-30": {
        "Diluted EPS": -0.09,
        "Total Revenue": 132,
        "Gross Profit": 128,
        "Operating Income": -15,
        "EBIT": -14,
        "Net Income": -14
    },
    "2021-06-30": {
        "Diluted EPS": -0.27,
        "Total Revenue": 115,
        "Gross Profit": 113,
        "Operating Income": -44,
        "EBIT": -42,
        "Net Income": -44
    },
    "2021-03-31": {
        "Diluted EPS": -0.42,
        "Total Revenue": 107,
        "Gross Profit": 104,
        "Operating Income": -67,
        "EBIT": -65,
        "Net Income": -66
    },
    "2020-12-31": {
        "Diluted EPS": -0.41,
        "Total Revenue": 121,
        "Gross Profit": 118,
        "Operating Income": -67,
        "EBIT": -66,
        "Net Income": -67
    },
    "2020-09-30": {
        "Diluted EPS": -0.54,
        "Total Revenue": 121,
        "Gross Profit": 119,
        "Operating Income": -86,
        "EBIT": -85,
        "Net Income": -85
    },
    "2020-06-30": {
        "Diluted EPS": -0.27,
        "Total Revenue": 110,
        "Gross Profit": 107,
        "Operating Income": -44,
        "EBIT": -43,
        "Net Income": -42
    },
    "2020-03-31": {
        "Diluted EPS": -0.57,
        "Total Revenue": 90,
        "Gross Profit": 87,
        "Operating Income": -90,
        "EBIT": -89,
        "Net Income": -88
    },
    "2019-12-31": {
        "Diluted EPS": -0.34,
        "Total Revenue": 98,
        "Gross Profit": 95,
        "Operating Income": -56,
        "EBIT": -56,
        "Net Income": -53
    },
    "2019-09-30": {
        "Diluted EPS": -0.29,
        "Total Revenue": 95,
        "Gross Profit": 92,
        "Operating Income": -45,
        "EBIT": -46,
        "Net Income": -42
    },
    "2019-06-30": {
        "Diluted EPS": -0.38,
        "Total Revenue": 83,
        "Gross Profit": 80,
        "Operating Income": -57,
        "EBIT": -57,
        "Net Income": -55
    },
    "2019-03-31": {
        "Diluted EPS": -0.59,
        "Total Revenue": 63,
        "Gross Profit": 60,
        "Operating Income": -88,
        "EBIT": -88,
        "Net Income": -85
    },
    "2018-12-31": {
        "Diluted EPS": -0.49,
        "Total Revenue": 60,
        "Gross Profit": 57,
        "Operating Income": -67,
        "EBIT": -67,
        "Net Income": -65
    },
    "2018-09-30": {
        "Diluted EPS": -0.5,
        "Total Revenue": 58,
        "Gross Profit": 54,
        "Operating Income": -61,
        "EBIT": -61,
        "Net Income": -62
    },
    "2018-06-30": {
        "Diluted EPS": -0.51,
        "Total Revenue": 57,
        "Gross Profit": 54,
        "Operating Income": -64,
        "EBIT": -63,
        "Net Income": -63
    },
    "2018-03-31": {
        "Diluted EPS": -0.44,
        "Total Revenue": 49,
        "Gross Profit": 47,
        "Operating Income": -55,
        "EBIT": -54,
        "Net Income": -54
    },
    "2017-12-31": {
        "Diluted EPS": -0.56,
        "Total Revenue": 44,
        "Gross Profit": 41,
        "Operating Income": -70,
        "EBIT": -69,
        "Net Income": -69
    },
    "2017-09-30": {
        "Diluted EPS": -0.53,
        "Total Revenue": 36,
        "Gross Profit": 33,
        "Operating Income": -66,
        "EBIT": -65,
        "Net Income": -65
    },
    "2017-06-30": {
        "Diluted EPS": -0.55,
        "Total Revenue": 30,
        "Gross Profit": 28,
        "Operating Income": -68,
        "EBIT": -68,
        "Net Income": -67
    },
    "2017-03-31": {
        "Diluted EPS": -0.72,
        "Total Revenue": 15,
        "Gross Profit": 13,
        "Operating Income": -89,
        "EBIT": -88,
        "Net Income": -88
    },
    "2016-12-31": {
        "Diluted EPS": -0.65,
        "Total Revenue": 12,
        "Gross Profit": 10,
        "Operating Income": -78,
        "EBIT": -78,
        "Net Income": -79
    },
    "2016-09-30": {
        "Diluted EPS": -0.61,
        "Total Revenue": 5,
        "Gross Profit": 4,
        "Operating Income": -72,
        "EBIT": -71,
        "Net Income": -72
    },
    "2016-06-30": {
        "Diluted EPS": -0.63,
        "Total Revenue": 0,
        "Gross Profit": 0,
        "Operating Income": -72,
        "EBIT": -71,
        "Net Income": -71
    },
    "2016-03-31": {
        "Diluted EPS": -0.45,
        "Total Revenue": 0,
        "Gross Profit": 0,
        "Operating Income": -50,
        "EBIT": -50,
        "Net Income": -50
    },
    "2015-12-31": {
        "Diluted EPS": -0.45,
        "Total Revenue": 0,
        "Gross Profit": 0,
        "Operating Income": -46,
        "EBIT": -46,
        "Net Income": -46
    },
    "2015-09-30": {
        "Diluted EPS": -0.39,
        "Total Revenue": 0,
        "Gross Profit": 0,
        "Operating Income": -39,
        "EBIT": -40,
        "Net Income": -39
    },
    "2015-06-30": {
        "Diluted EPS": -0.39,
        "Total Revenue": 0,
        "Gross Profit": 0,
        "Operating Income": -39,
        "EBIT": -40,
        "Net Income": -39
    },
    "2015-03-31": {
        "Diluted EPS": -0.4,
        "Total Revenue": 0,
        "Gross Profit": 0,
        "Operating Income": -41,
        "EBIT": -41,
        "Net Income": -40
    },
    "2014-12-31": {
        "Diluted EPS": -0.29,
        "Total Revenue": 0,
        "Gross Profit": 0,
        "Operating Income": -29,
        "EBIT": -28,
        "Net Income": -28
    },
    "2014-09-30": {
        "Diluted EPS": -0.25,
        "Total Revenue": 0,
        "Gross Profit": 0,
        "Operating Income": -25,
        "EBIT": -25,
        "Net Income": -25
    },
    "2014-06-30": {
        "Diluted EPS": -0.22,
        "Total Revenue": 0,
        "Gross Profit": 0,
        "Operating Income": -22,
        "EBIT": -22,
        "Net Income": -21
    },
    "2014-03-31": {
        "Diluted EPS": -0.19,
        "Total Revenue": 0,
        "Gross Profit": 0,
        "Operating Income": -18,
        "EBIT": -18,
        "Net Income": -18
    },
    "2013-12-31": {
        "Diluted EPS": -0.13,
        "Total Revenue": 0,
        "Gross Profit": 0,
        "Operating Income": -12,
        "EBIT": -12,
        "Net Income": -12
    },
    "2013-09-30": {
        "Diluted EPS": -0.12,
        "Total Revenue": 0,
        "Gross Profit": 0,
        "Operating Income": -11,
        "EBIT": -10,
        "Net Income": -11
    },
    "2013-06-30": {
        "Diluted EPS": -0.11,
        "Total Revenue": 0,
        "Gross Profit": 0,
        "Operating Income": -9,
        "EBIT": -9,
        "Net Income": -9
    },
    "2013-03-31": {
        "Diluted EPS": -0.08,
        "Total Revenue": 0,
        "Gross Profit": 0,
        "Operating Income": -6,
        "EBIT": -6,
        "Net Income": -6
    },
    "2012-12-31": {
        "Diluted EPS": -0.12,
        "Total Revenue": 0,
        "Gross Profit": 0,
        "Operating Income": -7,
        "EBIT": -7,
        "Net Income": -7
    },
    "2012-09-30": {
        "Diluted EPS": -0.04,
        "Total Revenue": 3,
        "Gross Profit": 3,
        "Operating Income": -2,
        "EBIT": -2,
        "Net Income": -2
    },
    "2012-06-30": {
        "Diluted EPS": -0.1,
        "Total Revenue": 1,
        "Gross Profit": 1,
        "Operating Income": -5,
        "EBIT": -6,
        "Net Income": -5
    },
    "2012-03-31": {
        "Diluted EPS": -0.12,
        "Total Revenue": 0,
        "Gross Profit": 0,
        "Operating Income": -6,
        "EBIT": -6,
        "Net Income": -6
    },
    "2011-12-31": {
        "Diluted EPS": -0.1,
        "Total Revenue": 1,
        "Gross Profit": 1,
        "Operating Income": -5,
        "EBIT": -5,
        "Net Income": -5
    },
    "2011-09-30": {
        "Diluted EPS": -0.1,
        "Total Revenue": 1,
        "Gross Profit": 1,
        "Operating Income": -5,
        "EBIT": -5,
        "Net Income": -5
    },
    "2011-06-30": {
        "Diluted EPS": -0.12,
        "Total Revenue": 0,
        "Gross Profit": 0,
        "Operating Income": -7,
        "EBIT": -6,
        "Net Income": -7
    },
    "2011-03-31": {
        "Diluted EPS": -0.12,
        "Total Revenue": 0,
        "Gross Profit": 0,
        "Operating Income": -6,
        "EBIT": -6,
        "Net Income": -6
    },
    "2010-12-31": {
        "Diluted EPS": 0.75,
        "Total Revenue": 35,
        "Gross Profit": 35,
        "Operating Income": 29,
        "EBIT": 29,
        "Net Income": 29
    },
    "2010-09-30": {
        "Diluted EPS": -0.11,
        "Total Revenue": 2,
        "Gross Profit": 2,
        "Operating Income": -4,
        "EBIT": -4,
        "Net Income": -4
    },
    "2010-06-30": {
        "Diluted EPS": -0.11,
        "Total Revenue": 2,
        "Gross Profit": 2,
        "Operating Income": -4,
        "EBIT": -4,
        "Net Income": -4
    },
    "2010-03-31": {
        "Diluted EPS": -0.14,
        "Total Revenue": 2,
        "Gross Profit": 2,
        "Operating Income": -5,
        "EBIT": -5,
        "Net Income": -5
    },
    "2009-12-31": {
        "Diluted EPS": -0.23,
        "Total Revenue": 2,
        "Gross Profit": 2,
        "Operating Income": -9,
        "EBIT": -8,
        "Net Income": -9
    },
    "2009-09-30": {
        "Diluted EPS": -0.23,
        "Total Revenue": 2,
        "Gross Profit": 2,
        "Operating Income": -9,
        "EBIT": -9,
        "Net Income": -9
    },
    "2009-06-30": {
        "Diluted EPS": -0.34,
        "Total Revenue": 2,
        "Gross Profit": 2,
        "Operating Income": -13,
        "EBIT": -13,
        "Net Income": -13
    },
    "2009-03-31": {
        "Diluted EPS": -0.4,
        "Total Revenue": 0,
        "Gross Profit": 0,
        "Operating Income": -15,
        "EBIT": -15,
        "Net Income": -15
    },
    "2023-09-30": {
        "Tax Effect Of Unusual Items": 0.0,
        "Tax Rate For Calcs": 0.21,
        "Normalized EBITDA": -56053000.0,
        "Net Income From Continuing Operation Net Minority Interest": -65176000.0,
        "Reconciled Depreciation": 1723000.0,
        "Reconciled Cost Of Revenue": 14622000.0,
        "EBITDA": -56053000.0,
        "EBIT": -57776000.0,
        "Net Interest Income": 4125000.0,
        "Interest Income": 4125000.0,
        "Normalized Income": -65176000.0,
        "Net Income From Continuing And Discontinued Operation": -65176000.0,
        "Total Expenses": 269475000.0,
        "Total Operating Income As Reported": -57776000.0,
        "Diluted Average Shares": 164234000.0,
        "Basic Average Shares": 164234000.0,
        "Diluted EPS": -0.4,
        "Basic EPS": -0.4,
        "Diluted NI Availto Com Stockholders": -65176000.0,
        "Net Income Common Stockholders": -65176000.0,
        "Net Income": -65176000.0,
        "Net Income Including Noncontrolling Interests": -65176000.0,
        "Net Income Continuous Operations": -65176000.0,
        "Tax Provision": 13033000.0,
        "Pretax Income": -52143000.0,
        "Other Income Expense": 1508000.0,
        "Other Non Operating Income Expenses": 1508000.0,
        "Net Non Operating Interest Income Expense": 4125000.0,
        "Interest Income Non Operating": 4125000.0,
        "Operating Income": -57776000.0,
        "Operating Expense": 254853000.0,
        "Research And Development": 156963000.0,
        "Selling General And Administration": 97890000.0,
        "Gross Profit": 197077000.0,
        "Cost Of Revenue": 14622000.0,
        "Total Revenue": 211699000.0,
        "Operating Revenue": 211699000.0
    },
    "2023-12-31": {
        "Tax Effect Of Unusual Items": 0.0,
        "Tax Rate For Calcs": 0.21,
        "Normalized EBITDA": 36581000.0,
        "Net Income From Continuing Operation Net Minority Interest": 45797000.0,
        "Reconciled Depreciation": 1637000.0,
        "Reconciled Cost Of Revenue": 17891000.0,
        "EBITDA": 36581000.0,
        "EBIT": 34944000.0,
        "Net Interest Income": 4759000.0,
        "Interest Income": 4759000.0,
        "Normalized Income": 45797000.0,
        "Net Income From Continuing And Discontinued Operation": 45797000.0,
        "Total Expenses": 196097000.0,
        "Total Operating Income As Reported": 34944000.0,
        "Diluted Average Shares": 166510000.0,
        "Basic Average Shares": 164812000.0,
        "Diluted EPS": 0.28,
        "Basic EPS": 0.28,
        "Diluted NI Availto Com Stockholders": 45797000.0,
        "Net Income Common Stockholders": 45797000.0,
        "Net Income": 45797000.0,
        "Net Income Including Noncontrolling Interests": 45797000.0,
        "Net Income Continuous Operations": 45797000.0,
        "Tax Provision": -6094000.0,
        "Pretax Income": 39703000.0,
        "Other Income Expense": 0.0,
        "Other Non Operating Income Expenses": 0.0,
        "Net Non Operating Interest Income Expense": 4759000.0,
        "Interest Income Non Operating": 4759000.0,
        "Operating Income": 34944000.0,
        "Operating Expense": 178206000.0,
        "Research And Development": 66741000.0,
        "Selling General And Administration": 111465000.0,
        "Gross Profit": 213150000.0,
        "Cost Of Revenue": 17891000.0,
        "Total Revenue": 231041000.0,
        "Operating Revenue": 231041000.0
    },
    "2024-03-31": {
        "Tax Effect Of Unusual Items": 0.0,
        "Tax Rate For Calcs": 0.2117,
        "Normalized EBITDA": 20738000.0,
        "Net Income From Continuing Operation Net Minority Interest": 16555000.0,
        "Reconciled Depreciation": 5528000.0,
        "Reconciled Cost Of Revenue": 22951000.0,
        "EBITDA": 20738000.0,
        "EBIT": 15210000.0,
        "Net Interest Income": 5506000.0,
        "Interest Income": 5506000.0,
        "Normalized Income": 16555000.0,
        "Net Income From Continuing And Discontinued Operation": 16555000.0,
        "Total Expenses": 190621000.0,
        "Total Operating Income As Reported": 15210000.0,
        "Diluted Average Shares": 166623000.0,
        "Basic Average Shares": 164798000.0,
        "Diluted EPS": 0.1,
        "Basic EPS": 0.1,
        "Diluted NI Availto Com Stockholders": 16555000.0,
        "Net Income Common Stockholders": 16555000.0,
        "Net Income": 16555000.0,
        "Net Income Including Noncontrolling Interests": 16555000.0,
        "Net Income Continuous Operations": 16555000.0,
        "Tax Provision": 4447000.0,
        "Pretax Income": 21002000.0,
        "Other Income Expense": 286000.0,
        "Other Non Operating Income Expenses": 286000.0,
        "Net Non Operating Interest Income Expense": 5506000.0,
        "Interest Income Non Operating": 5506000.0,
        "Operating Income": 15210000.0,
        "Operating Expense": 167670000.0,
        "Research And Development": 59679000.0,
        "Selling General And Administration": 107991000.0,
        "Gross Profit": 182880000.0,
        "Cost Of Revenue": 22951000.0,
        "Total Revenue": 205831000.0,
        "Operating Revenue": 205831000.0
    },
    "2024-06-30": {
        "Tax Effect Of Unusual Items": 0.0,
        "Tax Rate For Calcs": 0.1022,
        "Normalized EBITDA": 33008000.0,
        "Net Income From Continuing Operation Net Minority Interest": 33389000.0,
        "Reconciled Depreciation": 2571000.0,
        "Reconciled Cost Of Revenue": 18230000.0,
        "EBITDA": 33008000.0,
        "EBIT": 30437000.0,
        "Net Interest Income": 6359000.0,
        "Interest Income": 6359000.0,
        "Normalized Income": 33389000.0,
        "Net Income From Continuing And Discontinued Operation": 33389000.0,
        "Total Expenses": 211526000.0,
        "Total Operating Income As Reported": 30437000.0,
        "Diluted Average Shares": 166174000.0,
        "Basic Average Shares": 165551000.0,
        "Diluted EPS": 0.2,
        "Basic EPS": 0.2,
        "Diluted NI Availto Com Stockholders": 33389000.0,
        "Net Income Common Stockholders": 33389000.0,
        "Net Income": 33389000.0,
        "Net Income Including Noncontrolling Interests": 33389000.0,
        "Net Income Continuous Operations": 33389000.0,
        "Tax Provision": 3793000.0,
        "Pretax Income": 37182000.0,
        "Other Income Expense": 386000.0,
        "Other Non Operating Income Expenses": 386000.0,
        "Net Non Operating Interest Income Expense": 6359000.0,
        "Interest Income Non Operating": 6359000.0,
        "Operating Income": 30437000.0,
        "Operating Expense": 193296000.0,
        "Research And Development": 76233000.0,
        "Selling General And Administration": 117063000.0,
        "Gross Profit": 223733000.0,
        "Cost Of Revenue": 18230000.0,
        "Total Revenue": 241963000.0,
        "Operating Revenue": 241963000.0
    },
    "2024-09-30": {
        "Tax Effect Of Unusual Items": 0.0,
        "Tax Rate For Calcs": 0.155,
        "Normalized EBITDA": 34214000.0,
        "Net Income From Continuing Operation Net Minority Interest": 32765000.0,
        "Reconciled Depreciation": 2570000.0,
        "Reconciled Cost Of Revenue": 18857000.0,
        "EBITDA": 34214000.0,
        "EBIT": 31644000.0,
        "Net Interest Income": 6586000.0,
        "Interest Income": 6586000.0,
        "Normalized Income": 32765000.0,
        "Net Income From Continuing And Discontinued Operation": 32765000.0,
        "Total Expenses": 218757000.0,
        "Total Operating Income As Reported": 31644000.0,
        "Diluted Average Shares": 166178000.0,
        "Basic Average Shares": 165974000.0,
        "Diluted EPS": 0.2,
        "Basic EPS": 0.2,
        "Diluted NI Availto Com Stockholders": 32765000.0,
        "Net Income Common Stockholders": 32765000.0,
        "Net Income": 32765000.0,
        "Net Income Including Noncontrolling Interests": 32765000.0,
        "Net Income Continuous Operations": 32765000.0,
        "Tax Provision": 6041000.0,
        "Pretax Income": 38806000.0,
        "Other Income Expense": 576000.0,
        "Other Non Operating Income Expenses": 576000.0,
        "Net Non Operating Interest Income Expense": 6586000.0,
        "Interest Income Non Operating": 6586000.0,
        "Operating Income": 31644000.0,
        "Operating Expense": 199900000.0,
        "Research And Development": 66606000.0,
        "Selling General And Administration": 133294000.0,
        "Gross Profit": 231544000.0,
        "Cost Of Revenue": 18857000.0,
        "Total Revenue": 250401000.0,
        "Operating Revenue": 250401000.0
    }
}