{
    "2023-03-31": {
        "Tax Effect Of Unusual Items": NaN,
        "Tax Rate For Calcs": NaN,
        "Normalized EBITDA": NaN,
        "Total Unusual Items": NaN,
        "Total Unusual Items Excluding Goodwill": NaN,
        "Net Income From Continuing Operation Net Minority Interest": NaN,
        "Reconciled Depreciation": NaN,
        "Reconciled Cost Of Revenue": NaN,
        "EBITDA": NaN,
        "EBIT": NaN,
        "Net Interest Income": NaN,
        "Interest Expense": NaN,
        "Interest Income": NaN,
        "Normalized Income": NaN,
        "Net Income From Continuing And Discontinued Operation": NaN,
        "Total Expenses": NaN,
        "Total Operating Income As Reported": NaN,
        "Diluted Average Shares": 345269310.0,
        "Basic Average Shares": 345269310.0,
        "Diluted EPS": NaN,
        "Basic EPS": NaN,
        "Diluted NI Availto Com Stockholders": NaN,
        "Net Income Common Stockholders": NaN,
        "Net Income": NaN,
        "Minority Interests": NaN,
        "Net Income Including Noncontrolling Interests": NaN,
        "Net Income Discontinuous Operations": NaN,
        "Net Income Continuous Operations": NaN,
        "Tax Provision": NaN,
        "Pretax Income": NaN,
        "Other Income Expense": NaN,
        "Other Non Operating Income Expenses": NaN,
        "Special Income Charges": NaN,
        "Gain On Sale Of Ppe": NaN,
        "Other Special Charges": NaN,
        "Impairment Of Capital Assets": NaN,
        "Restructuring And Mergern Acquisition": NaN,
        "Earnings From Equity Interest": NaN,
        "Gain On Sale Of Security": NaN,
        "Net Non Operating Interest Income Expense": NaN,
        "Interest Expense Non Operating": NaN,
        "Interest Income Non Operating": NaN,
        "Operating Income": NaN,
        "Operating Expense": NaN,
        "Other Operating Expenses": NaN,
        "Depreciation Amortization Depletion Income Statement": NaN,
        "Depreciation And Amortization In Income Statement": NaN,
        "Research And Development": NaN,
        "Selling General And Administration": NaN,
        "Selling And Marketing Expense": NaN,
        "General And Administrative Expense": NaN,
        "Other Gand A": NaN,
        "Salaries And Wages": NaN,
        "Gross Profit": NaN,
        "Cost Of Revenue": NaN,
        "Total Revenue": NaN,
        "Excise Taxes": NaN,
        "Operating Revenue": NaN
    },
    "2022-12-31": {
        "Tax Effect Of Unusual Items": NaN,
        "Tax Rate For Calcs": NaN,
        "Normalized EBITDA": NaN,
        "Total Unusual Items": NaN,
        "Total Unusual Items Excluding Goodwill": NaN,
        "Net Income From Continuing Operation Net Minority Interest": NaN,
        "Reconciled Depreciation": NaN,
        "Reconciled Cost Of Revenue": NaN,
        "EBITDA": NaN,
        "EBIT": NaN,
        "Net Interest Income": NaN,
        "Interest Expense": NaN,
        "Interest Income": NaN,
        "Normalized Income": NaN,
        "Net Income From Continuing And Discontinued Operation": NaN,
        "Total Expenses": NaN,
        "Total Operating Income As Reported": NaN,
        "Diluted Average Shares": NaN,
        "Basic Average Shares": NaN,
        "Diluted EPS": -2.0,
        "Basic EPS": -2.0,
        "Diluted NI Availto Com Stockholders": NaN,
        "Net Income Common Stockholders": NaN,
        "Net Income": NaN,
        "Minority Interests": 1791000.0,
        "Net Income Including Noncontrolling Interests": NaN,
        "Net Income Discontinuous Operations": NaN,
        "Net Income Continuous Operations": NaN,
        "Tax Provision": NaN,
        "Pretax Income": NaN,
        "Other Income Expense": NaN,
        "Other Non Operating Income Expenses": NaN,
        "Special Income Charges": NaN,
        "Gain On Sale Of Ppe": -1823000.0,
        "Other Special Charges": 11680000.0,
        "Impairment Of Capital Assets": NaN,
        "Restructuring And Mergern Acquisition": NaN,
        "Earnings From Equity Interest": 3000.0,
        "Gain On Sale Of Security": NaN,
        "Net Non Operating Interest Income Expense": NaN,
        "Interest Expense Non Operating": NaN,
        "Interest Income Non Operating": NaN,
        "Operating Income": NaN,
        "Operating Expense": NaN,
        "Other Operating Expenses": NaN,
        "Depreciation Amortization Depletion Income Statement": NaN,
        "Depreciation And Amortization In Income Statement": NaN,
        "Research And Development": NaN,
        "Selling General And Administration": NaN,
        "Selling And Marketing Expense": NaN,
        "General And Administrative Expense": NaN,
        "Other Gand A": NaN,
        "Salaries And Wages": NaN,
        "Gross Profit": NaN,
        "Cost Of Revenue": NaN,
        "Total Revenue": NaN,
        "Excise Taxes": NaN,
        "Operating Revenue": NaN
    },
    "2022-09-30": {
        "Tax Effect Of Unusual Items": NaN,
        "Tax Rate For Calcs": NaN,
        "Normalized EBITDA": NaN,
        "Total Unusual Items": NaN,
        "Total Unusual Items Excluding Goodwill": NaN,
        "Net Income From Continuing Operation Net Minority Interest": NaN,
        "Reconciled Depreciation": NaN,
        "Reconciled Cost Of Revenue": NaN,
        "EBITDA": NaN,
        "EBIT": NaN,
        "Net Interest Income": NaN,
        "Interest Expense": NaN,
        "Interest Income": NaN,
        "Normalized Income": NaN,
        "Net Income From Continuing And Discontinued Operation": NaN,
        "Total Expenses": NaN,
        "Total Operating Income As Reported": NaN,
        "Diluted Average Shares": NaN,
        "Basic Average Shares": NaN,
        "Diluted EPS": -1.7,
        "Basic EPS": -1.7,
        "Diluted NI Availto Com Stockholders": NaN,
        "Net Income Common Stockholders": NaN,
        "Net Income": NaN,
        "Minority Interests": 283000.0,
        "Net Income Including Noncontrolling Interests": NaN,
        "Net Income Discontinuous Operations": -6396000.0,
        "Net Income Continuous Operations": NaN,
        "Tax Provision": NaN,
        "Pretax Income": NaN,
        "Other Income Expense": NaN,
        "Other Non Operating Income Expenses": NaN,
        "Special Income Charges": NaN,
        "Gain On Sale Of Ppe": NaN,
        "Other Special Charges": NaN,
        "Impairment Of Capital Assets": NaN,
        "Restructuring And Mergern Acquisition": NaN,
        "Earnings From Equity Interest": 30000.0,
        "Gain On Sale Of Security": NaN,
        "Net Non Operating Interest Income Expense": NaN,
        "Interest Expense Non Operating": NaN,
        "Interest Income Non Operating": NaN,
        "Operating Income": NaN,
        "Operating Expense": NaN,
        "Other Operating Expenses": NaN,
        "Depreciation Amortization Depletion Income Statement": NaN,
        "Depreciation And Amortization In Income Statement": NaN,
        "Research And Development": NaN,
        "Selling General And Administration": NaN,
        "Selling And Marketing Expense": NaN,
        "General And Administrative Expense": NaN,
        "Other Gand A": NaN,
        "Salaries And Wages": NaN,
        "Gross Profit": NaN,
        "Cost Of Revenue": NaN,
        "Total Revenue": NaN,
        "Excise Taxes": NaN,
        "Operating Revenue": NaN
    },
    "2022-06-30": {
        "Tax Effect Of Unusual Items": -1148134.195504,
        "Tax Rate For Calcs": 0.002198,
        "Normalized EBITDA": -61899000.0,
        "Total Unusual Items": -522380000.0,
        "Total Unusual Items Excluding Goodwill": -522380000.0,
        "Net Income From Continuing Operation Net Minority Interest": -618422000.0,
        "Reconciled Depreciation": 21090000.0,
        "Reconciled Cost Of Revenue": 36487000.0,
        "EBITDA": -584279000.0,
        "EBIT": -605369000.0,
        "Net Interest Income": -14111000.0,
        "Interest Expense": 14771000.0,
        "Interest Income": 660000.0,
        "Normalized Income": -97190134.195504,
        "Net Income From Continuing And Discontinued Operation": -618422000.0,
        "Total Expenses": 114634000.0,
        "Total Operating Income As Reported": -63900000.0,
        "Diluted Average Shares": 248971755.0,
        "Basic Average Shares": 248971755.0,
        "Diluted EPS": -2.59,
        "Basic EPS": -2.59,
        "Diluted NI Availto Com Stockholders": -618422000.0,
        "Net Income Common Stockholders": -618422000.0,
        "Net Income": -618422000.0,
        "Minority Interests": NaN,
        "Net Income Including Noncontrolling Interests": -618777000.0,
        "Net Income Discontinuous Operations": 0.0,
        "Net Income Continuous Operations": -618777000.0,
        "Tax Provision": -1363000.0,
        "Pretax Income": -620140000.0,
        "Other Income Expense": -541610000.0,
        "Other Non Operating Income Expenses": -19281000.0,
        "Special Income Charges": -537782000.0,
        "Gain On Sale Of Ppe": 4029000.0,
        "Gain On Sale Of Business": 0.0,
        "Other Special Charges": 931000.0,
        "Write Off": 0.0,
        "Impairment Of Capital Assets": 536182000.0,
        "Restructuring And Mergern Acquisition": 4698000.0,
        "Earnings From Equity Interest": 51000.0,
        "Gain On Sale Of Security": 15402000.0,
        "Net Non Operating Interest Income Expense": -14111000.0,
        "Interest Expense Non Operating": 14771000.0,
        "Interest Income Non Operating": 660000.0,
        "Operating Income": -64419000.0,
        "Operating Expense": 68809000.0,
        "Other Operating Expenses": 4239000.0,
        "Depreciation Amortization Depletion Income Statement": 11752000.0,
        "Depreciation And Amortization In Income Statement": 11752000.0,
        "Research And Development": 2456000.0,
        "Selling General And Administration": 50362000.0,
        "Selling And Marketing Expense": 16377000.0,
        "General And Administrative Expense": 33985000.0,
        "Other Gand A": 30513000.0,
        "Salaries And Wages": 3472000.0,
        "Gross Profit": 4390000.0,
        "Cost Of Revenue": 45825000.0,
        "Total Revenue": 50215000.0,
        "Excise Taxes": 7339000.0,
        "Operating Revenue": 57554000.0
    },
    "2022-03-31": {
        "Diluted EPS": -3.73,
        "Total Revenue": 40,
        "Gross Profit": -11,
        "Operating Income": -57,
        "EBIT": -40,
        "Net Income": -799
    },
    "2021-12-31": {
        "Diluted EPS": -0.3,
        "Total Revenue": 48,
        "Gross Profit": 4,
        "Operating Income": -44,
        "EBIT": -24,
        "Net Income": -59
    },
    "2021-09-30": {
        "Diluted EPS": -0.05,
        "Total Revenue": 48,
        "Gross Profit": 20,
        "Operating Income": -31,
        "EBIT": -12,
        "Net Income": -9
    },
    "2021-06-30": {
        "Diluted EPS": -0.33,
        "Total Revenue": 45,
        "Gross Profit": 17,
        "Operating Income": -40,
        "EBIT": -13,
        "Net Income": -108
    },
    "2021-03-31": {
        "Diluted EPS": -0.85,
        "Total Revenue": 44,
        "Gross Profit": -67,
        "Operating Income": -113,
        "EBIT": -100,
        "Net Income": -130
    },
    "2020-12-31": {
        "Diluted EPS": -1.34,
        "Total Revenue": 52,
        "Gross Profit": 13,
        "Operating Income": -36,
        "EBIT": -20,
        "Net Income": -225
    },
    "2020-09-30": {
        "Diluted EPS": -0.69,
        "Total Revenue": 51,
        "Gross Profit": 20,
        "Operating Income": -32,
        "EBIT": -12,
        "Net Income": -79
    },
    "2020-06-30": {
        "Diluted EPS": -13.85,
        "Total Revenue": 52,
        "Gross Profit": -109,
        "Operating Income": -154,
        "EBIT": -135,
        "Net Income": NaN
    },
    "2020-03-31": {
        "Diluted EPS": -1.02,
        "Total Revenue": 56,
        "Gross Profit": 20,
        "Operating Income": -62,
        "EBIT": -42,
        "Net Income": -102
    },
    "2019-12-31": {
        "Diluted EPS": -10.73,
        "Total Revenue": 42,
        "Gross Profit": 23,
        "Operating Income": -91,
        "EBIT": -67,
        "Net Income": -974
    },
    "2019-09-30": {
        "Diluted EPS": 0.09,
        "Total Revenue": 57,
        "Gross Profit": 41,
        "Operating Income": -59,
        "EBIT": -36,
        "Net Income": 10
    },
    "2019-06-30": {
        "Diluted EPS": -0.02,
        "Total Revenue": 75,
        "Gross Profit": 51,
        "Operating Income": -33,
        "EBIT": -20,
        "Net Income": -1
    },
    "2019-03-31": {
        "Diluted EPS": -1.45,
        "Total Revenue": 49,
        "Gross Profit": 40,
        "Operating Income": -58,
        "EBIT": -36,
        "Net Income": -119
    },
    "2018-12-31": {
        "Diluted EPS": -2.27,
        "Total Revenue": 41,
        "Gross Profit": 24,
        "Operating Income": -61,
        "EBIT": -41,
        "Net Income": -180
    },
    "2018-09-30": {
        "Diluted EPS": 1.1,
        "Total Revenue": 23,
        "Gross Profit": 6,
        "Operating Income": -86,
        "EBIT": -73,
        "Net Income": 81
    },
    "2018-06-30": {
        "Diluted EPS": 1.51,
        "Total Revenue": 15,
        "Gross Profit": 8,
        "Operating Income": -46,
        "EBIT": -39,
        "Net Income": 63
    },
    "2018-03-31": {
        "Diluted EPS": -0.38,
        "Total Revenue": 13,
        "Gross Profit": 7,
        "Operating Income": -24,
        "EBIT": -23,
        "Net Income": -15
    },
    "2017-12-31": {
        "Diluted EPS": 0.19,
        "Total Revenue": 9,
        "Gross Profit": 5,
        "Operating Income": -12,
        "EBIT": -12,
        "Net Income": 6
    },
    "2017-09-30": {
        "Diluted EPS": 0.1,
        "Total Revenue": 7,
        "Gross Profit": 7,
        "Operating Income": -1,
        "EBIT": -1,
        "Net Income": 3
    },
    "2017-06-30": {
        "Diluted EPS": -0.12,
        "Total Revenue": 4,
        "Gross Profit": 4,
        "Operating Income": 4,
        "EBIT": 4,
        "Net Income": -4
    },
    "2017-03-31": {
        "Diluted EPS": 0.0,
        "Total Revenue": 4,
        "Gross Profit": 4,
        "Operating Income": 4,
        "EBIT": 4,
        "Net Income": 0
    },
    "2016-12-31": {
        "Diluted EPS": -0.12,
        "Total Revenue": 3,
        "Gross Profit": 3,
        "Operating Income": 3,
        "EBIT": 3,
        "Net Income": -2
    },
    "2016-09-30": {
        "Diluted EPS": -0.24,
        "Total Revenue": 2,
        "Gross Profit": 2,
        "Operating Income": 2,
        "EBIT": 2,
        "Net Income": -4
    },
    "2016-06-30": {
        "Diluted EPS": -0.48,
        "Total Revenue": 1,
        "Gross Profit": 1,
        "Operating Income": 1,
        "EBIT": 1,
        "Net Income": -6
    },
    "2023-06-30": {
        "Tax Effect Of Unusual Items": NaN,
        "Tax Rate For Calcs": NaN,
        "Normalized EBITDA": NaN,
        "Total Unusual Items": NaN,
        "Total Unusual Items Excluding Goodwill": NaN,
        "Net Income From Continuing Operation Net Minority Interest": NaN,
        "Reconciled Depreciation": NaN,
        "Reconciled Cost Of Revenue": NaN,
        "EBITDA": NaN,
        "EBIT": NaN,
        "Net Interest Income": NaN,
        "Interest Expense": NaN,
        "Interest Income": NaN,
        "Normalized Income": NaN,
        "Net Income From Continuing And Discontinued Operation": NaN,
        "Total Expenses": NaN,
        "Total Operating Income As Reported": NaN,
        "Diluted Average Shares": 35355862.0,
        "Basic Average Shares": 35355862.0,
        "Diluted EPS": -0.76,
        "Basic EPS": -0.76,
        "Diluted NI Availto Com Stockholders": NaN,
        "Net Income Common Stockholders": NaN,
        "Net Income": NaN,
        "Minority Interests": 1433000.0,
        "Net Income Including Noncontrolling Interests": NaN,
        "Net Income Discontinuous Operations": NaN,
        "Net Income Continuous Operations": NaN,
        "Tax Provision": NaN,
        "Pretax Income": NaN,
        "Other Income Expense": NaN,
        "Other Non Operating Income Expenses": NaN,
        "Special Income Charges": NaN,
        "Gain On Sale Of Ppe": 1631000.0,
        "Other Special Charges": 6035000.0,
        "Impairment Of Capital Assets": NaN,
        "Restructuring And Mergern Acquisition": NaN,
        "Earnings From Equity Interest": 0.0,
        "Gain On Sale Of Security": NaN,
        "Net Non Operating Interest Income Expense": NaN,
        "Interest Expense Non Operating": NaN,
        "Interest Income Non Operating": NaN,
        "Operating Income": NaN,
        "Operating Expense": NaN,
        "Other Operating Expenses": -200000.0,
        "Depreciation Amortization Depletion Income Statement": NaN,
        "Depreciation And Amortization In Income Statement": NaN,
        "Research And Development": NaN,
        "Selling General And Administration": NaN,
        "Selling And Marketing Expense": NaN,
        "General And Administrative Expense": NaN,
        "Other Gand A": NaN,
        "Salaries And Wages": NaN,
        "Gross Profit": NaN,
        "Cost Of Revenue": NaN,
        "Total Revenue": NaN,
        "Excise Taxes": NaN,
        "Operating Revenue": NaN
    },
    "2023-09-30": {
        "Tax Effect Of Unusual Items": -94363.315697,
        "Tax Rate For Calcs": 0.22575,
        "Normalized EBITDA": 12613000.0,
        "Total Unusual Items": -418000.0,
        "Total Unusual Items Excluding Goodwill": -418000.0,
        "Net Income From Continuing Operation Net Minority Interest": 2043000.0,
        "Reconciled Depreciation": 7529000.0,
        "Reconciled Cost Of Revenue": 25200000.0,
        "EBITDA": 12195000.0,
        "EBIT": 4666000.0,
        "Net Interest Income": -849000.0,
        "Interest Expense": 4099000.0,
        "Interest Income": 3250000.0,
        "Normalized Income": 2366636.684303,
        "Net Income From Continuing And Discontinued Operation": -523000.0,
        "Total Expenses": 73381000.0,
        "Total Operating Income As Reported": -10825000.0,
        "Diluted Average Shares": 39800570.0,
        "Basic Average Shares": 38397066.0,
        "Diluted EPS": -0.01,
        "Basic EPS": -0.01,
        "Diluted NI Availto Com Stockholders": -523000.0,
        "Net Income Common Stockholders": -523000.0,
        "Net Income": -523000.0,
        "Minority Interests": 1604000.0,
        "Net Income Including Noncontrolling Interests": -2127000.0,
        "Net Income Discontinuous Operations": -2566000.0,
        "Net Income Continuous Operations": 439000.0,
        "Tax Provision": 128000.0,
        "Pretax Income": 567000.0,
        "Other Income Expense": 11678000.0,
        "Other Non Operating Income Expenses": 12096000.0,
        "Special Income Charges": -2262000.0,
        "Gain On Sale Of Ppe": -205000.0,
        "Other Special Charges": 2401000.0,
        "Impairment Of Capital Assets": 1230000.0,
        "Restructuring And Mergern Acquisition": 1032000.0,
        "Earnings From Equity Interest": 0.0,
        "Gain On Sale Of Security": 1844000.0,
        "Net Non Operating Interest Income Expense": -849000.0,
        "Interest Expense Non Operating": 4099000.0,
        "Interest Income Non Operating": 3250000.0,
        "Operating Income": -10262000.0,
        "Operating Expense": 44663000.0,
        "Other Operating Expenses": -12547000.0,
        "Depreciation Amortization Depletion Income Statement": 4011000.0,
        "Depreciation And Amortization In Income Statement": 4011000.0,
        "Research And Development": 946000.0,
        "Selling General And Administration": 39706000.0,
        "Selling And Marketing Expense": 12611000.0,
        "General And Administrative Expense": 27095000.0,
        "Other Gand A": 22527000.0,
        "Salaries And Wages": 4568000.0,
        "Gross Profit": 34401000.0,
        "Cost Of Revenue": 28718000.0,
        "Total Revenue": 63119000.0,
        "Excise Taxes": 7064000.0,
        "Operating Revenue": 70183000.0
    },
    "2023-12-31": {
        "Tax Effect Of Unusual Items": -16449.911014,
        "Tax Rate For Calcs": 0.00265,
        "Normalized EBITDA": -7864000.0,
        "Total Unusual Items": -6208000.0,
        "Total Unusual Items Excluding Goodwill": -6208000.0,
        "Net Income From Continuing Operation Net Minority Interest": -24154000.0,
        "Reconciled Depreciation": 8640000.0,
        "Reconciled Cost Of Revenue": 40116000.0,
        "EBITDA": -14072000.0,
        "EBIT": -22712000.0,
        "Net Interest Income": 753000.0,
        "Interest Expense": 2573000.0,
        "Interest Income": 3326000.0,
        "Normalized Income": -17962449.911014,
        "Net Income From Continuing And Discontinued Operation": -24499000.0,
        "Total Expenses": 86742000.0,
        "Total Operating Income As Reported": -23890000.0,
        "Diluted Average Shares": 47422593.0,
        "Basic Average Shares": 47422593.0,
        "Diluted EPS": -0.5,
        "Basic EPS": -0.5,
        "Diluted NI Availto Com Stockholders": -24499000.0,
        "Net Income Common Stockholders": -24499000.0,
        "Net Income": -24499000.0,
        "Minority Interests": 1064000.0,
        "Net Income Including Noncontrolling Interests": -25563000.0,
        "Net Income Discontinuous Operations": -345000.0,
        "Net Income Continuous Operations": -25218000.0,
        "Tax Provision": -67000.0,
        "Pretax Income": -25285000.0,
        "Other Income Expense": -3715000.0,
        "Other Non Operating Income Expenses": 2493000.0,
        "Special Income Charges": -5974000.0,
        "Gain On Sale Of Ppe": -1354000.0,
        "Other Special Charges": 2354000.0,
        "Impairment Of Capital Assets": 0.0,
        "Restructuring And Mergern Acquisition": 2266000.0,
        "Earnings From Equity Interest": NaN,
        "Gain On Sale Of Security": -234000.0,
        "Net Non Operating Interest Income Expense": 753000.0,
        "Interest Expense Non Operating": 2573000.0,
        "Interest Income Non Operating": 3326000.0,
        "Operating Income": -22323000.0,
        "Operating Expense": 42126000.0,
        "Other Operating Expenses": NaN,
        "Depreciation Amortization Depletion Income Statement": 4140000.0,
        "Depreciation And Amortization In Income Statement": 4140000.0,
        "Research And Development": 782000.0,
        "Selling General And Administration": 37204000.0,
        "Selling And Marketing Expense": 12106000.0,
        "General And Administrative Expense": 25098000.0,
        "Other Gand A": 22259000.0,
        "Salaries And Wages": 2839000.0,
        "Gross Profit": 19803000.0,
        "Cost Of Revenue": 44616000.0,
        "Total Revenue": 64419000.0,
        "Excise Taxes": 8188000.0,
        "Operating Revenue": 72607000.0
    },
    "2024-03-31": {
        "Tax Effect Of Unusual Items": -1083691.403746,
        "Tax Rate For Calcs": 0.050637,
        "Normalized EBITDA": 16311000.0,
        "Total Unusual Items": -21401000.0,
        "Total Unusual Items Excluding Goodwill": -21401000.0,
        "Net Income From Continuing Operation Net Minority Interest": -17431000.0,
        "Reconciled Depreciation": 6894000.0,
        "Reconciled Cost Of Revenue": 10430000.0,
        "EBITDA": -5090000.0,
        "EBIT": -11984000.0,
        "Net Interest Income": 832000.0,
        "Interest Expense": 2057000.0,
        "Interest Income": 2889000.0,
        "Normalized Income": 2886308.596254,
        "Net Income From Continuing And Discontinued Operation": -17406000.0,
        "Total Expenses": 59990000.0,
        "Total Operating Income As Reported": 3150000.0,
        "Diluted Average Shares": NaN,
        "Basic Average Shares": NaN,
        "Diluted EPS": NaN,
        "Basic EPS": NaN,
        "Diluted NI Availto Com Stockholders": -17406000.0,
        "Net Income Common Stockholders": -17406000.0,
        "Net Income": -17406000.0,
        "Minority Interests": NaN,
        "Net Income Including Noncontrolling Interests": -13305000.0,
        "Net Income Discontinuous Operations": 25000.0,
        "Net Income Continuous Operations": -13330000.0,
        "Tax Provision": -711000.0,
        "Pretax Income": -14041000.0,
        "Other Income Expense": -22294000.0,
        "Other Non Operating Income Expenses": -893000.0,
        "Special Income Charges": -27004000.0,
        "Gain On Sale Of Ppe": 1086000.0,
        "Other Special Charges": 272000.0,
        "Impairment Of Capital Assets": 35870000.0,
        "Restructuring And Mergern Acquisition": -8052000.0,
        "Earnings From Equity Interest": NaN,
        "Gain On Sale Of Security": 5603000.0,
        "Net Non Operating Interest Income Expense": 832000.0,
        "Interest Expense Non Operating": 2057000.0,
        "Interest Income Non Operating": 2889000.0,
        "Operating Income": 7421000.0,
        "Operating Expense": 43746000.0,
        "Other Operating Expenses": -1301000.0,
        "Depreciation Amortization Depletion Income Statement": 1080000.0,
        "Depreciation And Amortization In Income Statement": 1080000.0,
        "Research And Development": 743000.0,
        "Selling General And Administration": 43224000.0,
        "Selling And Marketing Expense": 14537000.0,
        "General And Administrative Expense": 28687000.0,
        "Other Gand A": 25658000.0,
        "Salaries And Wages": 3029000.0,
        "Gross Profit": 51167000.0,
        "Cost Of Revenue": 16244000.0,
        "Total Revenue": 67411000.0,
        "Excise Taxes": 7825000.0,
        "Operating Revenue": 75236000.0
    },
    "2024-06-30": {
        "Tax Effect Of Unusual Items": 264516.426438,
        "Tax Rate For Calcs": 0.370991,
        "Normalized EBITDA": 14464000.0,
        "Total Unusual Items": 713000.0,
        "Total Unusual Items Excluding Goodwill": 713000.0,
        "Net Income From Continuing Operation Net Minority Interest": 6216000.0,
        "Reconciled Depreciation": 5740000.0,
        "Reconciled Cost Of Revenue": 35263000.0,
        "EBITDA": 15177000.0,
        "EBIT": 9437000.0,
        "Net Interest Income": 1610000.0,
        "Interest Expense": 1736000.0,
        "Interest Income": 3346000.0,
        "Normalized Income": 5767516.426438,
        "Net Income From Continuing And Discontinued Operation": 6520000.0,
        "Total Expenses": 81557000.0,
        "Total Operating Income As Reported": 877000.0,
        "Diluted Average Shares": 51721790.0,
        "Basic Average Shares": 51721790.0,
        "Diluted EPS": 0.13,
        "Basic EPS": 0.13,
        "Diluted NI Availto Com Stockholders": 6520000.0,
        "Net Income Common Stockholders": 6520000.0,
        "Net Income": 6520000.0,
        "Minority Interests": 1372000.0,
        "Net Income Including Noncontrolling Interests": 5148000.0,
        "Net Income Discontinuous Operations": 304000.0,
        "Net Income Continuous Operations": 4844000.0,
        "Tax Provision": 2857000.0,
        "Pretax Income": 7701000.0,
        "Other Income Expense": 4213000.0,
        "Other Non Operating Income Expenses": 3500000.0,
        "Special Income Charges": -1130000.0,
        "Gain On Sale Of Ppe": NaN,
        "Other Special Charges": NaN,
        "Impairment Of Capital Assets": 129000.0,
        "Restructuring And Mergern Acquisition": 1001000.0,
        "Earnings From Equity Interest": NaN,
        "Gain On Sale Of Security": 1843000.0,
        "Net Non Operating Interest Income Expense": 1610000.0,
        "Interest Expense Non Operating": 1736000.0,
        "Interest Income Non Operating": 3346000.0,
        "Operating Income": 1878000.0,
        "Operating Expense": 42668000.0,
        "Other Operating Expenses": NaN,
        "Depreciation Amortization Depletion Income Statement": 2114000.0,
        "Depreciation And Amortization In Income Statement": 2114000.0,
        "Research And Development": 987000.0,
        "Selling General And Administration": 39567000.0,
        "Selling And Marketing Expense": 14024000.0,
        "General And Administrative Expense": 25543000.0,
        "Other Gand A": 22524000.0,
        "Salaries And Wages": 3019000.0,
        "Gross Profit": 44546000.0,
        "Cost Of Revenue": 38889000.0,
        "Total Revenue": 83435000.0,
        "Excise Taxes": 8602000.0,
        "Operating Revenue": 92037000.0
    },
    "2024-09-30": {
        "Tax Effect Of Unusual Items": 168750.0,
        "Tax Rate For Calcs": 0.15,
        "Normalized EBITDA": 7038000.0,
        "Total Unusual Items": 1125000.0,
        "Total Unusual Items Excluding Goodwill": 1125000.0,
        "Net Income From Continuing Operation Net Minority Interest": 2599000.0,
        "Reconciled Depreciation": 5424000.0,
        "Reconciled Cost Of Revenue": 35899000.0,
        "EBITDA": 8163000.0,
        "EBIT": 2739000.0,
        "Net Interest Income": 832000.0,
        "Interest Expense": 2136000.0,
        "Interest Income": 2968000.0,
        "Normalized Income": 1642750.0,
        "Net Income From Continuing And Discontinued Operation": -12041000.0,
        "Total Expenses": 82523000.0,
        "Total Operating Income As Reported": -2392000.0,
        "Diluted Average Shares": 56319108.0,
        "Basic Average Shares": 54682990.0,
        "Diluted EPS": -0.22,
        "Basic EPS": -0.22,
        "Diluted NI Availto Com Stockholders": -12041000.0,
        "Net Income Common Stockholders": -12041000.0,
        "Net Income": -12041000.0,
        "Minority Interests": 924000.0,
        "Net Income Including Noncontrolling Interests": -12965000.0,
        "Net Income Discontinuous Operations": -14640000.0,
        "Net Income Continuous Operations": 1675000.0,
        "Tax Provision": -1072000.0,
        "Pretax Income": 603000.0,
        "Other Income Expense": 1172000.0,
        "Other Non Operating Income Expenses": 47000.0,
        "Special Income Charges": -991000.0,
        "Gain On Sale Of Ppe": NaN,
        "Other Special Charges": NaN,
        "Impairment Of Capital Assets": 0.0,
        "Restructuring And Mergern Acquisition": 991000.0,
        "Earnings From Equity Interest": NaN,
        "Gain On Sale Of Security": 2116000.0,
        "Net Non Operating Interest Income Expense": 832000.0,
        "Interest Expense Non Operating": 2136000.0,
        "Interest Income Non Operating": 2968000.0,
        "Operating Income": -1401000.0,
        "Operating Expense": 43566000.0,
        "Other Operating Expenses": NaN,
        "Depreciation Amortization Depletion Income Statement": 2366000.0,
        "Depreciation And Amortization In Income Statement": 2366000.0,
        "Research And Development": 975000.0,
        "Selling General And Administration": 40225000.0,
        "Selling And Marketing Expense": 13721000.0,
        "General And Administrative Expense": 26504000.0,
        "Other Gand A": 22036000.0,
        "Salaries And Wages": 4468000.0,
        "Gross Profit": 42165000.0,
        "Cost Of Revenue": 38957000.0,
        "Total Revenue": 81122000.0,
        "Excise Taxes": 7811000.0,
        "Operating Revenue": 88933000.0
    }
}