{
    "2023-05-31": {
        "Tax Effect Of Unusual Items": NaN,
        "Tax Rate For Calcs": NaN,
        "Normalized EBITDA": NaN,
        "Total Unusual Items": 0.0,
        "Total Unusual Items Excluding Goodwill": 0.0,
        "Net Income From Continuing Operation Net Minority Interest": NaN,
        "Reconciled Depreciation": NaN,
        "Reconciled Cost Of Revenue": NaN,
        "EBITDA": NaN,
        "EBIT": NaN,
        "Net Interest Income": NaN,
        "Interest Income": 921000.0,
        "Normalized Income": NaN,
        "Net Income From Continuing And Discontinued Operation": NaN,
        "Total Expenses": NaN,
        "Total Operating Income As Reported": NaN,
        "Diluted Average Shares": NaN,
        "Basic Average Shares": NaN,
        "Diluted EPS": NaN,
        "Basic EPS": NaN,
        "Diluted NI Availto Com Stockholders": NaN,
        "Net Income Common Stockholders": NaN,
        "Net Income": NaN,
        "Net Income Including Noncontrolling Interests": NaN,
        "Net Income Continuous Operations": NaN,
        "Tax Provision": NaN,
        "Pretax Income": NaN,
        "Other Income Expense": NaN,
        "Other Non Operating Income Expenses": NaN,
        "Special Income Charges": 0.0,
        "Impairment Of Capital Assets": 0.0,
        "Net Non Operating Interest Income Expense": NaN,
        "Total Other Finance Cost": NaN,
        "Interest Income Non Operating": 921000.0,
        "Operating Income": NaN,
        "Operating Expense": NaN,
        "Depreciation Amortization Depletion Income Statement": NaN,
        "Depreciation And Amortization In Income Statement": NaN,
        "Research And Development": NaN,
        "Selling General And Administration": NaN,
        "Selling And Marketing Expense": NaN,
        "General And Administrative Expense": NaN,
        "Other Gand A": NaN,
        "Gross Profit": NaN,
        "Cost Of Revenue": NaN,
        "Total Revenue": NaN,
        "Operating Revenue": NaN
    },
    "2023-02-28": {
        "Tax Effect Of Unusual Items": NaN,
        "Tax Rate For Calcs": NaN,
        "Normalized EBITDA": NaN,
        "Total Unusual Items": 0.0,
        "Total Unusual Items Excluding Goodwill": 0.0,
        "Net Income From Continuing Operation Net Minority Interest": NaN,
        "Reconciled Depreciation": NaN,
        "Reconciled Cost Of Revenue": NaN,
        "EBITDA": NaN,
        "EBIT": NaN,
        "Net Interest Income": NaN,
        "Interest Income": NaN,
        "Normalized Income": NaN,
        "Net Income From Continuing And Discontinued Operation": NaN,
        "Total Expenses": NaN,
        "Total Operating Income As Reported": NaN,
        "Diluted Average Shares": NaN,
        "Basic Average Shares": NaN,
        "Diluted EPS": NaN,
        "Basic EPS": NaN,
        "Diluted NI Availto Com Stockholders": NaN,
        "Net Income Common Stockholders": NaN,
        "Net Income": NaN,
        "Net Income Including Noncontrolling Interests": NaN,
        "Net Income Continuous Operations": NaN,
        "Tax Provision": NaN,
        "Pretax Income": NaN,
        "Other Income Expense": NaN,
        "Other Non Operating Income Expenses": NaN,
        "Special Income Charges": 0.0,
        "Impairment Of Capital Assets": 0.0,
        "Restructuring And Mergern Acquisition": 0.0,
        "Net Non Operating Interest Income Expense": NaN,
        "Total Other Finance Cost": NaN,
        "Interest Income Non Operating": NaN,
        "Operating Income": NaN,
        "Operating Expense": NaN,
        "Depreciation Amortization Depletion Income Statement": NaN,
        "Depreciation And Amortization In Income Statement": NaN,
        "Research And Development": NaN,
        "Selling General And Administration": NaN,
        "Selling And Marketing Expense": NaN,
        "General And Administrative Expense": NaN,
        "Other Gand A": NaN,
        "Gross Profit": NaN,
        "Cost Of Revenue": NaN,
        "Total Revenue": NaN,
        "Operating Revenue": NaN
    },
    "2022-11-30": {
        "Tax Effect Of Unusual Items": NaN,
        "Tax Rate For Calcs": NaN,
        "Normalized EBITDA": NaN,
        "Total Unusual Items": NaN,
        "Total Unusual Items Excluding Goodwill": NaN,
        "Net Income From Continuing Operation Net Minority Interest": NaN,
        "Reconciled Depreciation": NaN,
        "Reconciled Cost Of Revenue": NaN,
        "EBITDA": NaN,
        "EBIT": NaN,
        "Net Interest Income": NaN,
        "Interest Income": 386000.0,
        "Normalized Income": NaN,
        "Net Income From Continuing And Discontinued Operation": NaN,
        "Total Expenses": NaN,
        "Total Operating Income As Reported": NaN,
        "Diluted Average Shares": NaN,
        "Basic Average Shares": NaN,
        "Diluted EPS": NaN,
        "Basic EPS": NaN,
        "Diluted NI Availto Com Stockholders": NaN,
        "Net Income Common Stockholders": NaN,
        "Net Income": NaN,
        "Net Income Including Noncontrolling Interests": NaN,
        "Net Income Continuous Operations": NaN,
        "Tax Provision": NaN,
        "Pretax Income": NaN,
        "Other Income Expense": NaN,
        "Other Non Operating Income Expenses": NaN,
        "Special Income Charges": NaN,
        "Impairment Of Capital Assets": NaN,
        "Restructuring And Mergern Acquisition": 0.0,
        "Net Non Operating Interest Income Expense": NaN,
        "Total Other Finance Cost": NaN,
        "Interest Income Non Operating": 386000.0,
        "Operating Income": NaN,
        "Operating Expense": NaN,
        "Depreciation Amortization Depletion Income Statement": NaN,
        "Depreciation And Amortization In Income Statement": NaN,
        "Research And Development": NaN,
        "Selling General And Administration": NaN,
        "Selling And Marketing Expense": NaN,
        "General And Administrative Expense": NaN,
        "Other Gand A": NaN,
        "Gross Profit": NaN,
        "Cost Of Revenue": NaN,
        "Total Revenue": NaN,
        "Operating Revenue": NaN
    },
    "2022-08-31": {
        "Tax Effect Of Unusual Items": NaN,
        "Tax Rate For Calcs": NaN,
        "Normalized EBITDA": NaN,
        "Total Unusual Items": NaN,
        "Total Unusual Items Excluding Goodwill": NaN,
        "Net Income From Continuing Operation Net Minority Interest": NaN,
        "Reconciled Depreciation": NaN,
        "Reconciled Cost Of Revenue": NaN,
        "EBITDA": NaN,
        "EBIT": NaN,
        "Net Interest Income": NaN,
        "Interest Expense": 236000.0,
        "Interest Income": NaN,
        "Normalized Income": NaN,
        "Net Income From Continuing And Discontinued Operation": NaN,
        "Total Expenses": NaN,
        "Total Operating Income As Reported": NaN,
        "Diluted Average Shares": NaN,
        "Basic Average Shares": NaN,
        "Diluted EPS": NaN,
        "Basic EPS": NaN,
        "Diluted NI Availto Com Stockholders": NaN,
        "Net Income Common Stockholders": NaN,
        "Net Income": NaN,
        "Net Income Including Noncontrolling Interests": NaN,
        "Net Income Continuous Operations": NaN,
        "Tax Provision": NaN,
        "Pretax Income": NaN,
        "Other Income Expense": NaN,
        "Other Non Operating Income Expenses": NaN,
        "Special Income Charges": NaN,
        "Impairment Of Capital Assets": NaN,
        "Restructuring And Mergern Acquisition": 0.0,
        "Net Non Operating Interest Income Expense": NaN,
        "Total Other Finance Cost": NaN,
        "Interest Expense Non Operating": 236000.0,
        "Interest Income Non Operating": NaN,
        "Operating Income": NaN,
        "Operating Expense": NaN,
        "Depreciation Amortization Depletion Income Statement": NaN,
        "Depreciation And Amortization In Income Statement": NaN,
        "Research And Development": NaN,
        "Selling General And Administration": NaN,
        "Selling And Marketing Expense": NaN,
        "General And Administrative Expense": NaN,
        "Other Gand A": NaN,
        "Gross Profit": NaN,
        "Cost Of Revenue": NaN,
        "Total Revenue": NaN,
        "Operating Revenue": NaN
    },
    "2022-05-31": {
        "Tax Effect Of Unusual Items": -3370288.488439,
        "Tax Rate For Calcs": 0.011245,
        "Normalized EBITDA": -34806000.0,
        "Total Unusual Items": -299705000.0,
        "Total Unusual Items Excluding Goodwill": -299705000.0,
        "Net Income From Continuing Operation Net Minority Interest": -342822000.0,
        "Reconciled Depreciation": 11576000.0,
        "Reconciled Cost Of Revenue": 47615000.0,
        "EBIT": -346087000.0,
        "Net Interest Income": -634000.0,
        "Interest Expense": 634000.0,
        "Interest Income": NaN,
        "Normalized Income": -46487288.488439,
        "Net Income From Continuing And Discontinued Operation": -342822000.0,
        "Total Expenses": 131860000.0,
        "Total Operating Income As Reported": -346037000.0,
        "Diluted Average Shares": 69738638.0,
        "Basic Average Shares": 69738638.0,
        "Diluted EPS": -4.92,
        "Basic EPS": -4.92,
        "Diluted NI Availto Com Stockholders": -342822000.0,
        "Net Income Common Stockholders": -342822000.0,
        "Net Income": -342822000.0,
        "Net Income Including Noncontrolling Interests": -342822000.0,
        "Net Income Continuous Operations": -342822000.0,
        "Tax Provision": -3899000.0,
        "Pretax Income": -346721000.0,
        "Other Income Expense": -299755000.0,
        "Other Non Operating Income Expenses": -50000.0,
        "Special Income Charges": -299705000.0,
        "Impairment Of Capital Assets": 299705000.0,
        "Restructuring And Mergern Acquisition": 0.0,
        "Net Non Operating Interest Income Expense": -634000.0,
        "Total Other Finance Cost": NaN,
        "Interest Expense Non Operating": 634000.0,
        "Interest Income Non Operating": NaN,
        "Operating Income": -46332000.0,
        "Operating Expense": 84245000.0,
        "Depreciation Amortization Depletion Income Statement": 11576000.0,
        "Depreciation And Amortization In Income Statement": 11576000.0,
        "Research And Development": 26817000.0,
        "Selling General And Administration": 45852000.0,
        "Selling And Marketing Expense": 25614000.0,
        "General And Administrative Expense": 20238000.0,
        "Other Gand A": 20238000.0,
        "Gross Profit": 37913000.0,
        "Cost Of Revenue": 47615000.0,
        "Total Revenue": 85528000.0,
        "Operating Revenue": 85528000.0
    },
    "2022-02-28": {
        "Diluted EPS": -0.43,
        "Total Revenue": 94,
        "Gross Profit": 50,
        "Operating Income": -30,
        "EBIT": -17,
        "Net Income": -35
    },
    "2021-11-30": {
        "Diluted EPS": 0.31,
        "Total Revenue": 83,
        "Gross Profit": 38,
        "Operating Income": 27,
        "EBIT": 38,
        "Net Income": 23
    },
    "2021-08-31": {
        "Diluted EPS": -0.97,
        "Total Revenue": 73,
        "Gross Profit": 29,
        "Operating Income": -74,
        "EBIT": -63,
        "Net Income": -62
    },
    "2021-05-31": {
        "Diluted EPS": -0.84,
        "Total Revenue": 60,
        "Gross Profit": 24,
        "Operating Income": -48,
        "EBIT": -39,
        "Net Income": -49
    },
    "2021-02-28": {
        "Diluted EPS": 0.93,
        "Total Revenue": 59,
        "Gross Profit": 32,
        "Operating Income": -5,
        "EBIT": -2,
        "Net Income": -5
    },
    "2020-11-30": {
        "Diluted EPS": -0.32,
        "Total Revenue": 38,
        "Gross Profit": 16,
        "Operating Income": -16,
        "EBIT": -14,
        "Net Income": -17
    },
    "2020-08-31": {
        "Diluted EPS": -0.47,
        "Total Revenue": 37,
        "Gross Profit": 16,
        "Operating Income": -13,
        "EBIT": -11,
        "Net Income": -15
    },
    "2020-05-31": {
        "Diluted EPS": -1.86,
        "Total Revenue": 36,
        "Gross Profit": 14,
        "Operating Income": -13,
        "EBIT": -10,
        "Net Income": -14
    },
    "2020-02-29": {
        "Diluted EPS": 0.08,
        "Total Revenue": 44,
        "Gross Profit": 22,
        "Operating Income": -1,
        "EBIT": 1,
        "Net Income": -2
    },
    "2019-11-30": {
        "Diluted EPS": -3.17,
        "Total Revenue": 30,
        "Gross Profit": 12,
        "Operating Income": -17,
        "EBIT": -15,
        "Net Income": -18
    },
    "2019-08-31": {
        "Diluted EPS": -2.82,
        "Total Revenue": 30,
        "Gross Profit": 13,
        "Operating Income": -14,
        "EBIT": -12,
        "Net Income": -15
    },
    "2019-05-31": {
        "Diluted EPS": -3.22,
        "Total Revenue": 29,
        "Gross Profit": 11,
        "Operating Income": -15,
        "EBIT": -13,
        "Net Income": -16
    },
    "2019-02-28": {
        "Diluted EPS": 0.0,
        "Total Revenue": NaN,
        "Gross Profit": NaN,
        "Operating Income": NaN,
        "EBIT": NaN,
        "Net Income": NaN
    },
    "2023-08-31": {
        "Tax Effect Of Unusual Items": NaN,
        "Tax Rate For Calcs": NaN,
        "Normalized EBITDA": NaN,
        "Total Unusual Items": 0.0,
        "Total Unusual Items Excluding Goodwill": 0.0,
        "Net Income From Continuing Operation Net Minority Interest": NaN,
        "Reconciled Depreciation": NaN,
        "Reconciled Cost Of Revenue": NaN,
        "EBITDA": NaN,
        "EBIT": NaN,
        "Net Interest Income": NaN,
        "Interest Income": NaN,
        "Normalized Income": NaN,
        "Net Income From Continuing And Discontinued Operation": NaN,
        "Total Expenses": NaN,
        "Total Operating Income As Reported": NaN,
        "Diluted Average Shares": NaN,
        "Basic Average Shares": NaN,
        "Diluted EPS": NaN,
        "Basic EPS": NaN,
        "Diluted NI Availto Com Stockholders": NaN,
        "Net Income Common Stockholders": NaN,
        "Net Income": NaN,
        "Net Income Including Noncontrolling Interests": NaN,
        "Net Income Continuous Operations": NaN,
        "Tax Provision": NaN,
        "Pretax Income": NaN,
        "Other Income Expense": NaN,
        "Other Non Operating Income Expenses": NaN,
        "Special Income Charges": 0.0,
        "Impairment Of Capital Assets": 0.0,
        "Net Non Operating Interest Income Expense": NaN,
        "Total Other Finance Cost": -1714000.0,
        "Interest Income Non Operating": NaN,
        "Operating Income": NaN,
        "Operating Expense": NaN,
        "Depreciation Amortization Depletion Income Statement": NaN,
        "Depreciation And Amortization In Income Statement": NaN,
        "Research And Development": NaN,
        "Selling General And Administration": NaN,
        "Selling And Marketing Expense": NaN,
        "General And Administrative Expense": NaN,
        "Other Gand A": NaN,
        "Gross Profit": NaN,
        "Cost Of Revenue": NaN,
        "Total Revenue": NaN,
        "Operating Revenue": NaN
    },
    "2023-11-30": {
        "Tax Effect Of Unusual Items": 0.0,
        "Tax Rate For Calcs": 0.21,
        "Normalized EBITDA": -20319000.0,
        "Total Unusual Items": 0.0,
        "Total Unusual Items Excluding Goodwill": 0.0,
        "Net Income From Continuing Operation Net Minority Interest": -21064000.0,
        "Reconciled Depreciation": 11400000.0,
        "Reconciled Cost Of Revenue": 54518000.0,
        "EBITDA": -20319000.0,
        "EBIT": -31719000.0,
        "Net Interest Income": 1705000.0,
        "Interest Income": 1705000.0,
        "Normalized Income": -21064000.0,
        "Net Income From Continuing And Discontinued Operation": -21064000.0,
        "Total Expenses": 131090000.0,
        "Total Operating Income As Reported": -31719000.0,
        "Diluted Average Shares": 76139256.0,
        "Basic Average Shares": 76139256.0,
        "Diluted EPS": -0.28,
        "Basic EPS": -0.28,
        "Diluted NI Availto Com Stockholders": -21064000.0,
        "Net Income Common Stockholders": -21064000.0,
        "Net Income": -21064000.0,
        "Net Income Including Noncontrolling Interests": -21064000.0,
        "Net Income Continuous Operations": -21064000.0,
        "Tax Provision": 331000.0,
        "Pretax Income": -20733000.0,
        "Other Income Expense": 9281000.0,
        "Other Non Operating Income Expenses": 9281000.0,
        "Special Income Charges": 0.0,
        "Impairment Of Capital Assets": 0.0,
        "Net Non Operating Interest Income Expense": 1705000.0,
        "Total Other Finance Cost": -1705000.0,
        "Interest Income Non Operating": 1705000.0,
        "Operating Income": -31719000.0,
        "Operating Expense": 76572000.0,
        "Depreciation Amortization Depletion Income Statement": 11400000.0,
        "Depreciation And Amortization In Income Statement": 11400000.0,
        "Research And Development": 23468000.0,
        "Selling General And Administration": 41704000.0,
        "Selling And Marketing Expense": 26230000.0,
        "General And Administrative Expense": 15474000.0,
        "Other Gand A": 15474000.0,
        "Gross Profit": 44853000.0,
        "Cost Of Revenue": 54518000.0,
        "Total Revenue": 99371000.0,
        "Operating Revenue": 99371000.0
    },
    "2024-02-29": {
        "Tax Effect Of Unusual Items": 0.0,
        "Tax Rate For Calcs": 0.21,
        "Normalized EBITDA": 3409000.0,
        "Total Unusual Items": 0.0,
        "Total Unusual Items Excluding Goodwill": 0.0,
        "Net Income From Continuing Operation Net Minority Interest": -7507000.0,
        "Reconciled Depreciation": 11306000.0,
        "Reconciled Cost Of Revenue": 58194000.0,
        "EBITDA": 3409000.0,
        "EBIT": -7897000.0,
        "Net Interest Income": 1612000.0,
        "Interest Income": NaN,
        "Normalized Income": -7507000.0,
        "Net Income From Continuing And Discontinued Operation": -7507000.0,
        "Total Expenses": 132728000.0,
        "Total Operating Income As Reported": -7897000.0,
        "Diluted Average Shares": 77352584.0,
        "Basic Average Shares": 77352584.0,
        "Diluted EPS": -0.1,
        "Basic EPS": -0.1,
        "Diluted NI Availto Com Stockholders": -7507000.0,
        "Net Income Common Stockholders": -7507000.0,
        "Net Income": -7507000.0,
        "Net Income Including Noncontrolling Interests": -7507000.0,
        "Net Income Continuous Operations": -7507000.0,
        "Tax Provision": 729000.0,
        "Pretax Income": -6778000.0,
        "Other Income Expense": -493000.0,
        "Other Non Operating Income Expenses": -493000.0,
        "Special Income Charges": 0.0,
        "Impairment Of Capital Assets": 0.0,
        "Net Non Operating Interest Income Expense": 1612000.0,
        "Total Other Finance Cost": -1612000.0,
        "Interest Income Non Operating": NaN,
        "Operating Income": -7897000.0,
        "Operating Expense": 74534000.0,
        "Depreciation Amortization Depletion Income Statement": 11306000.0,
        "Depreciation And Amortization In Income Statement": 11306000.0,
        "Research And Development": 24190000.0,
        "Selling General And Administration": 39038000.0,
        "Selling And Marketing Expense": 24727000.0,
        "General And Administrative Expense": 14311000.0,
        "Other Gand A": 14311000.0,
        "Gross Profit": 66637000.0,
        "Cost Of Revenue": 58194000.0,
        "Total Revenue": 124831000.0,
        "Operating Revenue": 124831000.0
    },
    "2024-05-31": {
        "Tax Effect Of Unusual Items": 0.0,
        "Tax Rate For Calcs": 0.012,
        "Normalized EBITDA": -18656000.0,
        "Total Unusual Items": NaN,
        "Total Unusual Items Excluding Goodwill": NaN,
        "Net Income From Continuing Operation Net Minority Interest": -27592000.0,
        "Reconciled Depreciation": 10392000.0,
        "Reconciled Cost Of Revenue": 58611000.0,
        "EBITDA": -18656000.0,
        "EBIT": -29048000.0,
        "Net Interest Income": 1697000.0,
        "Interest Income": NaN,
        "Normalized Income": -27592000.0,
        "Net Income From Continuing And Discontinued Operation": -27592000.0,
        "Total Expenses": 139514000.0,
        "Total Operating Income As Reported": -29048000.0,
        "Diluted Average Shares": 78119493.0,
        "Basic Average Shares": 78119493.0,
        "Diluted EPS": -0.35,
        "Basic EPS": -0.35,
        "Diluted NI Availto Com Stockholders": -27592000.0,
        "Net Income Common Stockholders": -27592000.0,
        "Net Income": -27592000.0,
        "Net Income Including Noncontrolling Interests": -27592000.0,
        "Net Income Continuous Operations": -27592000.0,
        "Tax Provision": 335000.0,
        "Pretax Income": -27257000.0,
        "Other Income Expense": 94000.0,
        "Other Non Operating Income Expenses": 94000.0,
        "Special Income Charges": NaN,
        "Impairment Of Capital Assets": NaN,
        "Net Non Operating Interest Income Expense": 1697000.0,
        "Total Other Finance Cost": -1697000.0,
        "Interest Income Non Operating": NaN,
        "Operating Income": -29048000.0,
        "Operating Expense": 80903000.0,
        "Depreciation Amortization Depletion Income Statement": 10392000.0,
        "Depreciation And Amortization In Income Statement": 10392000.0,
        "Research And Development": 26309000.0,
        "Selling General And Administration": 44202000.0,
        "Selling And Marketing Expense": 28194000.0,
        "General And Administrative Expense": 16008000.0,
        "Other Gand A": 16008000.0,
        "Gross Profit": 51855000.0,
        "Cost Of Revenue": 58611000.0,
        "Total Revenue": 110466000.0,
        "Operating Revenue": 110466000.0
    },
    "2024-08-31": {
        "Tax Effect Of Unusual Items": 0.0,
        "Tax Rate For Calcs": 0.21,
        "Normalized EBITDA": -14507000.0,
        "Total Unusual Items": NaN,
        "Total Unusual Items Excluding Goodwill": NaN,
        "Net Income From Continuing Operation Net Minority Interest": -23934000.0,
        "Reconciled Depreciation": 10637000.0,
        "Reconciled Cost Of Revenue": 56922000.0,
        "EBITDA": -14507000.0,
        "EBIT": -25144000.0,
        "Net Interest Income": 1687000.0,
        "Interest Income": NaN,
        "Normalized Income": -23934000.0,
        "Net Income From Continuing And Discontinued Operation": -23934000.0,
        "Total Expenses": 131504000.0,
        "Total Operating Income As Reported": -25144000.0,
        "Diluted Average Shares": 80072045.0,
        "Basic Average Shares": 80072045.0,
        "Diluted EPS": -0.3,
        "Basic EPS": -0.3,
        "Diluted NI Availto Com Stockholders": -23934000.0,
        "Net Income Common Stockholders": -23934000.0,
        "Net Income": -23934000.0,
        "Net Income Including Noncontrolling Interests": -23934000.0,
        "Net Income Continuous Operations": -23934000.0,
        "Tax Provision": 374000.0,
        "Pretax Income": -23560000.0,
        "Other Income Expense": -103000.0,
        "Other Non Operating Income Expenses": -103000.0,
        "Special Income Charges": NaN,
        "Impairment Of Capital Assets": NaN,
        "Net Non Operating Interest Income Expense": 1687000.0,
        "Total Other Finance Cost": -1687000.0,
        "Interest Income Non Operating": NaN,
        "Operating Income": -25144000.0,
        "Operating Expense": 74582000.0,
        "Depreciation Amortization Depletion Income Statement": 10637000.0,
        "Depreciation And Amortization In Income Statement": 10637000.0,
        "Research And Development": 22477000.0,
        "Selling General And Administration": 41468000.0,
        "Selling And Marketing Expense": 24932000.0,
        "General And Administrative Expense": 16536000.0,
        "Other Gand A": 16536000.0,
        "Gross Profit": 49438000.0,
        "Cost Of Revenue": 56922000.0,
        "Total Revenue": 106360000.0,
        "Operating Revenue": 106360000.0
    },
    "2024-11-30": {
        "Tax Effect Of Unusual Items": -20256600.0,
        "Tax Rate For Calcs": 0.21,
        "Normalized EBITDA": 80653000.0,
        "Total Unusual Items": -96460000.0,
        "Total Unusual Items Excluding Goodwill": -96460000.0,
        "Net Income From Continuing Operation Net Minority Interest": -121264000.0,
        "Reconciled Depreciation": 10048000.0,
        "Reconciled Cost Of Revenue": 58573000.0,
        "EBITDA": -15807000.0,
        "EBIT": -25855000.0,
        "Net Interest Income": 1452000.0,
        "Interest Income": 1452000.0,
        "Normalized Income": -45060600.0,
        "Net Income From Continuing And Discontinued Operation": -121264000.0,
        "Total Expenses": 130916000.0,
        "Total Operating Income As Reported": -122315000.0,
        "Diluted Average Shares": 80646780.0,
        "Basic Average Shares": 80646780.0,
        "Diluted EPS": -1.5,
        "Basic EPS": -1.5,
        "Diluted NI Availto Com Stockholders": -121264000.0,
        "Net Income Common Stockholders": -121264000.0,
        "Net Income": -121264000.0,
        "Net Income Including Noncontrolling Interests": -121264000.0,
        "Net Income Continuous Operations": -121264000.0,
        "Tax Provision": 332000.0,
        "Pretax Income": -120932000.0,
        "Other Income Expense": -96529000.0,
        "Other Non Operating Income Expenses": -69000.0,
        "Special Income Charges": -96460000.0,
        "Impairment Of Capital Assets": 96460000.0,
        "Net Non Operating Interest Income Expense": 1452000.0,
        "Total Other Finance Cost": NaN,
        "Interest Income Non Operating": 1452000.0,
        "Operating Income": -25855000.0,
        "Operating Expense": 72343000.0,
        "Depreciation Amortization Depletion Income Statement": 10048000.0,
        "Depreciation And Amortization In Income Statement": 10048000.0,
        "Research And Development": 20588000.0,
        "Selling General And Administration": 41707000.0,
        "Selling And Marketing Expense": 25508000.0,
        "General And Administrative Expense": 16199000.0,
        "Other Gand A": 16199000.0,
        "Gross Profit": 46488000.0,
        "Cost Of Revenue": 58573000.0,
        "Total Revenue": 105061000.0,
        "Operating Revenue": 105061000.0
    }
}