{
    "2023-03-31": {
        "Tax Effect Of Unusual Items": -693000.0,
        "Tax Rate For Calcs": 0.21,
        "Normalized EBITDA": 33800000.0,
        "Total Unusual Items": -3300000.0,
        "Total Unusual Items Excluding Goodwill": -3300000.0,
        "Net Income From Continuing Operation Net Minority Interest": -3700000.0,
        "Reconciled Depreciation": 19900000.0,
        "Reconciled Cost Of Revenue": 274300000.0,
        "EBITDA": 30500000.0,
        "EBIT": 10600000.0,
        "Net Interest Income": -11500000.0,
        "Interest Expense": 13900000.0,
        "Interest Income": 2400000.0,
        "Normalized Income": -1093000.0,
        "Net Income From Continuing And Discontinued Operation": -3700000.0,
        "Total Expenses": 389200000.0,
        "Total Operating Income As Reported": 10100000.0,
        "Diluted Average Shares": 94900000.0,
        "Basic Average Shares": 94900000.0,
        "Diluted EPS": -0.04,
        "Basic EPS": -0.04,
        "Diluted NI Availto Com Stockholders": -3700000.0,
        "Net Income Common Stockholders": -3700000.0,
        "Net Income": -3700000.0,
        "Net Income Including Noncontrolling Interests": -3700000.0,
        "Net Income Continuous Operations": -3700000.0,
        "Tax Provision": 400000.0,
        "Pretax Income": -3300000.0,
        "Other Income Expense": -5200000.0,
        "Other Non Operating Income Expenses": -1900000.0,
        "Special Income Charges": -3300000.0,
        "Impairment Of Capital Assets": NaN,
        "Restructuring And Mergern Acquisition": 3300000.0,
        "Net Non Operating Interest Income Expense": -11500000.0,
        "Interest Expense Non Operating": 13900000.0,
        "Interest Income Non Operating": 2400000.0,
        "Operating Income": 13400000.0,
        "Operating Expense": 105900000.0,
        "Depreciation Amortization Depletion Income Statement": 10900000.0,
        "Depreciation And Amortization In Income Statement": 10900000.0,
        "Amortization": 10900000.0,
        "Amortization Of Intangibles Income Statement": 10900000.0,
        "Selling General And Administration": 95000000.0,
        "Gross Profit": 119300000.0,
        "Cost Of Revenue": 283300000.0,
        "Total Revenue": 402600000.0,
        "Operating Revenue": 402600000.0
    },
    "2022-12-31": {
        "Tax Effect Of Unusual Items": -2518118.466899,
        "Tax Rate For Calcs": 0.344948,
        "Normalized EBITDA": 68300000.0,
        "Total Unusual Items": -7300000.0,
        "Total Unusual Items Excluding Goodwill": -7300000.0,
        "Net Income From Continuing Operation Net Minority Interest": 18800000.0,
        "Reconciled Depreciation": 19300000.0,
        "Reconciled Cost Of Revenue": 344800000.0,
        "EBITDA": 61000000.0,
        "EBIT": 41700000.0,
        "Net Interest Income": -10900000.0,
        "Interest Expense": 13000000.0,
        "Interest Income": 2100000.0,
        "Normalized Income": 23581881.533101,
        "Net Income From Continuing And Discontinued Operation": 18800000.0,
        "Total Expenses": 456500000.0,
        "Total Operating Income As Reported": 35600000.0,
        "Diluted Average Shares": 95700000.0,
        "Basic Average Shares": 94500000.0,
        "Diluted EPS": 0.2,
        "Basic EPS": 0.2,
        "Diluted NI Availto Com Stockholders": 18800000.0,
        "Net Income Common Stockholders": 18800000.0,
        "Net Income": 18800000.0,
        "Net Income Including Noncontrolling Interests": 18800000.0,
        "Net Income Continuous Operations": 18800000.0,
        "Tax Provision": 9900000.0,
        "Pretax Income": 28700000.0,
        "Other Income Expense": -3300000.0,
        "Other Non Operating Income Expenses": 4000000.0,
        "Special Income Charges": -7300000.0,
        "Impairment Of Capital Assets": 0.0,
        "Restructuring And Mergern Acquisition": 7300000.0,
        "Net Non Operating Interest Income Expense": -10900000.0,
        "Interest Expense Non Operating": 13000000.0,
        "Interest Income Non Operating": 2100000.0,
        "Operating Income": 42900000.0,
        "Operating Expense": 102400000.0,
        "Depreciation Amortization Depletion Income Statement": 10000000.0,
        "Depreciation And Amortization In Income Statement": 10000000.0,
        "Amortization": 10000000.0,
        "Amortization Of Intangibles Income Statement": 10000000.0,
        "Selling General And Administration": 92400000.0,
        "Gross Profit": 145300000.0,
        "Cost Of Revenue": 354100000.0,
        "Total Revenue": 499400000.0,
        "Operating Revenue": 499400000.0
    },
    "2022-09-30": {
        "Tax Effect Of Unusual Items": -38640000.0,
        "Tax Rate For Calcs": 0.4,
        "Normalized EBITDA": 63000000.0,
        "Total Unusual Items": -96600000.0,
        "Total Unusual Items Excluding Goodwill": -96600000.0,
        "Net Income From Continuing Operation Net Minority Interest": -68700000.0,
        "Reconciled Depreciation": 18900000.0,
        "Reconciled Cost Of Revenue": 339200000.0,
        "EBITDA": -33600000.0,
        "EBIT": -52500000.0,
        "Net Interest Income": -9500000.0,
        "Interest Expense": 12100000.0,
        "Interest Income": 2600000.0,
        "Normalized Income": -10740000.0,
        "Net Income From Continuing And Discontinued Operation": -68700000.0,
        "Total Expenses": 452000000.0,
        "Total Operating Income As Reported": -63000000.0,
        "Diluted Average Shares": 94500000.0,
        "Basic Average Shares": 94500000.0,
        "Diluted EPS": -0.73,
        "Basic EPS": -0.73,
        "Diluted NI Availto Com Stockholders": -68700000.0,
        "Net Income Common Stockholders": -68700000.0,
        "Net Income": -68700000.0,
        "Net Income Including Noncontrolling Interests": -68700000.0,
        "Net Income Continuous Operations": -68700000.0,
        "Tax Provision": 4100000.0,
        "Pretax Income": -64600000.0,
        "Other Income Expense": -88700000.0,
        "Other Non Operating Income Expenses": 7900000.0,
        "Special Income Charges": -96600000.0,
        "Impairment Of Capital Assets": 98700000.0,
        "Restructuring And Mergern Acquisition": -2100000.0,
        "Net Non Operating Interest Income Expense": -9500000.0,
        "Interest Expense Non Operating": 12100000.0,
        "Interest Income Non Operating": 2600000.0,
        "Operating Income": 33600000.0,
        "Operating Expense": 103800000.0,
        "Depreciation Amortization Depletion Income Statement": 9900000.0,
        "Depreciation And Amortization In Income Statement": 9900000.0,
        "Amortization": 9900000.0,
        "Amortization Of Intangibles Income Statement": 9900000.0,
        "Selling General And Administration": 93900000.0,
        "Gross Profit": 137400000.0,
        "Cost Of Revenue": 348200000.0,
        "Total Revenue": 485600000.0,
        "Operating Revenue": 485600000.0
    },
    "2022-06-30": {
        "Tax Effect Of Unusual Items": 1792500.0,
        "Tax Rate For Calcs": 0.239,
        "Normalized EBITDA": 75300000.0,
        "Total Unusual Items": 7500000.0,
        "Total Unusual Items Excluding Goodwill": 7500000.0,
        "Net Income From Continuing Operation Net Minority Interest": 39400000.0,
        "Reconciled Depreciation": 20200000.0,
        "Reconciled Cost Of Revenue": 361300000.0,
        "EBITDA": 82800000.0,
        "EBIT": 62600000.0,
        "Net Interest Income": -8600000.0,
        "Interest Expense": 10800000.0,
        "Interest Income": 2200000.0,
        "Normalized Income": 33692500.0,
        "Net Income From Continuing And Discontinued Operation": 39400000.0,
        "Total Expenses": 473100000.0,
        "Total Operating Income As Reported": 55400000.0,
        "Diluted Average Shares": 97400000.0,
        "Basic Average Shares": 96200000.0,
        "Diluted EPS": 0.4,
        "Basic EPS": 0.41,
        "Diluted NI Availto Com Stockholders": 39400000.0,
        "Net Income Common Stockholders": 39400000.0,
        "Net Income": 39400000.0,
        "Net Income Including Noncontrolling Interests": 39400000.0,
        "Net Income Continuous Operations": 39400000.0,
        "Tax Provision": 12400000.0,
        "Pretax Income": 51800000.0,
        "Other Income Expense": 12500000.0,
        "Other Non Operating Income Expenses": 5000000.0,
        "Special Income Charges": 7500000.0,
        "Impairment Of Capital Assets": NaN,
        "Restructuring And Mergern Acquisition": -7500000.0,
        "Net Non Operating Interest Income Expense": -8600000.0,
        "Interest Expense Non Operating": 10800000.0,
        "Interest Income Non Operating": 2200000.0,
        "Operating Income": 47900000.0,
        "Operating Expense": 102100000.0,
        "Depreciation Amortization Depletion Income Statement": 10500000.0,
        "Depreciation And Amortization In Income Statement": 10500000.0,
        "Amortization": 10500000.0,
        "Amortization Of Intangibles Income Statement": 10500000.0,
        "Selling General And Administration": 91600000.0,
        "Gross Profit": 150000000.0,
        "Cost Of Revenue": 371000000.0,
        "Total Revenue": 521000000.0,
        "Operating Revenue": 521000000.0
    },
    "2022-03-31": {
        "Diluted EPS": -0.03,
        "Total Revenue": 442,
        "Gross Profit": 120,
        "Operating Income": 7,
        "EBIT": 29,
        "Net Income": -3
    },
    "2021-12-31": {
        "Diluted EPS": 0.55,
        "Total Revenue": 570,
        "Gross Profit": 178,
        "Operating Income": 64,
        "EBIT": 85,
        "Net Income": 54
    },
    "2021-09-30": {
        "Diluted EPS": 0.21,
        "Total Revenue": 527,
        "Gross Profit": 157,
        "Operating Income": 39,
        "EBIT": 61,
        "Net Income": 20
    },
    "2021-06-30": {
        "Diluted EPS": 0.5,
        "Total Revenue": 518,
        "Gross Profit": 164,
        "Operating Income": 50,
        "EBIT": 72,
        "Net Income": 49
    },
    "2021-03-31": {
        "Diluted EPS": -0.21,
        "Total Revenue": 411,
        "Gross Profit": 116,
        "Operating Income": -1,
        "EBIT": 24,
        "Net Income": -20
    },
    "2020-12-31": {
        "Diluted EPS": 0.31,
        "Total Revenue": 460,
        "Gross Profit": 143,
        "Operating Income": 42,
        "EBIT": 61,
        "Net Income": 30
    },
    "2020-09-30": {
        "Diluted EPS": 0.2,
        "Total Revenue": 444,
        "Gross Profit": 127,
        "Operating Income": 34,
        "EBIT": 53,
        "Net Income": 19
    },
    "2020-06-30": {
        "Diluted EPS": 0.06,
        "Total Revenue": 367,
        "Gross Profit": 110,
        "Operating Income": 19,
        "EBIT": 37,
        "Net Income": 5
    },
    "2020-03-31": {
        "Diluted EPS": 0.08,
        "Total Revenue": 384,
        "Gross Profit": 112,
        "Operating Income": 17,
        "EBIT": 35,
        "Net Income": 8
    },
    "2019-12-31": {
        "Diluted EPS": 0.44,
        "Total Revenue": 537,
        "Gross Profit": 186,
        "Operating Income": 68,
        "EBIT": 87,
        "Net Income": 44
    },
    "2019-09-30": {
        "Diluted EPS": 0.28,
        "Total Revenue": 506,
        "Gross Profit": 156,
        "Operating Income": 49,
        "EBIT": 67,
        "Net Income": 28
    },
    "2019-06-30": {
        "Diluted EPS": 0.35,
        "Total Revenue": 519,
        "Gross Profit": 166,
        "Operating Income": 61,
        "EBIT": 80,
        "Net Income": 36
    },
    "2019-03-31": {
        "Diluted EPS": -0.01,
        "Total Revenue": 394,
        "Gross Profit": 126,
        "Operating Income": 18,
        "EBIT": 37,
        "Net Income": -1
    },
    "2018-12-31": {
        "Diluted EPS": 0.33,
        "Total Revenue": 529,
        "Gross Profit": 177,
        "Operating Income": 66,
        "EBIT": 85,
        "Net Income": 35
    },
    "2018-09-30": {
        "Diluted EPS": 0.34,
        "Total Revenue": 507,
        "Gross Profit": 161,
        "Operating Income": 58,
        "EBIT": 75,
        "Net Income": 36
    },
    "2018-06-30": {
        "Diluted EPS": 0.24,
        "Total Revenue": 499,
        "Gross Profit": 162,
        "Operating Income": 52,
        "EBIT": 69,
        "Net Income": 26
    },
    "2018-03-31": {
        "Diluted EPS": 0.09,
        "Total Revenue": 406,
        "Gross Profit": 128,
        "Operating Income": 12,
        "EBIT": 31,
        "Net Income": 10
    },
    "2017-12-31": {
        "Diluted EPS": 0.67,
        "Total Revenue": 567,
        "Gross Profit": 199,
        "Operating Income": 77,
        "EBIT": 96,
        "Net Income": 74
    },
    "2017-09-30": {
        "Diluted EPS": 0.28,
        "Total Revenue": 532,
        "Gross Profit": 178,
        "Operating Income": 57,
        "EBIT": 75,
        "Net Income": 31
    },
    "2017-06-30": {
        "Diluted EPS": 0.21,
        "Total Revenue": 490,
        "Gross Profit": 169,
        "Operating Income": 43,
        "EBIT": 62,
        "Net Income": 24
    },
    "2017-03-31": {
        "Diluted EPS": 0.03,
        "Total Revenue": 360,
        "Gross Profit": 111,
        "Operating Income": 7,
        "EBIT": 27,
        "Net Income": 4
    },
    "2016-12-31": {
        "Diluted EPS": 0.05,
        "Total Revenue": 438,
        "Gross Profit": 154,
        "Operating Income": 52,
        "EBIT": 65,
        "Net Income": 6
    },
    "2016-09-30": {
        "Diluted EPS": 0.21,
        "Total Revenue": 431,
        "Gross Profit": 144,
        "Operating Income": 56,
        "EBIT": 71,
        "Net Income": 23
    },
    "2016-06-30": {
        "Diluted EPS": 0.57,
        "Total Revenue": 410,
        "Gross Profit": 135,
        "Operating Income": 45,
        "EBIT": 60,
        "Net Income": 62
    },
    "2016-03-31": {
        "Diluted EPS": 0.04,
        "Total Revenue": 278,
        "Gross Profit": 82,
        "Operating Income": 7,
        "EBIT": 20,
        "Net Income": 5
    },
    "2015-12-31": {
        "Diluted EPS": 0.28,
        "Total Revenue": 412,
        "Gross Profit": 138,
        "Operating Income": 57,
        "EBIT": 70,
        "Net Income": 31
    },
    "2015-09-30": {
        "Diluted EPS": 0.3,
        "Total Revenue": 414,
        "Gross Profit": 134,
        "Operating Income": 55,
        "EBIT": 68,
        "Net Income": 33
    },
    "2015-06-30": {
        "Diluted EPS": 0.25,
        "Total Revenue": 395,
        "Gross Profit": 127,
        "Operating Income": 49,
        "EBIT": 63,
        "Net Income": 28
    },
    "2015-03-31": {
        "Diluted EPS": -0.05,
        "Total Revenue": 290,
        "Gross Profit": 80,
        "Operating Income": 3,
        "EBIT": 17,
        "Net Income": -6
    },
    "2014-12-31": {
        "Diluted EPS": 0.39,
        "Total Revenue": 460,
        "Gross Profit": 157,
        "Operating Income": 69,
        "EBIT": 84,
        "Net Income": 44
    },
    "2014-09-30": {
        "Diluted EPS": 0.29,
        "Total Revenue": 472,
        "Gross Profit": 153,
        "Operating Income": 62,
        "EBIT": 77,
        "Net Income": 34
    },
    "2014-06-30": {
        "Diluted EPS": 0.18,
        "Total Revenue": 428,
        "Gross Profit": 131,
        "Operating Income": 44,
        "EBIT": 60,
        "Net Income": 21
    },
    "2014-03-31": {
        "Diluted EPS": -0.07,
        "Total Revenue": 329,
        "Gross Profit": 89,
        "Operating Income": -1,
        "EBIT": 15,
        "Net Income": -8
    },
    "2013-12-31": {
        "Diluted EPS": 0.44,
        "Total Revenue": 504,
        "Gross Profit": 173,
        "Operating Income": 67,
        "EBIT": 84,
        "Net Income": 50
    },
    "2013-09-30": {
        "Diluted EPS": 0.23,
        "Total Revenue": 469,
        "Gross Profit": 141,
        "Operating Income": 50,
        "EBIT": 67,
        "Net Income": 26
    },
    "2013-06-30": {
        "Diluted EPS": 0.08,
        "Total Revenue": 440,
        "Gross Profit": 137,
        "Operating Income": 38,
        "EBIT": 56,
        "Net Income": 10
    },
    "2013-03-31": {
        "Diluted EPS": -0.08,
        "Total Revenue": 352,
        "Gross Profit": 97,
        "Operating Income": -9,
        "EBIT": 9,
        "Net Income": -9
    },
    "2012-12-31": {
        "Diluted EPS": 0.05,
        "Total Revenue": 530,
        "Gross Profit": 182,
        "Operating Income": 67,
        "EBIT": 88,
        "Net Income": -17
    },
    "2012-09-30": {
        "Diluted EPS": 0.48,
        "Total Revenue": 501,
        "Gross Profit": 151,
        "Operating Income": 56,
        "EBIT": 78,
        "Net Income": 55
    },
    "2012-06-30": {
        "Diluted EPS": 0.98,
        "Total Revenue": 439,
        "Gross Profit": 124,
        "Operating Income": 12,
        "EBIT": 38,
        "Net Income": 94
    },
    "2012-03-31": {
        "Diluted EPS": -0.31,
        "Total Revenue": 289,
        "Gross Profit": 80,
        "Operating Income": 4,
        "EBIT": 13,
        "Net Income": -17
    },
    "2011-12-31": {
        "Diluted EPS": 0.18,
        "Total Revenue": 351,
        "Gross Profit": 105,
        "Operating Income": 36,
        "EBIT": 45,
        "Net Income": 9
    },
    "2011-09-30": {
        "Diluted EPS": 0.2,
        "Total Revenue": 339,
        "Gross Profit": 103,
        "Operating Income": 35,
        "EBIT": 47,
        "Net Income": 12
    },
    "2011-06-30": {
        "Diluted EPS": 0.75,
        "Total Revenue": 330,
        "Gross Profit": 101,
        "Operating Income": 31,
        "EBIT": 41,
        "Net Income": 44
    },
    "2011-03-31": {
        "Diluted EPS": -0.15,
        "Total Revenue": 298,
        "Gross Profit": 89,
        "Operating Income": 13,
        "EBIT": 24,
        "Net Income": -8
    },
    "2010-12-31": {
        "Diluted EPS": 0.13,
        "Total Revenue": 349,
        "Gross Profit": 95,
        "Operating Income": 33,
        "EBIT": 43,
        "Net Income": 7
    },
    "2010-09-30": {
        "Diluted EPS": 0.09,
        "Total Revenue": 319,
        "Gross Profit": 98,
        "Operating Income": 30,
        "EBIT": 41,
        "Net Income": 5
    },
    "2010-06-30": {
        "Diluted EPS": 0.09,
        "Total Revenue": 305,
        "Gross Profit": 95,
        "Operating Income": 25,
        "EBIT": 36,
        "Net Income": 5
    },
    "2010-03-31": {
        "Diluted EPS": -0.09,
        "Total Revenue": 311,
        "Gross Profit": 95,
        "Operating Income": 22,
        "EBIT": 33,
        "Net Income": -5
    },
    "2009-12-31": {
        "Diluted EPS": 0.02,
        "Total Revenue": 314,
        "Gross Profit": 94,
        "Operating Income": 24,
        "EBIT": 35,
        "Net Income": 1
    },
    "2009-09-30": {
        "Diluted EPS": 0.02,
        "Total Revenue": 323,
        "Gross Profit": 100,
        "Operating Income": 28,
        "EBIT": 39,
        "Net Income": 1
    },
    "2009-06-30": {
        "Diluted EPS": -2.23,
        "Total Revenue": 304,
        "Gross Profit": 89,
        "Operating Income": 11,
        "EBIT": 23,
        "Net Income": -121
    },
    "2009-03-31": {
        "Diluted EPS": -0.13,
        "Total Revenue": 293,
        "Gross Profit": 82,
        "Operating Income": 13,
        "EBIT": 24,
        "Net Income": -7
    },
    "2023-06-30": {
        "Tax Effect Of Unusual Items": 0.0,
        "Tax Rate For Calcs": 0.371,
        "Normalized EBITDA": 76800000.0,
        "Total Unusual Items": 0.0,
        "Total Unusual Items Excluding Goodwill": 0.0,
        "Net Income From Continuing Operation Net Minority Interest": 26400000.0,
        "Reconciled Depreciation": 19300000.0,
        "Reconciled Cost Of Revenue": 321100000.0,
        "EBITDA": 76800000.0,
        "EBIT": 57500000.0,
        "Net Interest Income": -13300000.0,
        "Interest Expense": 15500000.0,
        "Interest Income": 2200000.0,
        "Normalized Income": 26400000.0,
        "Net Income From Continuing And Discontinued Operation": 26400000.0,
        "Total Expenses": 438400000.0,
        "Total Operating Income As Reported": 55200000.0,
        "Diluted Average Shares": 96300000.0,
        "Basic Average Shares": 95400000.0,
        "Diluted EPS": 0.27,
        "Basic EPS": 0.28,
        "Diluted NI Availto Com Stockholders": 26400000.0,
        "Net Income Common Stockholders": 26400000.0,
        "Net Income": 26400000.0,
        "Net Income Including Noncontrolling Interests": 26400000.0,
        "Net Income Continuous Operations": 26400000.0,
        "Tax Provision": 15600000.0,
        "Pretax Income": 42000000.0,
        "Other Income Expense": 100000.0,
        "Other Non Operating Income Expenses": 100000.0,
        "Special Income Charges": 0.0,
        "Impairment Of Capital Assets": NaN,
        "Restructuring And Mergern Acquisition": 0.0,
        "Net Non Operating Interest Income Expense": -13300000.0,
        "Interest Expense Non Operating": 15500000.0,
        "Interest Income Non Operating": 2200000.0,
        "Operating Income": 55200000.0,
        "Operating Expense": 109000000.0,
        "Depreciation Amortization Depletion Income Statement": 11000000.0,
        "Depreciation And Amortization In Income Statement": 11000000.0,
        "Amortization": 11000000.0,
        "Amortization Of Intangibles Income Statement": 11000000.0,
        "Selling General And Administration": 98000000.0,
        "Gross Profit": 164200000.0,
        "Cost Of Revenue": 329400000.0,
        "Total Revenue": 493600000.0,
        "Operating Revenue": 493600000.0
    },
    "2023-09-30": {
        "Tax Effect Of Unusual Items": -930000.0,
        "Tax Rate For Calcs": 0.31,
        "Normalized EBITDA": 58900000.0,
        "Total Unusual Items": -3000000.0,
        "Total Unusual Items Excluding Goodwill": -3000000.0,
        "Net Income From Continuing Operation Net Minority Interest": 14900000.0,
        "Reconciled Depreciation": 18700000.0,
        "Reconciled Cost Of Revenue": 295300000.0,
        "EBITDA": 55900000.0,
        "EBIT": 37200000.0,
        "Net Interest Income": -14000000.0,
        "Interest Expense": 15600000.0,
        "Interest Income": 1600000.0,
        "Normalized Income": 16970000.0,
        "Net Income From Continuing And Discontinued Operation": 14900000.0,
        "Total Expenses": 412800000.0,
        "Total Operating Income As Reported": 32200000.0,
        "Diluted Average Shares": 96700000.0,
        "Basic Average Shares": 95400000.0,
        "Diluted EPS": 0.15,
        "Basic EPS": 0.16,
        "Diluted NI Availto Com Stockholders": 14900000.0,
        "Net Income Common Stockholders": 14900000.0,
        "Net Income": 14900000.0,
        "Net Income Including Noncontrolling Interests": 14900000.0,
        "Net Income Continuous Operations": 14900000.0,
        "Tax Provision": 6700000.0,
        "Pretax Income": 21600000.0,
        "Other Income Expense": 400000.0,
        "Other Non Operating Income Expenses": 3400000.0,
        "Special Income Charges": -3000000.0,
        "Impairment Of Capital Assets": 0.0,
        "Restructuring And Mergern Acquisition": 3000000.0,
        "Net Non Operating Interest Income Expense": -14000000.0,
        "Interest Expense Non Operating": 15600000.0,
        "Interest Income Non Operating": 1600000.0,
        "Operating Income": 35200000.0,
        "Operating Expense": 109600000.0,
        "Depreciation Amortization Depletion Income Statement": 10800000.0,
        "Depreciation And Amortization In Income Statement": 10800000.0,
        "Amortization": 10800000.0,
        "Amortization Of Intangibles Income Statement": 10800000.0,
        "Selling General And Administration": 98800000.0,
        "Gross Profit": 144800000.0,
        "Cost Of Revenue": 303200000.0,
        "Total Revenue": 448000000.0,
        "Operating Revenue": 448000000.0
    },
    "2023-12-31": {
        "Tax Effect Of Unusual Items": -21057220.708447,
        "Tax Rate For Calcs": 0.190736,
        "Normalized EBITDA": 68800000.0,
        "Total Unusual Items": -110400000.0,
        "Total Unusual Items Excluding Goodwill": -110400000.0,
        "Net Income From Continuing Operation Net Minority Interest": -59400000.0,
        "Reconciled Depreciation": 18200000.0,
        "Reconciled Cost Of Revenue": 311100000.0,
        "EBITDA": -41600000.0,
        "EBIT": -59800000.0,
        "Net Interest Income": -12700000.0,
        "Interest Expense": 13600000.0,
        "Interest Income": 900000.0,
        "Normalized Income": 29942779.291553,
        "Net Income From Continuing And Discontinued Operation": -59400000.0,
        "Total Expenses": 432800000.0,
        "Total Operating Income As Reported": -52800000.0,
        "Diluted Average Shares": NaN,
        "Basic Average Shares": NaN,
        "Diluted EPS": NaN,
        "Basic EPS": NaN,
        "Diluted NI Availto Com Stockholders": -59400000.0,
        "Net Income Common Stockholders": -59400000.0,
        "Net Income": -59400000.0,
        "Net Income Including Noncontrolling Interests": -59400000.0,
        "Net Income Continuous Operations": -59400000.0,
        "Tax Provision": -14000000.0,
        "Pretax Income": -73400000.0,
        "Other Income Expense": -116500000.0,
        "Other Non Operating Income Expenses": -6100000.0,
        "Special Income Charges": -110400000.0,
        "Impairment Of Capital Assets": 89500000.0,
        "Restructuring And Mergern Acquisition": 20900000.0,
        "Net Non Operating Interest Income Expense": -12700000.0,
        "Interest Expense Non Operating": 13600000.0,
        "Interest Income Non Operating": 900000.0,
        "Operating Income": 55800000.0,
        "Operating Expense": 114200000.0,
        "Depreciation Amortization Depletion Income Statement": 10700000.0,
        "Depreciation And Amortization In Income Statement": 10700000.0,
        "Amortization": 10700000.0,
        "Amortization Of Intangibles Income Statement": 10700000.0,
        "Selling General And Administration": 103500000.0,
        "Gross Profit": 170000000.0,
        "Cost Of Revenue": 318600000.0,
        "Total Revenue": 488600000.0,
        "Operating Revenue": 488600000.0
    }
}