{
    "2023-03-31": {
        "Tax Effect Of Unusual Items": NaN,
        "Tax Rate For Calcs": NaN,
        "Normalized EBITDA": NaN,
        "Total Unusual Items": NaN,
        "Total Unusual Items Excluding Goodwill": NaN,
        "Net Income From Continuing Operation Net Minority Interest": NaN,
        "Reconciled Depreciation": NaN,
        "Reconciled Cost Of Revenue": NaN,
        "EBITDA": NaN,
        "EBIT": NaN,
        "Net Interest Income": NaN,
        "Interest Expense": NaN,
        "Normalized Income": NaN,
        "Net Income From Continuing And Discontinued Operation": NaN,
        "Total Expenses": NaN,
        "Total Operating Income As Reported": NaN,
        "Diluted Average Shares": NaN,
        "Basic Average Shares": NaN,
        "Diluted EPS": NaN,
        "Basic EPS": NaN,
        "Diluted NI Availto Com Stockholders": NaN,
        "Average Dilution Earnings": 100000.0,
        "Net Income Common Stockholders": NaN,
        "Otherunder Preferred Stock Dividend": NaN,
        "Net Income": NaN,
        "Minority Interests": NaN,
        "Net Income Including Noncontrolling Interests": NaN,
        "Net Income Continuous Operations": NaN,
        "Tax Provision": NaN,
        "Pretax Income": NaN,
        "Other Income Expense": NaN,
        "Other Non Operating Income Expenses": NaN,
        "Special Income Charges": NaN,
        "Gain On Sale Of Ppe": NaN,
        "Other Special Charges": NaN,
        "Impairment Of Capital Assets": NaN,
        "Restructuring And Mergern Acquisition": NaN,
        "Net Non Operating Interest Income Expense": NaN,
        "Interest Expense Non Operating": NaN,
        "Operating Income": NaN,
        "Operating Expense": NaN,
        "Other Operating Expenses": 4400000.0,
        "Provision For Doubtful Accounts": NaN,
        "Selling General And Administration": NaN,
        "General And Administrative Expense": NaN,
        "Other Gand A": NaN,
        "Salaries And Wages": NaN,
        "Gross Profit": NaN,
        "Cost Of Revenue": NaN,
        "Total Revenue": NaN,
        "Operating Revenue": NaN
    },
    "2022-12-31": {
        "Tax Effect Of Unusual Items": -9745470.0,
        "Tax Rate For Calcs": 0.21,
        "Normalized EBITDA": 258383000.0,
        "Total Unusual Items": -46407000.0,
        "Total Unusual Items Excluding Goodwill": -46407000.0,
        "Net Income From Continuing Operation Net Minority Interest": -16788000.0,
        "Reconciled Depreciation": 90262000.0,
        "Reconciled Cost Of Revenue": 567695000.0,
        "EBITDA": 211976000.0,
        "EBIT": 121714000.0,
        "Net Interest Income": -20516000.0,
        "Interest Expense": 20516000.0,
        "Normalized Income": 19873530.0,
        "Net Income From Continuing And Discontinued Operation": -16788000.0,
        "Total Expenses": 634133000.0,
        "Total Operating Income As Reported": 113769000.0,
        "Diluted Average Shares": 54000000.0,
        "Basic Average Shares": 54000000.0,
        "Diluted EPS": 0.757407,
        "Basic EPS": 0.757407,
        "Diluted NI Availto Com Stockholders": 39940000.0,
        "Average Dilution Earnings": NaN,
        "Net Income Common Stockholders": 40012000.0,
        "Net Income": -16788000.0,
        "Minority Interests": -121907000.0,
        "Net Income Including Noncontrolling Interests": 105119000.0,
        "Net Income Continuous Operations": 105119000.0,
        "Tax Provision": -3921000.0,
        "Pretax Income": 101198000.0,
        "Other Income Expense": -38199000.0,
        "Other Non Operating Income Expenses": 8208000.0,
        "Special Income Charges": -46407000.0,
        "Gain On Sale Of Ppe": NaN,
        "Other Special Charges": 263000.0,
        "Restructuring And Mergern Acquisition": NaN,
        "Net Non Operating Interest Income Expense": -20516000.0,
        "Interest Expense Non Operating": 20516000.0,
        "Operating Income": 159913000.0,
        "Operating Expense": 66438000.0,
        "Other Operating Expenses": NaN,
        "Provision For Doubtful Accounts": NaN,
        "Selling General And Administration": 51138000.0,
        "General And Administrative Expense": NaN,
        "Other Gand A": NaN,
        "Salaries And Wages": NaN,
        "Gross Profit": 226351000.0,
        "Cost Of Revenue": 567695000.0,
        "Total Revenue": 794046000.0,
        "Operating Revenue": 794046000.0
    },
    "2022-09-30": {
        "Tax Effect Of Unusual Items": NaN,
        "Tax Rate For Calcs": NaN,
        "Normalized EBITDA": NaN,
        "Total Unusual Items": NaN,
        "Total Unusual Items Excluding Goodwill": NaN,
        "Net Income From Continuing Operation Net Minority Interest": NaN,
        "Reconciled Depreciation": NaN,
        "Reconciled Cost Of Revenue": NaN,
        "EBITDA": NaN,
        "EBIT": NaN,
        "Net Interest Income": NaN,
        "Interest Expense": NaN,
        "Normalized Income": NaN,
        "Net Income From Continuing And Discontinued Operation": NaN,
        "Total Expenses": NaN,
        "Total Operating Income As Reported": NaN,
        "Diluted Average Shares": NaN,
        "Basic Average Shares": NaN,
        "Diluted EPS": NaN,
        "Basic EPS": NaN,
        "Diluted NI Availto Com Stockholders": NaN,
        "Average Dilution Earnings": 0.0,
        "Net Income Common Stockholders": NaN,
        "Net Income": NaN,
        "Minority Interests": NaN,
        "Net Income Including Noncontrolling Interests": NaN,
        "Net Income Continuous Operations": NaN,
        "Tax Provision": NaN,
        "Pretax Income": NaN,
        "Other Income Expense": NaN,
        "Other Non Operating Income Expenses": NaN,
        "Special Income Charges": NaN,
        "Gain On Sale Of Ppe": NaN,
        "Other Special Charges": NaN,
        "Restructuring And Mergern Acquisition": NaN,
        "Net Non Operating Interest Income Expense": NaN,
        "Interest Expense Non Operating": NaN,
        "Operating Income": NaN,
        "Operating Expense": NaN,
        "Other Operating Expenses": NaN,
        "Provision For Doubtful Accounts": NaN,
        "Selling General And Administration": NaN,
        "General And Administrative Expense": NaN,
        "Other Gand A": NaN,
        "Salaries And Wages": NaN,
        "Gross Profit": NaN,
        "Cost Of Revenue": NaN,
        "Total Revenue": NaN,
        "Operating Revenue": NaN
    },
    "2022-06-30": {
        "Tax Effect Of Unusual Items": -607615.120275,
        "Tax Rate For Calcs": 0.055414,
        "Normalized EBITDA": 162685000.0,
        "Total Unusual Items": -10965000.0,
        "Total Unusual Items Excluding Goodwill": -10965000.0,
        "Net Income From Continuing Operation Net Minority Interest": 6558000.0,
        "Reconciled Depreciation": 64064000.0,
        "Reconciled Cost Of Revenue": 404664000.0,
        "EBITDA": 151720000.0,
        "EBIT": 87656000.0,
        "Net Interest Income": -13451000.0,
        "Interest Expense": 13451000.0,
        "Normalized Income": 16915384.879725,
        "Net Income From Continuing And Discontinued Operation": 6558000.0,
        "Total Expenses": 492212000.0,
        "Total Operating Income As Reported": 95489000.0,
        "Diluted Average Shares": 40100000.0,
        "Basic Average Shares": 40100000.0,
        "Diluted EPS": 0.16,
        "Basic EPS": 0.16,
        "Diluted NI Availto Com Stockholders": 6558000.0,
        "Average Dilution Earnings": NaN,
        "Net Income Common Stockholders": 6558000.0,
        "Net Income": 6558000.0,
        "Minority Interests": -63535000.0,
        "Net Income Including Noncontrolling Interests": 70093000.0,
        "Net Income Continuous Operations": 70093000.0,
        "Tax Provision": 4112000.0,
        "Pretax Income": 74205000.0,
        "Other Income Expense": -9976000.0,
        "Other Non Operating Income Expenses": 989000.0,
        "Special Income Charges": -10965000.0,
        "Gain On Sale Of Ppe": -2143000.0,
        "Other Special Charges": 8822000.0,
        "Restructuring And Mergern Acquisition": NaN,
        "Net Non Operating Interest Income Expense": -13451000.0,
        "Interest Expense Non Operating": 13451000.0,
        "Operating Income": 97632000.0,
        "Operating Expense": 87548000.0,
        "Other Operating Expenses": NaN,
        "Provision For Doubtful Accounts": NaN,
        "Selling General And Administration": 87548000.0,
        "General And Administrative Expense": NaN,
        "Other Gand A": NaN,
        "Salaries And Wages": NaN,
        "Gross Profit": 185180000.0,
        "Cost Of Revenue": 404664000.0,
        "Total Revenue": 589844000.0,
        "Operating Revenue": 589844000.0
    },
    "2022-03-31": {
        "Diluted EPS": 0.0,
        "Total Revenue": 345,
        "Gross Profit": 109,
        "Operating Income": 30,
        "EBIT": 76,
        "Net Income": 0
    },
    "2021-12-31": {
        "Diluted EPS": 0.0,
        "Total Revenue": 248,
        "Gross Profit": 67,
        "Operating Income": 12,
        "EBIT": 47,
        "Net Income": 35
    },
    "2021-09-30": {
        "Diluted EPS": 0.0,
        "Total Revenue": 196,
        "Gross Profit": 52,
        "Operating Income": -7,
        "EBIT": 29,
        "Net Income": NaN
    },
    "2021-06-30": {
        "Diluted EPS": 0.0,
        "Total Revenue": 175,
        "Gross Profit": 48,
        "Operating Income": -3,
        "EBIT": 33,
        "Net Income": -9
    },
    "2021-03-31": {
        "Diluted EPS": 0.0,
        "Total Revenue": 150,
        "Gross Profit": 31,
        "Operating Income": -20,
        "EBIT": 16,
        "Net Income": -26
    },
    "2020-12-31": {
        "Diluted EPS": 0.0,
        "Total Revenue": NaN,
        "Gross Profit": NaN,
        "Operating Income": NaN,
        "EBIT": NaN,
        "Net Income": NaN
    },
    "2023-06-30": {
        "Tax Effect Of Unusual Items": -1785000.0,
        "Tax Rate For Calcs": 0.21,
        "Normalized EBITDA": 163400000.0,
        "Total Unusual Items": -8500000.0,
        "Total Unusual Items Excluding Goodwill": -8500000.0,
        "Net Income From Continuing Operation Net Minority Interest": -2900000.0,
        "Reconciled Depreciation": 108900000.0,
        "Reconciled Cost Of Revenue": 583500000.0,
        "EBITDA": 154900000.0,
        "EBIT": 46000000.0,
        "Net Interest Income": -41000000.0,
        "Interest Expense": 41000000.0,
        "Normalized Income": 3815000.0,
        "Net Income From Continuing And Discontinued Operation": -2900000.0,
        "Total Expenses": 647000000.0,
        "Total Operating Income As Reported": 53700000.0,
        "Diluted Average Shares": 148800000.0,
        "Basic Average Shares": 148800000.0,
        "Diluted EPS": -0.02,
        "Basic EPS": -0.02,
        "Diluted NI Availto Com Stockholders": -2900000.0,
        "Average Dilution Earnings": 0.0,
        "Net Income Common Stockholders": -2900000.0,
        "Otherunder Preferred Stock Dividend": 0.0,
        "Net Income": -2900000.0,
        "Minority Interests": 1700000.0,
        "Net Income Including Noncontrolling Interests": -4600000.0,
        "Net Income Continuous Operations": -4600000.0,
        "Tax Provision": 9600000.0,
        "Pretax Income": 5000000.0,
        "Other Income Expense": -16200000.0,
        "Other Non Operating Income Expenses": -7700000.0,
        "Special Income Charges": -8500000.0,
        "Gain On Sale Of Ppe": 500000.0,
        "Other Special Charges": 7400000.0,
        "Impairment Of Capital Assets": 0.0,
        "Restructuring And Mergern Acquisition": 1600000.0,
        "Net Non Operating Interest Income Expense": -41000000.0,
        "Interest Expense Non Operating": 41000000.0,
        "Operating Income": 62200000.0,
        "Operating Expense": 63500000.0,
        "Other Operating Expenses": NaN,
        "Provision For Doubtful Accounts": 0.0,
        "Selling General And Administration": 63500000.0,
        "General And Administrative Expense": 63500000.0,
        "Other Gand A": 53700000.0,
        "Salaries And Wages": 9800000.0,
        "Gross Profit": 125700000.0,
        "Cost Of Revenue": 583500000.0,
        "Total Revenue": 709200000.0,
        "Operating Revenue": 749100000.0
    },
    "2023-09-30": {
        "Tax Effect Of Unusual Items": -3458943.089431,
        "Tax Rate For Calcs": 0.272358,
        "Normalized EBITDA": 139800000.0,
        "Total Unusual Items": -12700000.0,
        "Total Unusual Items Excluding Goodwill": -12700000.0,
        "Net Income From Continuing Operation Net Minority Interest": -24500000.0,
        "Reconciled Depreciation": 111500000.0,
        "Reconciled Cost Of Revenue": 480000000.0,
        "EBITDA": 127100000.0,
        "EBIT": 15600000.0,
        "Net Interest Income": -40200000.0,
        "Interest Expense": 40200000.0,
        "Normalized Income": -15258943.089431,
        "Net Income From Continuing And Discontinued Operation": -24500000.0,
        "Total Expenses": 541000000.0,
        "Total Operating Income As Reported": 20500000.0,
        "Diluted Average Shares": 159400000.0,
        "Basic Average Shares": 159400000.0,
        "Diluted EPS": -0.21,
        "Basic EPS": -0.21,
        "Diluted NI Availto Com Stockholders": -33100000.0,
        "Average Dilution Earnings": -8600000.0,
        "Net Income Common Stockholders": -24500000.0,
        "Otherunder Preferred Stock Dividend": NaN,
        "Net Income": -24500000.0,
        "Minority Interests": -6600000.0,
        "Net Income Including Noncontrolling Interests": -17900000.0,
        "Net Income Continuous Operations": -17900000.0,
        "Tax Provision": -6700000.0,
        "Pretax Income": -24600000.0,
        "Other Income Expense": -17600000.0,
        "Other Non Operating Income Expenses": -4900000.0,
        "Special Income Charges": -12700000.0,
        "Gain On Sale Of Ppe": 1300000.0,
        "Other Special Charges": 10300000.0,
        "Impairment Of Capital Assets": NaN,
        "Restructuring And Mergern Acquisition": 3700000.0,
        "Net Non Operating Interest Income Expense": -40200000.0,
        "Interest Expense Non Operating": 40200000.0,
        "Operating Income": 33200000.0,
        "Operating Expense": 61000000.0,
        "Other Operating Expenses": NaN,
        "Provision For Doubtful Accounts": 0.0,
        "Selling General And Administration": 61000000.0,
        "General And Administrative Expense": 61000000.0,
        "Other Gand A": 56600000.0,
        "Salaries And Wages": 4400000.0,
        "Gross Profit": 94200000.0,
        "Cost Of Revenue": 480000000.0,
        "Total Revenue": 574200000.0,
        "Operating Revenue": 631700000.0
    },
    "2023-12-31": {
        "Tax Effect Of Unusual Items": -4083889.418494,
        "Tax Rate For Calcs": 0.080076,
        "Normalized EBITDA": 92600000.0,
        "Total Unusual Items": -51000000.0,
        "Total Unusual Items Excluding Goodwill": -51000000.0,
        "Net Income From Continuing Operation Net Minority Interest": -92300000.0,
        "Reconciled Depreciation": 107700000.0,
        "Reconciled Cost Of Revenue": 430700000.0,
        "EBITDA": 41600000.0,
        "EBIT": -66100000.0,
        "Net Interest Income": -38800000.0,
        "Interest Expense": 38800000.0,
        "Normalized Income": -45383889.418494,
        "Net Income From Continuing And Discontinued Operation": -92300000.0,
        "Total Expenses": 490000000.0,
        "Total Operating Income As Reported": -14300000.0,
        "Diluted Average Shares": 159388841.0,
        "Basic Average Shares": 159388841.0,
        "Diluted EPS": -0.614221,
        "Basic EPS": -0.614221,
        "Diluted NI Availto Com Stockholders": -83700000.0,
        "Average Dilution Earnings": NaN,
        "Net Income Common Stockholders": -92300000.0,
        "Otherunder Preferred Stock Dividend": NaN,
        "Net Income": -92300000.0,
        "Minority Interests": 4200000.0,
        "Net Income Including Noncontrolling Interests": -96500000.0,
        "Net Income Continuous Operations": -96500000.0,
        "Tax Provision": -8400000.0,
        "Pretax Income": -104900000.0,
        "Other Income Expense": -65200000.0,
        "Other Non Operating Income Expenses": -14200000.0,
        "Special Income Charges": -51000000.0,
        "Gain On Sale Of Ppe": 1400000.0,
        "Other Special Charges": 48200000.0,
        "Impairment Of Capital Assets": NaN,
        "Restructuring And Mergern Acquisition": 1700000.0,
        "Net Non Operating Interest Income Expense": -38800000.0,
        "Interest Expense Non Operating": 38800000.0,
        "Operating Income": -900000.0,
        "Operating Expense": 59300000.0,
        "Other Operating Expenses": NaN,
        "Provision For Doubtful Accounts": 0.0,
        "Selling General And Administration": 59300000.0,
        "General And Administrative Expense": 59300000.0,
        "Other Gand A": 56800000.0,
        "Salaries And Wages": 2500000.0,
        "Gross Profit": 58400000.0,
        "Cost Of Revenue": 430700000.0,
        "Total Revenue": 489100000.0,
        "Operating Revenue": 530300000.0
    },
    "2024-03-31": {
        "Tax Effect Of Unusual Items": -464100.0,
        "Tax Rate For Calcs": 0.091,
        "Normalized EBITDA": 158800000.0,
        "Total Unusual Items": -5100000.0,
        "Total Unusual Items Excluding Goodwill": -5100000.0,
        "Net Income From Continuing Operation Net Minority Interest": 1800000.0,
        "Reconciled Depreciation": 112800000.0,
        "Reconciled Cost Of Revenue": 486500000.0,
        "EBITDA": 153700000.0,
        "EBIT": 40900000.0,
        "Net Interest Income": -37600000.0,
        "Interest Expense": 37600000.0,
        "Normalized Income": 6435900.0,
        "Net Income From Continuing And Discontinued Operation": 1800000.0,
        "Total Expenses": 537300000.0,
        "Total Operating Income As Reported": 39900000.0,
        "Diluted Average Shares": 159800000.0,
        "Basic Average Shares": 159500000.0,
        "Diluted EPS": 0.003755,
        "Basic EPS": 0.011285,
        "Diluted NI Availto Com Stockholders": 600000.0,
        "Average Dilution Earnings": -1200000.0,
        "Net Income Common Stockholders": 1800000.0,
        "Otherunder Preferred Stock Dividend": NaN,
        "Net Income": 1800000.0,
        "Minority Interests": -1200000.0,
        "Net Income Including Noncontrolling Interests": 3000000.0,
        "Net Income Continuous Operations": 3000000.0,
        "Tax Provision": 300000.0,
        "Pretax Income": 3300000.0,
        "Other Income Expense": -3300000.0,
        "Other Non Operating Income Expenses": 1800000.0,
        "Special Income Charges": -5100000.0,
        "Gain On Sale Of Ppe": 1400000.0,
        "Other Special Charges": 5600000.0,
        "Impairment Of Capital Assets": NaN,
        "Restructuring And Mergern Acquisition": 900000.0,
        "Net Non Operating Interest Income Expense": -37600000.0,
        "Interest Expense Non Operating": 37600000.0,
        "Operating Income": 44200000.0,
        "Operating Expense": 50800000.0,
        "Other Operating Expenses": 200000.0,
        "Provision For Doubtful Accounts": 0.0,
        "Selling General And Administration": 50600000.0,
        "General And Administrative Expense": 50600000.0,
        "Other Gand A": 48500000.0,
        "Salaries And Wages": 2100000.0,
        "Gross Profit": 95000000.0,
        "Cost Of Revenue": 486500000.0,
        "Total Revenue": 581500000.0,
        "Operating Revenue": 638500000.0
    },
    "2024-06-30": {
        "Tax Effect Of Unusual Items": -20701007.838746,
        "Tax Rate For Calcs": 0.265398,
        "Normalized EBITDA": 131700000.0,
        "Total Unusual Items": -78000000.0,
        "Total Unusual Items Excluding Goodwill": -78000000.0,
        "Net Income From Continuing Operation Net Minority Interest": -66700000.0,
        "Reconciled Depreciation": 103400000.0,
        "Reconciled Cost Of Revenue": 496500000.0,
        "EBITDA": 53700000.0,
        "EBIT": -49700000.0,
        "Net Interest Income": -39600000.0,
        "Interest Expense": 39600000.0,
        "Normalized Income": -9401007.838746,
        "Net Income From Continuing And Discontinued Operation": -66700000.0,
        "Total Expenses": 550600000.0,
        "Total Operating Income As Reported": -49200000.0,
        "Diluted Average Shares": 160200000.0,
        "Basic Average Shares": 160200000.0,
        "Diluted EPS": -0.423845,
        "Basic EPS": -0.416355,
        "Diluted NI Availto Com Stockholders": -67900000.0,
        "Average Dilution Earnings": 0.0,
        "Net Income Common Stockholders": -67900000.0,
        "Otherunder Preferred Stock Dividend": 1200000.0,
        "Net Income": -66700000.0,
        "Minority Interests": -1100000.0,
        "Net Income Including Noncontrolling Interests": -65600000.0,
        "Net Income Continuous Operations": -65600000.0,
        "Tax Provision": -23700000.0,
        "Pretax Income": -89300000.0,
        "Other Income Expense": -78500000.0,
        "Other Non Operating Income Expenses": -500000.0,
        "Special Income Charges": -78000000.0,
        "Gain On Sale Of Ppe": -300000.0,
        "Other Special Charges": 6000000.0,
        "Impairment Of Capital Assets": 67700000.0,
        "Restructuring And Mergern Acquisition": 4000000.0,
        "Net Non Operating Interest Income Expense": -39600000.0,
        "Interest Expense Non Operating": 39600000.0,
        "Operating Income": 28800000.0,
        "Operating Expense": 54100000.0,
        "Other Operating Expenses": NaN,
        "Provision For Doubtful Accounts": 0.0,
        "Selling General And Administration": 54100000.0,
        "General And Administrative Expense": 54100000.0,
        "Other Gand A": 51200000.0,
        "Salaries And Wages": 2900000.0,
        "Gross Profit": 82900000.0,
        "Cost Of Revenue": 496500000.0,
        "Total Revenue": 579400000.0,
        "Operating Revenue": 631000000.0
    }
}