{
    "2023-03-31": {
        "Tax Effect Of Unusual Items": -1817790.0,
        "Tax Rate For Calcs": 0.395,
        "Normalized EBITDA": 41977000.0,
        "Total Unusual Items": -4602000.0,
        "Total Unusual Items Excluding Goodwill": -4602000.0,
        "Net Income From Continuing Operation Net Minority Interest": 9182000.0,
        "Reconciled Depreciation": 14305000.0,
        "Reconciled Cost Of Revenue": 204962000.0,
        "EBITDA": 37375000.0,
        "EBIT": 23070000.0,
        "Net Interest Income": -7888000.0,
        "Interest Expense": 7888000.0,
        "Normalized Income": 11966210.0,
        "Net Income From Continuing And Discontinued Operation": 9182000.0,
        "Total Expenses": 265536000.0,
        "Total Operating Income As Reported": 27672000.0,
        "Diluted Average Shares": 87132000.0,
        "Basic Average Shares": 86885000.0,
        "Diluted EPS": 0.11,
        "Basic EPS": 0.11,
        "Diluted NI Availto Com Stockholders": 9182000.0,
        "Net Income Common Stockholders": 9182000.0,
        "Net Income": 9182000.0,
        "Net Income Including Noncontrolling Interests": 9182000.0,
        "Net Income Continuous Operations": 9182000.0,
        "Tax Provision": 6000000.0,
        "Pretax Income": 15182000.0,
        "Other Income Expense": -4602000.0,
        "Special Income Charges": -4602000.0,
        "Restructuring And Mergern Acquisition": 4602000.0,
        "Net Non Operating Interest Income Expense": -7888000.0,
        "Interest Expense Non Operating": 7888000.0,
        "Operating Income": 27672000.0,
        "Operating Expense": 60574000.0,
        "Other Operating Expenses": 3251000.0,
        "Depreciation Amortization Depletion Income Statement": 14305000.0,
        "Depreciation And Amortization In Income Statement": 14305000.0,
        "Amortization": 5242000.0,
        "Amortization Of Intangibles Income Statement": 5242000.0,
        "Depreciation Income Statement": 9063000.0,
        "Selling General And Administration": 43018000.0,
        "General And Administrative Expense": 43018000.0,
        "Other Gand A": 43018000.0,
        "Gross Profit": 88246000.0,
        "Cost Of Revenue": 204962000.0,
        "Total Revenue": 293208000.0,
        "Operating Revenue": 288300000.0
    },
    "2022-12-31": {
        "Tax Effect Of Unusual Items": 11067.179926,
        "Tax Rate For Calcs": 0.235472,
        "Normalized EBITDA": 39020000.0,
        "Total Unusual Items": 47000.0,
        "Total Unusual Items Excluding Goodwill": 47000.0,
        "Net Income From Continuing Operation Net Minority Interest": 13406000.0,
        "Reconciled Depreciation": 13926000.0,
        "Reconciled Cost Of Revenue": 195316000.0,
        "EBITDA": 39067000.0,
        "EBIT": 25141000.0,
        "Net Interest Income": -7606000.0,
        "Interest Expense": 7606000.0,
        "Normalized Income": 13370067.179926,
        "Net Income From Continuing And Discontinued Operation": 13406000.0,
        "Total Expenses": 252976000.0,
        "Total Operating Income As Reported": 25094000.0,
        "Diluted Average Shares": NaN,
        "Basic Average Shares": NaN,
        "Diluted EPS": NaN,
        "Basic EPS": NaN,
        "Diluted NI Availto Com Stockholders": 13406000.0,
        "Net Income Common Stockholders": 13406000.0,
        "Net Income": 13406000.0,
        "Net Income Including Noncontrolling Interests": 13406000.0,
        "Net Income Continuous Operations": 13406000.0,
        "Tax Provision": 4129000.0,
        "Pretax Income": 17535000.0,
        "Other Income Expense": 47000.0,
        "Special Income Charges": 47000.0,
        "Restructuring And Mergern Acquisition": -47000.0,
        "Net Non Operating Interest Income Expense": -7606000.0,
        "Interest Expense Non Operating": 7606000.0,
        "Operating Income": 25094000.0,
        "Operating Expense": 57660000.0,
        "Other Operating Expenses": 1426000.0,
        "Depreciation Amortization Depletion Income Statement": 13926000.0,
        "Depreciation And Amortization In Income Statement": 13926000.0,
        "Amortization": 5206000.0,
        "Amortization Of Intangibles Income Statement": 5206000.0,
        "Depreciation Income Statement": 8720000.0,
        "Selling General And Administration": 42308000.0,
        "General And Administrative Expense": 42308000.0,
        "Other Gand A": 42308000.0,
        "Gross Profit": 82754000.0,
        "Cost Of Revenue": 195316000.0,
        "Total Revenue": 278070000.0,
        "Operating Revenue": 273294000.0
    },
    "2022-09-30": {
        "Tax Effect Of Unusual Items": NaN,
        "Tax Rate For Calcs": NaN,
        "Normalized EBITDA": NaN,
        "Total Unusual Items": NaN,
        "Total Unusual Items Excluding Goodwill": NaN,
        "Net Income From Continuing Operation Net Minority Interest": NaN,
        "Reconciled Depreciation": NaN,
        "Reconciled Cost Of Revenue": NaN,
        "EBITDA": NaN,
        "EBIT": NaN,
        "Net Interest Income": NaN,
        "Interest Expense": NaN,
        "Normalized Income": NaN,
        "Net Income From Continuing And Discontinued Operation": NaN,
        "Total Expenses": NaN,
        "Total Operating Income As Reported": NaN,
        "Diluted Average Shares": 90528000.0,
        "Basic Average Shares": 89992000.0,
        "Diluted EPS": 0.25,
        "Basic EPS": 0.25,
        "Diluted NI Availto Com Stockholders": NaN,
        "Net Income Common Stockholders": NaN,
        "Net Income": NaN,
        "Net Income Including Noncontrolling Interests": NaN,
        "Net Income Continuous Operations": NaN,
        "Tax Provision": NaN,
        "Pretax Income": NaN,
        "Other Income Expense": NaN,
        "Special Income Charges": NaN,
        "Restructuring And Mergern Acquisition": NaN,
        "Net Non Operating Interest Income Expense": NaN,
        "Interest Expense Non Operating": NaN,
        "Operating Income": NaN,
        "Operating Expense": NaN,
        "Other Operating Expenses": NaN,
        "Depreciation Amortization Depletion Income Statement": NaN,
        "Depreciation And Amortization In Income Statement": NaN,
        "Amortization": NaN,
        "Amortization Of Intangibles Income Statement": NaN,
        "Depreciation Income Statement": NaN,
        "Selling General And Administration": NaN,
        "General And Administrative Expense": NaN,
        "Other Gand A": NaN,
        "Gross Profit": NaN,
        "Cost Of Revenue": NaN,
        "Total Revenue": NaN,
        "Operating Revenue": NaN
    },
    "2022-06-30": {
        "Tax Effect Of Unusual Items": 1327504.0,
        "Tax Rate For Calcs": 0.232,
        "Normalized EBITDA": 37487000.0,
        "Total Unusual Items": 5722000.0,
        "Total Unusual Items Excluding Goodwill": 5722000.0,
        "Net Income From Continuing Operation Net Minority Interest": 22464000.0,
        "Reconciled Depreciation": 10172000.0,
        "Reconciled Cost Of Revenue": 151857000.0,
        "EBITDA": 43209000.0,
        "EBIT": 33037000.0,
        "Net Interest Income": -3791000.0,
        "Interest Expense": 3791000.0,
        "Normalized Income": 18069504.0,
        "Net Income From Continuing And Discontinued Operation": 22464000.0,
        "Total Expenses": 200554000.0,
        "Total Operating Income As Reported": 27315000.0,
        "Diluted Average Shares": 93001000.0,
        "Basic Average Shares": 92328000.0,
        "Diluted EPS": 0.24,
        "Basic EPS": 0.24,
        "Diluted NI Availto Com Stockholders": 22464000.0,
        "Net Income Common Stockholders": 22464000.0,
        "Net Income": 22464000.0,
        "Net Income Including Noncontrolling Interests": 22464000.0,
        "Net Income Continuous Operations": 22464000.0,
        "Tax Provision": 6782000.0,
        "Pretax Income": 29246000.0,
        "Other Income Expense": 5722000.0,
        "Special Income Charges": 5722000.0,
        "Restructuring And Mergern Acquisition": -5722000.0,
        "Net Non Operating Interest Income Expense": -3791000.0,
        "Interest Expense Non Operating": 3791000.0,
        "Operating Income": 27315000.0,
        "Operating Expense": 45123000.0,
        "Other Operating Expenses": 5806000.0,
        "Depreciation Amortization Depletion Income Statement": 6598000.0,
        "Depreciation And Amortization In Income Statement": 6598000.0,
        "Amortization": 3574000.0,
        "Amortization Of Intangibles Income Statement": 3574000.0,
        "Depreciation Income Statement": 6598000.0,
        "Selling General And Administration": 32719000.0,
        "General And Administrative Expense": 32719000.0,
        "Other Gand A": 32719000.0,
        "Gross Profit": 72438000.0,
        "Cost Of Revenue": 155431000.0,
        "Total Revenue": 227869000.0,
        "Operating Revenue": 224035000.0
    },
    "2022-03-31": {
        "Diluted EPS": 0.17,
        "Total Revenue": 197,
        "Gross Profit": 64,
        "Operating Income": 21,
        "EBIT": 31,
        "Net Income": 16
    },
    "2021-12-31": {
        "Diluted EPS": 0.07,
        "Total Revenue": 192,
        "Gross Profit": 63,
        "Operating Income": 17,
        "EBIT": 27,
        "Net Income": 7
    },
    "2021-09-30": {
        "Diluted EPS": 0.11,
        "Total Revenue": 193,
        "Gross Profit": 64,
        "Operating Income": 19,
        "EBIT": 32,
        "Net Income": 11
    },
    "2021-06-30": {
        "Diluted EPS": 0.13,
        "Total Revenue": 202,
        "Gross Profit": 66,
        "Operating Income": 25,
        "EBIT": 38,
        "Net Income": 12
    },
    "2021-03-31": {
        "Diluted EPS": 0.02,
        "Total Revenue": 147,
        "Gross Profit": 48,
        "Operating Income": 10,
        "EBIT": 22,
        "Net Income": 2
    },
    "2020-12-31": {
        "Diluted EPS": -0.1,
        "Total Revenue": 74,
        "Gross Profit": 25,
        "Operating Income": -12,
        "EBIT": 0,
        "Net Income": -9
    },
    "2020-09-30": {
        "Diluted EPS": 0.08,
        "Total Revenue": 135,
        "Gross Profit": 45,
        "Operating Income": 9,
        "EBIT": 20,
        "Net Income": 7
    },
    "2020-06-30": {
        "Diluted EPS": -0.6,
        "Total Revenue": 0,
        "Gross Profit": 0,
        "Operating Income": -24,
        "EBIT": -13,
        "Net Income": -47
    },
    "2020-03-31": {
        "Diluted EPS": 0.6,
        "Total Revenue": 106,
        "Gross Profit": 36,
        "Operating Income": 2,
        "EBIT": 13,
        "Net Income": 48
    },
    "2019-12-31": {
        "Diluted EPS": -0.69,
        "Total Revenue": 126,
        "Gross Profit": 37,
        "Operating Income": -6,
        "EBIT": 7,
        "Net Income": -43
    },
    "2019-09-30": {
        "Diluted EPS": -0.03,
        "Total Revenue": 101,
        "Gross Profit": 36,
        "Operating Income": 1,
        "EBIT": 12,
        "Net Income": -2
    },
    "2019-06-30": {
        "Diluted EPS": 0.07,
        "Total Revenue": 104,
        "Gross Profit": 38,
        "Operating Income": 9,
        "EBIT": 20,
        "Net Income": 4
    },
    "2019-03-31": {
        "Diluted EPS": 0.06,
        "Total Revenue": 97,
        "Gross Profit": 36,
        "Operating Income": 9,
        "EBIT": 19,
        "Net Income": 4
    },
    "2018-12-31": {
        "Diluted EPS": 0.09,
        "Total Revenue": NaN,
        "Gross Profit": NaN,
        "Operating Income": -310,
        "EBIT": -310,
        "Net Income": 6
    },
    "2018-09-30": {
        "Diluted EPS": 0.03,
        "Total Revenue": NaN,
        "Gross Profit": NaN,
        "Operating Income": 0,
        "EBIT": 0,
        "Net Income": 2
    },
    "2018-06-30": {
        "Diluted EPS": 0.03,
        "Total Revenue": NaN,
        "Gross Profit": NaN,
        "Operating Income": 0,
        "EBIT": 0,
        "Net Income": 2
    },
    "2018-03-31": {
        "Diluted EPS": 0.02,
        "Total Revenue": NaN,
        "Gross Profit": NaN,
        "Operating Income": 0,
        "EBIT": 0,
        "Net Income": 1
    },
    "2017-12-31": {
        "Diluted EPS": 0.16,
        "Total Revenue": NaN,
        "Gross Profit": NaN,
        "Operating Income": -230,
        "EBIT": -230,
        "Net Income": 9
    },
    "2017-09-30": {
        "Diluted EPS": -0.0,
        "Total Revenue": NaN,
        "Gross Profit": NaN,
        "Operating Income": 0,
        "EBIT": 0,
        "Net Income": 0
    },
    "2017-06-30": {
        "Diluted EPS": -0.0,
        "Total Revenue": NaN,
        "Gross Profit": NaN,
        "Operating Income": 0,
        "EBIT": 0,
        "Net Income": 0
    },
    "2017-03-31": {
        "Diluted EPS": -0.01,
        "Total Revenue": NaN,
        "Gross Profit": NaN,
        "Operating Income": 0,
        "EBIT": 0,
        "Net Income": 0
    },
    "2023-06-30": {
        "Tax Effect Of Unusual Items": -1832844.0,
        "Tax Rate For Calcs": 0.379,
        "Normalized EBITDA": 43894000.0,
        "Total Unusual Items": -4836000.0,
        "Total Unusual Items Excluding Goodwill": -4836000.0,
        "Net Income From Continuing Operation Net Minority Interest": 9983000.0,
        "Reconciled Depreciation": 14730000.0,
        "Reconciled Cost Of Revenue": 204460000.0,
        "EBITDA": 39058000.0,
        "EBIT": 24328000.0,
        "Net Interest Income": -8243000.0,
        "Interest Expense": 8243000.0,
        "Normalized Income": 12986156.0,
        "Net Income From Continuing And Discontinued Operation": 9983000.0,
        "Total Expenses": 263483000.0,
        "Total Operating Income As Reported": 29164000.0,
        "Diluted Average Shares": 86820000.0,
        "Basic Average Shares": 86184000.0,
        "Diluted EPS": 0.11,
        "Basic EPS": 0.12,
        "Diluted NI Availto Com Stockholders": 9983000.0,
        "Net Income Common Stockholders": 9983000.0,
        "Net Income": 9983000.0,
        "Net Income Including Noncontrolling Interests": 9983000.0,
        "Net Income Continuous Operations": 9983000.0,
        "Tax Provision": 6102000.0,
        "Pretax Income": 16085000.0,
        "Other Income Expense": -4836000.0,
        "Special Income Charges": -4836000.0,
        "Restructuring And Mergern Acquisition": 4836000.0,
        "Net Non Operating Interest Income Expense": -8243000.0,
        "Interest Expense Non Operating": 8243000.0,
        "Operating Income": 29164000.0,
        "Operating Expense": 59023000.0,
        "Other Operating Expenses": 73000.0,
        "Depreciation Amortization Depletion Income Statement": 14730000.0,
        "Depreciation And Amortization In Income Statement": 14730000.0,
        "Amortization": 5284000.0,
        "Amortization Of Intangibles Income Statement": 5284000.0,
        "Depreciation Income Statement": 9446000.0,
        "Selling General And Administration": 44220000.0,
        "General And Administrative Expense": 44220000.0,
        "Other Gand A": 44220000.0,
        "Gross Profit": 88187000.0,
        "Cost Of Revenue": 204460000.0,
        "Total Revenue": 292647000.0,
        "Operating Revenue": 287611000.0
    },
    "2023-09-30": {
        "Tax Effect Of Unusual Items": -498875.0,
        "Tax Rate For Calcs": 0.307,
        "Normalized EBITDA": 39824000.0,
        "Total Unusual Items": -1625000.0,
        "Total Unusual Items Excluding Goodwill": -1625000.0,
        "Net Income From Continuing Operation Net Minority Interest": 10450000.0,
        "Reconciled Depreciation": 14704000.0,
        "Reconciled Cost Of Revenue": 200808000.0,
        "EBITDA": 38199000.0,
        "EBIT": 23495000.0,
        "Net Interest Income": -8415000.0,
        "Interest Expense": 8415000.0,
        "Normalized Income": 11576125.0,
        "Net Income From Continuing And Discontinued Operation": 10450000.0,
        "Total Expenses": 262377000.0,
        "Total Operating Income As Reported": 25120000.0,
        "Diluted Average Shares": 87114000.0,
        "Basic Average Shares": 85865000.0,
        "Diluted EPS": 0.12,
        "Basic EPS": 0.12,
        "Diluted NI Availto Com Stockholders": 10450000.0,
        "Net Income Common Stockholders": 10450000.0,
        "Net Income": 10450000.0,
        "Net Income Including Noncontrolling Interests": 10450000.0,
        "Net Income Continuous Operations": 10450000.0,
        "Tax Provision": 4630000.0,
        "Pretax Income": 15080000.0,
        "Other Income Expense": -1625000.0,
        "Special Income Charges": -1625000.0,
        "Restructuring And Mergern Acquisition": 1625000.0,
        "Net Non Operating Interest Income Expense": -8415000.0,
        "Interest Expense Non Operating": 8415000.0,
        "Operating Income": 25120000.0,
        "Operating Expense": 61569000.0,
        "Other Operating Expenses": 1682000.0,
        "Depreciation Amortization Depletion Income Statement": 14704000.0,
        "Depreciation And Amortization In Income Statement": 14704000.0,
        "Amortization": 5299000.0,
        "Amortization Of Intangibles Income Statement": 5299000.0,
        "Depreciation Income Statement": 9405000.0,
        "Selling General And Administration": 45183000.0,
        "General And Administrative Expense": 45183000.0,
        "Other Gand A": 45183000.0,
        "Gross Profit": 86689000.0,
        "Cost Of Revenue": 200808000.0,
        "Total Revenue": 287497000.0,
        "Operating Revenue": 282868000.0
    },
    "2023-12-31": {
        "Tax Effect Of Unusual Items": 441442.741394,
        "Tax Rate For Calcs": 0.174898,
        "Normalized EBITDA": 40829000.0,
        "Total Unusual Items": 2524000.0,
        "Total Unusual Items Excluding Goodwill": 2524000.0,
        "Net Income From Continuing Operation Net Minority Interest": 15988000.0,
        "Reconciled Depreciation": 15378000.0,
        "Reconciled Cost Of Revenue": 206965000.0,
        "EBITDA": 43353000.0,
        "EBIT": 27975000.0,
        "Net Interest Income": -8598000.0,
        "Interest Expense": 8598000.0,
        "Normalized Income": 13905442.741394,
        "Net Income From Continuing And Discontinued Operation": 15988000.0,
        "Total Expenses": 271617000.0,
        "Total Operating Income As Reported": 25451000.0,
        "Diluted Average Shares": NaN,
        "Basic Average Shares": NaN,
        "Diluted EPS": NaN,
        "Basic EPS": NaN,
        "Diluted NI Availto Com Stockholders": 15988000.0,
        "Net Income Common Stockholders": 15988000.0,
        "Net Income": 15988000.0,
        "Net Income Including Noncontrolling Interests": 15988000.0,
        "Net Income Continuous Operations": 15988000.0,
        "Tax Provision": 3389000.0,
        "Pretax Income": 19377000.0,
        "Other Income Expense": 2524000.0,
        "Special Income Charges": 2524000.0,
        "Restructuring And Mergern Acquisition": -2524000.0,
        "Net Non Operating Interest Income Expense": -8598000.0,
        "Interest Expense Non Operating": 8598000.0,
        "Operating Income": 25451000.0,
        "Operating Expense": 64652000.0,
        "Other Operating Expenses": 1447000.0,
        "Depreciation Amortization Depletion Income Statement": 15378000.0,
        "Depreciation And Amortization In Income Statement": 15378000.0,
        "Amortization": 5386000.0,
        "Amortization Of Intangibles Income Statement": 5386000.0,
        "Depreciation Income Statement": 9992000.0,
        "Selling General And Administration": 47827000.0,
        "General And Administrative Expense": 47827000.0,
        "Other Gand A": 47827000.0,
        "Gross Profit": 90103000.0,
        "Cost Of Revenue": 206965000.0,
        "Total Revenue": 297068000.0,
        "Operating Revenue": 292120000.0
    },
    "2024-03-31": {
        "Tax Effect Of Unusual Items": -1843956.0,
        "Tax Rate For Calcs": 0.391,
        "Normalized EBITDA": 41431000.0,
        "Total Unusual Items": -4716000.0,
        "Total Unusual Items Excluding Goodwill": -4716000.0,
        "Net Income From Continuing Operation Net Minority Interest": 7416000.0,
        "Reconciled Depreciation": 15872000.0,
        "Reconciled Cost Of Revenue": 210326000.0,
        "EBITDA": 36715000.0,
        "EBIT": 20843000.0,
        "Net Interest Income": -8660000.0,
        "Interest Expense": 8660000.0,
        "Normalized Income": 10288044.0,
        "Net Income From Continuing And Discontinued Operation": 7416000.0,
        "Total Expenses": 276258000.0,
        "Total Operating Income As Reported": 25559000.0,
        "Diluted Average Shares": 85300000.0,
        "Basic Average Shares": 84298000.0,
        "Diluted EPS": 0.09,
        "Basic EPS": 0.09,
        "Diluted NI Availto Com Stockholders": 7416000.0,
        "Net Income Common Stockholders": 7416000.0,
        "Net Income": 7416000.0,
        "Net Income Including Noncontrolling Interests": 7416000.0,
        "Net Income Continuous Operations": 7416000.0,
        "Tax Provision": 4767000.0,
        "Pretax Income": 12183000.0,
        "Other Income Expense": -4716000.0,
        "Special Income Charges": -4716000.0,
        "Restructuring And Mergern Acquisition": 4716000.0,
        "Net Non Operating Interest Income Expense": -8660000.0,
        "Interest Expense Non Operating": 8660000.0,
        "Operating Income": 25559000.0,
        "Operating Expense": 65932000.0,
        "Other Operating Expenses": 2426000.0,
        "Depreciation Amortization Depletion Income Statement": 15872000.0,
        "Depreciation And Amortization In Income Statement": 15872000.0,
        "Amortization": 5438000.0,
        "Amortization Of Intangibles Income Statement": 5438000.0,
        "Depreciation Income Statement": 10434000.0,
        "Selling General And Administration": 47634000.0,
        "General And Administrative Expense": 47634000.0,
        "Other Gand A": 47634000.0,
        "Gross Profit": 91491000.0,
        "Cost Of Revenue": 210326000.0,
        "Total Revenue": 301817000.0,
        "Operating Revenue": 296475000.0
    }
}