{
    "2023-06-30": {
        "Tax Effect Of Unusual Items": -4442000.0,
        "Tax Rate For Calcs": 0.25,
        "Normalized EBITDA": 167120000.0,
        "Total Unusual Items": -17768000.0,
        "Total Unusual Items Excluding Goodwill": -17768000.0,
        "Net Income From Continuing Operation Net Minority Interest": 72299000.0,
        "Reconciled Depreciation": 32012000.0,
        "Reconciled Cost Of Revenue": 26144000.0,
        "EBIT": 117340000.0,
        "Net Interest Income": -20910000.0,
        "Interest Expense": 20910000.0,
        "Normalized Income": 85625000.0,
        "Net Income From Continuing And Discontinued Operation": 72299000.0,
        "Total Expenses": 596229000.0,
        "Rent Expense Supplemental": 11725000.0,
        "Diluted Average Shares": 91546000.0,
        "Basic Average Shares": 91044000.0,
        "Diluted EPS": 0.79,
        "Basic EPS": 0.79,
        "Diluted NI Availto Com Stockholders": 72299000.0,
        "Net Income Common Stockholders": 72299000.0,
        "Net Income": 72299000.0,
        "Minority Interests": -1250000.0,
        "Net Income Including Noncontrolling Interests": 73549000.0,
        "Net Income Discontinuous Operations": NaN,
        "Net Income Continuous Operations": 73549000.0,
        "Tax Provision": 22881000.0,
        "Pretax Income": 96430000.0,
        "Other Income Expense": -17768000.0,
        "Other Non Operating Income Expenses": NaN,
        "Special Income Charges": -17768000.0,
        "Write Off": 8694000.0,
        "Restructuring And Mergern Acquisition": 9074000.0,
        "Net Non Operating Interest Income Expense": -20910000.0,
        "Interest Expense Non Operating": 20910000.0,
        "Operating Income": 135108000.0,
        "Operating Expense": 570085000.0,
        "Other Operating Expenses": 95912000.0,
        "Depreciation Amortization Depletion Income Statement": 32012000.0,
        "Depreciation And Amortization In Income Statement": 32012000.0,
        "Selling General And Administration": 442161000.0,
        "General And Administrative Expense": 442161000.0,
        "Other Gand A": 43803000.0,
        "Rent And Landing Fees": 11725000.0,
        "Salaries And Wages": 386633000.0,
        "Gross Profit": 705193000.0,
        "Cost Of Revenue": 26144000.0,
        "Total Revenue": 731337000.0,
        "Operating Revenue": 731337000.0
    },
    "2023-03-31": {
        "Tax Effect Of Unusual Items": -1442021.356094,
        "Tax Rate For Calcs": 0.222844,
        "Normalized EBITDA": 143682000.0,
        "Total Unusual Items": -6471000.0,
        "Total Unusual Items Excluding Goodwill": -6471000.0,
        "Net Income From Continuing Operation Net Minority Interest": 66015000.0,
        "Reconciled Depreciation": 31569000.0,
        "Reconciled Cost Of Revenue": 26021000.0,
        "EBIT": 105642000.0,
        "Net Interest Income": -19999000.0,
        "Interest Expense": 19999000.0,
        "Normalized Income": 71043978.643906,
        "Net Income From Continuing And Discontinued Operation": 66015000.0,
        "Total Expenses": 592154000.0,
        "Rent Expense Supplemental": 11424000.0,
        "Diluted Average Shares": 91391000.0,
        "Basic Average Shares": 90101000.0,
        "Diluted EPS": 0.72,
        "Basic EPS": 0.73,
        "Diluted NI Availto Com Stockholders": 66015000.0,
        "Net Income Common Stockholders": 66015000.0,
        "Net Income": 66015000.0,
        "Minority Interests": -543000.0,
        "Net Income Including Noncontrolling Interests": 66558000.0,
        "Net Income Discontinuous Operations": NaN,
        "Net Income Continuous Operations": 66558000.0,
        "Tax Provision": 19085000.0,
        "Pretax Income": 85643000.0,
        "Other Income Expense": -6471000.0,
        "Other Non Operating Income Expenses": -6471000.0,
        "Special Income Charges": -6471000.0,
        "Write Off": NaN,
        "Restructuring And Mergern Acquisition": 6471000.0,
        "Net Non Operating Interest Income Expense": -19999000.0,
        "Interest Expense Non Operating": 19999000.0,
        "Operating Income": 112113000.0,
        "Operating Expense": 566133000.0,
        "Other Operating Expenses": 90838000.0,
        "Depreciation Amortization Depletion Income Statement": 31569000.0,
        "Depreciation And Amortization In Income Statement": 31569000.0,
        "Selling General And Administration": 443726000.0,
        "General And Administrative Expense": 443726000.0,
        "Other Gand A": 41125000.0,
        "Rent And Landing Fees": 11424000.0,
        "Salaries And Wages": 391177000.0,
        "Gross Profit": 678246000.0,
        "Cost Of Revenue": 26021000.0,
        "Total Revenue": 704267000.0,
        "Operating Revenue": 704267000.0
    },
    "2022-12-31": {
        "Tax Effect Of Unusual Items": -1531474.214279,
        "Tax Rate For Calcs": 0.28303,
        "Normalized EBITDA": 143030000.0,
        "Total Unusual Items": -5411000.0,
        "Total Unusual Items Excluding Goodwill": -5411000.0,
        "Net Income From Continuing Operation Net Minority Interest": 61124000.0,
        "Reconciled Depreciation": 30142000.0,
        "Reconciled Cost Of Revenue": 25909000.0,
        "EBIT": 107477000.0,
        "Net Interest Income": -19405000.0,
        "Interest Expense": 19405000.0,
        "Normalized Income": 65003525.785721,
        "Net Income From Continuing And Discontinued Operation": 61124000.0,
        "Total Expenses": 562407000.0,
        "Rent Expense Supplemental": 11682000.0,
        "Diluted Average Shares": 91216000.0,
        "Basic Average Shares": 89899000.0,
        "Diluted EPS": 0.67,
        "Basic EPS": 0.68,
        "Diluted NI Availto Com Stockholders": 61124000.0,
        "Net Income Common Stockholders": 61124000.0,
        "Net Income": 61124000.0,
        "Minority Interests": -2021000.0,
        "Net Income Including Noncontrolling Interests": 63145000.0,
        "Net Income Discontinuous Operations": 0.0,
        "Net Income Continuous Operations": 63145000.0,
        "Tax Provision": 24927000.0,
        "Pretax Income": 88072000.0,
        "Other Income Expense": -5411000.0,
        "Other Non Operating Income Expenses": -5411000.0,
        "Special Income Charges": -5411000.0,
        "Write Off": 0.0,
        "Restructuring And Mergern Acquisition": 5411000.0,
        "Net Non Operating Interest Income Expense": -19405000.0,
        "Interest Expense Non Operating": 19405000.0,
        "Operating Income": 112888000.0,
        "Operating Expense": 536498000.0,
        "Other Operating Expenses": 88677000.0,
        "Depreciation Amortization Depletion Income Statement": 30142000.0,
        "Depreciation And Amortization In Income Statement": 30142000.0,
        "Selling General And Administration": 417679000.0,
        "General And Administrative Expense": 417679000.0,
        "Other Gand A": 40295000.0,
        "Rent And Landing Fees": 11682000.0,
        "Salaries And Wages": 365702000.0,
        "Gross Profit": 649386000.0,
        "Cost Of Revenue": 25909000.0,
        "Total Revenue": 675295000.0,
        "Operating Revenue": 675295000.0
    },
    "2022-09-30": {
        "Tax Effect Of Unusual Items": -2690203.126609,
        "Tax Rate For Calcs": 0.247739,
        "Normalized EBITDA": 155537000.0,
        "Total Unusual Items": -10859000.0,
        "Total Unusual Items Excluding Goodwill": -10859000.0,
        "Net Income From Continuing Operation Net Minority Interest": 71099000.0,
        "Reconciled Depreciation": 29573000.0,
        "Reconciled Cost Of Revenue": 25570000.0,
        "EBIT": 115105000.0,
        "Net Interest Income": -18003000.0,
        "Interest Expense": 18003000.0,
        "Normalized Income": 79267796.873391,
        "Net Income From Continuing And Discontinued Operation": 71099000.0,
        "Total Expenses": 540768000.0,
        "Rent Expense Supplemental": 11339000.0,
        "Diluted Average Shares": 91723000.0,
        "Basic Average Shares": 89833000.0,
        "Diluted EPS": 0.78,
        "Basic EPS": 0.79,
        "Diluted NI Availto Com Stockholders": 71099000.0,
        "Net Income Common Stockholders": 71099000.0,
        "Net Income": 71099000.0,
        "Minority Interests": -1947000.0,
        "Net Income Including Noncontrolling Interests": 73046000.0,
        "Net Income Discontinuous Operations": 0.0,
        "Net Income Continuous Operations": 73046000.0,
        "Tax Provision": 24056000.0,
        "Pretax Income": 97102000.0,
        "Other Income Expense": -10859000.0,
        "Other Non Operating Income Expenses": -10859000.0,
        "Special Income Charges": -10859000.0,
        "Write Off": 0.0,
        "Restructuring And Mergern Acquisition": 10859000.0,
        "Net Non Operating Interest Income Expense": -18003000.0,
        "Interest Expense Non Operating": 18003000.0,
        "Operating Income": 125964000.0,
        "Operating Expense": 515198000.0,
        "Other Operating Expenses": 81337000.0,
        "Depreciation Amortization Depletion Income Statement": 29573000.0,
        "Depreciation And Amortization In Income Statement": 29573000.0,
        "Selling General And Administration": 404288000.0,
        "General And Administrative Expense": 404288000.0,
        "Other Gand A": 40367000.0,
        "Rent And Landing Fees": 11339000.0,
        "Salaries And Wages": 352582000.0,
        "Gross Profit": 641162000.0,
        "Cost Of Revenue": 25570000.0,
        "Total Revenue": 666732000.0,
        "Operating Revenue": 666732000.0
    },
    "2022-06-30": {
        "Tax Effect Of Unusual Items": -1020460.0,
        "Tax Rate For Calcs": 0.259,
        "Normalized EBITDA": 159290000.0,
        "Total Unusual Items": -3940000.0,
        "Total Unusual Items Excluding Goodwill": -3940000.0,
        "Net Income From Continuing Operation Net Minority Interest": 80079000.0,
        "Reconciled Depreciation": 29128000.0,
        "Reconciled Cost Of Revenue": 25022000.0,
        "EBIT": 126222000.0,
        "Net Interest Income": -16565000.0,
        "Interest Expense": 16565000.0,
        "Normalized Income": 82998540.0,
        "Net Income From Continuing And Discontinued Operation": 80079000.0,
        "Total Expenses": 521557000.0,
        "Rent Expense Supplemental": 11192000.0,
        "Diluted Average Shares": 91473000.0,
        "Basic Average Shares": 89724000.0,
        "Diluted EPS": 0.88,
        "Basic EPS": 0.89,
        "Diluted NI Availto Com Stockholders": 80079000.0,
        "Net Income Common Stockholders": 80079000.0,
        "Net Income": 80079000.0,
        "Minority Interests": -1853000.0,
        "Net Income Including Noncontrolling Interests": 81932000.0,
        "Net Income Discontinuous Operations": 0.0,
        "Net Income Continuous Operations": 81932000.0,
        "Tax Provision": 27725000.0,
        "Pretax Income": 109657000.0,
        "Other Income Expense": -3940000.0,
        "Other Non Operating Income Expenses": -3940000.0,
        "Special Income Charges": -3940000.0,
        "Write Off": 0.0,
        "Restructuring And Mergern Acquisition": 3940000.0,
        "Net Non Operating Interest Income Expense": -16565000.0,
        "Interest Expense Non Operating": 16565000.0,
        "Operating Income": 130162000.0,
        "Operating Expense": 496535000.0,
        "Other Operating Expenses": 76387000.0,
        "Depreciation Amortization Depletion Income Statement": 29128000.0,
        "Depreciation And Amortization In Income Statement": 29128000.0,
        "Selling General And Administration": 391020000.0,
        "General And Administrative Expense": 391020000.0,
        "Other Gand A": 40440000.0,
        "Rent And Landing Fees": 11192000.0,
        "Salaries And Wages": 339388000.0,
        "Gross Profit": 626697000.0,
        "Cost Of Revenue": 25022000.0,
        "Total Revenue": 651719000.0,
        "Operating Revenue": 651719000.0
    },
    "2022-03-31": {
        "Diluted EPS": 0.67,
        "Total Revenue": 617,
        "Gross Profit": 617,
        "Operating Income": 99,
        "EBIT": 128,
        "Net Income": 61
    },
    "2021-12-31": {
        "Diluted EPS": 0.77,
        "Total Revenue": 593,
        "Gross Profit": 593,
        "Operating Income": 115,
        "EBIT": 144,
        "Net Income": 70
    },
    "2021-09-30": {
        "Diluted EPS": 0.73,
        "Total Revenue": 588,
        "Gross Profit": 588,
        "Operating Income": 105,
        "EBIT": 134,
        "Net Income": 66
    },
    "2021-06-30": {
        "Diluted EPS": 0.49,
        "Total Revenue": 582,
        "Gross Profit": 582,
        "Operating Income": 107,
        "EBIT": 133,
        "Net Income": 45
    },
    "2021-03-31": {
        "Diluted EPS": 0.11,
        "Total Revenue": 551,
        "Gross Profit": 551,
        "Operating Income": 88,
        "EBIT": 114,
        "Net Income": 10
    },
    "2020-12-31": {
        "Diluted EPS": -8.78,
        "Total Revenue": 541,
        "Gross Profit": 541,
        "Operating Income": 127,
        "EBIT": 155,
        "Net Income": -784
    },
    "2020-09-30": {
        "Diluted EPS": 0.42,
        "Total Revenue": 548,
        "Gross Profit": 548,
        "Operating Income": 86,
        "EBIT": 114,
        "Net Income": 37
    },
    "2020-06-30": {
        "Diluted EPS": 0.46,
        "Total Revenue": 491,
        "Gross Profit": 491,
        "Operating Income": 84,
        "EBIT": 110,
        "Net Income": 41
    },
    "2020-03-31": {
        "Diluted EPS": 0.38,
        "Total Revenue": 509,
        "Gross Profit": 509,
        "Operating Income": 69,
        "EBIT": 95,
        "Net Income": 33
    },
    "2019-12-31": {
        "Diluted EPS": -0.13,
        "Total Revenue": -319,
        "Gross Profit": -319,
        "Operating Income": 9,
        "EBIT": -22,
        "Net Income": -11
    },
    "2019-09-30": {
        "Diluted EPS": 0.48,
        "Total Revenue": 777,
        "Gross Profit": 777,
        "Operating Income": 102,
        "EBIT": 146,
        "Net Income": 43
    },
    "2019-06-30": {
        "Diluted EPS": 0.55,
        "Total Revenue": 789,
        "Gross Profit": 789,
        "Operating Income": 114,
        "EBIT": 158,
        "Net Income": 48
    },
    "2019-03-31": {
        "Diluted EPS": 0.34,
        "Total Revenue": 761,
        "Gross Profit": 761,
        "Operating Income": 89,
        "EBIT": 133,
        "Net Income": 29
    },
    "2018-12-31": {
        "Diluted EPS": -3.79,
        "Total Revenue": -364,
        "Gross Profit": -364,
        "Operating Income": -15,
        "EBIT": -52,
        "Net Income": -332
    },
    "2018-09-30": {
        "Diluted EPS": 0.53,
        "Total Revenue": 761,
        "Gross Profit": 761,
        "Operating Income": 104,
        "EBIT": 146,
        "Net Income": 46
    },
    "2018-06-30": {
        "Diluted EPS": 0.67,
        "Total Revenue": 766,
        "Gross Profit": 766,
        "Operating Income": 118,
        "EBIT": 160,
        "Net Income": 59
    },
    "2018-03-31": {
        "Diluted EPS": 0.58,
        "Total Revenue": 742,
        "Gross Profit": 742,
        "Operating Income": 99,
        "EBIT": 141,
        "Net Income": 51
    },
    "2017-12-31": {
        "Diluted EPS": 0.81,
        "Total Revenue": 725,
        "Gross Profit": 725,
        "Operating Income": 111,
        "EBIT": 152,
        "Net Income": 70
    },
    "2017-09-30": {
        "Diluted EPS": 0.52,
        "Total Revenue": 717,
        "Gross Profit": 717,
        "Operating Income": 112,
        "EBIT": 151,
        "Net Income": 46
    },
    "2017-06-30": {
        "Diluted EPS": 0.57,
        "Total Revenue": 716,
        "Gross Profit": 716,
        "Operating Income": 120,
        "EBIT": 157,
        "Net Income": 50
    },
    "2017-03-31": {
        "Diluted EPS": 0.4,
        "Total Revenue": 679,
        "Gross Profit": 679,
        "Operating Income": 95,
        "EBIT": 131,
        "Net Income": 35
    },
    "2016-12-31": {
        "Diluted EPS": 0.47,
        "Total Revenue": 703,
        "Gross Profit": 703,
        "Operating Income": 108,
        "EBIT": 145,
        "Net Income": 42
    },
    "2016-09-30": {
        "Diluted EPS": -1.36,
        "Total Revenue": 735,
        "Gross Profit": 735,
        "Operating Income": 112,
        "EBIT": 151,
        "Net Income": -118
    },
    "2016-06-30": {
        "Diluted EPS": 0.65,
        "Total Revenue": 757,
        "Gross Profit": 757,
        "Operating Income": 129,
        "EBIT": 168,
        "Net Income": 56
    },
    "2016-03-31": {
        "Diluted EPS": 0.31,
        "Total Revenue": 617,
        "Gross Profit": 617,
        "Operating Income": 96,
        "EBIT": 126,
        "Net Income": 26
    },
    "2015-12-31": {
        "Diluted EPS": 0.5,
        "Total Revenue": 495,
        "Gross Profit": 495,
        "Operating Income": 87,
        "EBIT": 108,
        "Net Income": 35
    },
    "2015-09-30": {
        "Diluted EPS": 0.42,
        "Total Revenue": 480,
        "Gross Profit": 480,
        "Operating Income": 86,
        "EBIT": 105,
        "Net Income": 30
    },
    "2015-06-30": {
        "Diluted EPS": 0.49,
        "Total Revenue": 454,
        "Gross Profit": 454,
        "Operating Income": 86,
        "EBIT": 102,
        "Net Income": 34
    },
    "2015-03-31": {
        "Diluted EPS": 0.23,
        "Total Revenue": 366,
        "Gross Profit": 366,
        "Operating Income": 62,
        "EBIT": 76,
        "Net Income": 15
    },
    "2014-12-31": {
        "Diluted EPS": 0.38,
        "Total Revenue": 295,
        "Gross Profit": 295,
        "Operating Income": 52,
        "EBIT": 64,
        "Net Income": 22
    },
    "2014-09-30": {
        "Diluted EPS": 0.43,
        "Total Revenue": 294,
        "Gross Profit": 294,
        "Operating Income": 52,
        "EBIT": 63,
        "Net Income": 25
    },
    "2014-06-30": {
        "Diluted EPS": 0.43,
        "Total Revenue": 214,
        "Gross Profit": 214,
        "Operating Income": 36,
        "EBIT": 43,
        "Net Income": 22
    },
    "2014-03-31": {
        "Diluted EPS": 0.26,
        "Total Revenue": 201,
        "Gross Profit": 201,
        "Operating Income": 32,
        "EBIT": 38,
        "Net Income": 13
    },
    "2013-12-31": {
        "Diluted EPS": 0.25,
        "Total Revenue": 190,
        "Gross Profit": 190,
        "Operating Income": 33,
        "EBIT": 38,
        "Net Income": 12
    },
    "2013-09-30": {
        "Diluted EPS": 0.29,
        "Total Revenue": 185,
        "Gross Profit": 185,
        "Operating Income": 33,
        "EBIT": 38,
        "Net Income": 14
    },
    "2013-06-30": {
        "Diluted EPS": 0.24,
        "Total Revenue": 177,
        "Gross Profit": 177,
        "Operating Income": 31,
        "EBIT": 36,
        "Net Income": 12
    },
    "2013-03-31": {
        "Diluted EPS": 0.07,
        "Total Revenue": 161,
        "Gross Profit": 161,
        "Operating Income": 26,
        "EBIT": 30,
        "Net Income": 4
    },
    "2012-12-31": {
        "Diluted EPS": 0.11,
        "Total Revenue": 114,
        "Gross Profit": 114,
        "Operating Income": 21,
        "EBIT": 24,
        "Net Income": 4
    },
    "2012-09-30": {
        "Diluted EPS": 0.15,
        "Total Revenue": 103,
        "Gross Profit": 103,
        "Operating Income": 18,
        "EBIT": 21,
        "Net Income": 6
    },
    "2012-06-30": {
        "Diluted EPS": 0.16,
        "Total Revenue": 101,
        "Gross Profit": 101,
        "Operating Income": 18,
        "EBIT": 20,
        "Net Income": 6
    },
    "2012-03-31": {
        "Diluted EPS": 0.11,
        "Total Revenue": 90,
        "Gross Profit": 90,
        "Operating Income": 13,
        "EBIT": 15,
        "Net Income": 4
    },
    "2011-12-31": {
        "Diluted EPS": -0.79,
        "Total Revenue": 75,
        "Gross Profit": 75,
        "Operating Income": 13,
        "EBIT": 14,
        "Net Income": -16
    },
    "2011-09-30": {
        "Diluted EPS": 0.18,
        "Total Revenue": 61,
        "Gross Profit": 61,
        "Operating Income": 9,
        "EBIT": 10,
        "Net Income": 3
    },
    "2011-06-30": {
        "Diluted EPS": -1.24,
        "Total Revenue": 64,
        "Gross Profit": 64,
        "Operating Income": -11,
        "EBIT": -9,
        "Net Income": -22
    },
    "2011-03-31": {
        "Diluted EPS": -0.01,
        "Total Revenue": 17,
        "Gross Profit": 17,
        "Operating Income": 2,
        "EBIT": 3,
        "Net Income": 0
    },
    "2010-12-31": {
        "Diluted EPS": 0.0,
        "Total Revenue": NaN,
        "Gross Profit": NaN,
        "Operating Income": NaN,
        "EBIT": NaN,
        "Net Income": NaN
    },
    "2010-09-30": {
        "Diluted EPS": 0.09,
        "Total Revenue": 16,
        "Gross Profit": 16,
        "Operating Income": 2,
        "EBIT": 2,
        "Net Income": 2
    },
    "2009-12-31": {
        "Diluted EPS": 0.0,
        "Total Revenue": NaN,
        "Gross Profit": NaN,
        "Operating Income": NaN,
        "EBIT": NaN,
        "Net Income": NaN
    }
}