{
    "2023-03-31": {
        "Tax Effect Of Unusual Items": NaN,
        "Tax Rate For Calcs": NaN,
        "Normalized EBITDA": NaN,
        "Net Income From Continuing Operation Net Minority Interest": NaN,
        "Reconciled Depreciation": 1108000.0,
        "EBITDA": NaN,
        "EBIT": NaN,
        "Normalized Income": NaN,
        "Net Income From Continuing And Discontinued Operation": NaN,
        "Total Expenses": NaN,
        "Total Operating Income As Reported": NaN,
        "Diluted Average Shares": NaN,
        "Basic Average Shares": NaN,
        "Diluted EPS": NaN,
        "Basic EPS": NaN,
        "Diluted NI Availto Com Stockholders": NaN,
        "Net Income Common Stockholders": NaN,
        "Net Income": NaN,
        "Net Income Including Noncontrolling Interests": NaN,
        "Net Income Continuous Operations": NaN,
        "Tax Provision": NaN,
        "Pretax Income": NaN,
        "Other Income Expense": NaN,
        "Other Non Operating Income Expenses": NaN,
        "Operating Income": NaN,
        "Operating Expense": NaN,
        "Research And Development": NaN,
        "Selling General And Administration": NaN,
        "General And Administrative Expense": NaN,
        "Other Gand A": NaN,
        "Total Revenue": NaN,
        "Operating Revenue": NaN
    },
    "2022-12-31": {
        "Tax Effect Of Unusual Items": NaN,
        "Tax Rate For Calcs": NaN,
        "Normalized EBITDA": NaN,
        "Net Income From Continuing Operation Net Minority Interest": NaN,
        "Reconciled Depreciation": 831000.0,
        "EBITDA": NaN,
        "EBIT": NaN,
        "Normalized Income": NaN,
        "Net Income From Continuing And Discontinued Operation": NaN,
        "Total Expenses": NaN,
        "Total Operating Income As Reported": NaN,
        "Diluted Average Shares": NaN,
        "Basic Average Shares": NaN,
        "Diluted EPS": NaN,
        "Basic EPS": NaN,
        "Diluted NI Availto Com Stockholders": NaN,
        "Net Income Common Stockholders": NaN,
        "Net Income": NaN,
        "Net Income Including Noncontrolling Interests": NaN,
        "Net Income Continuous Operations": NaN,
        "Tax Provision": NaN,
        "Pretax Income": NaN,
        "Other Income Expense": NaN,
        "Other Non Operating Income Expenses": NaN,
        "Operating Income": NaN,
        "Operating Expense": NaN,
        "Research And Development": NaN,
        "Selling General And Administration": NaN,
        "General And Administrative Expense": NaN,
        "Other Gand A": NaN,
        "Total Revenue": NaN,
        "Operating Revenue": NaN
    },
    "2022-09-30": {
        "Tax Effect Of Unusual Items": NaN,
        "Tax Rate For Calcs": NaN,
        "Normalized EBITDA": NaN,
        "Net Income From Continuing Operation Net Minority Interest": NaN,
        "Reconciled Depreciation": 890000.0,
        "EBITDA": NaN,
        "EBIT": NaN,
        "Normalized Income": NaN,
        "Net Income From Continuing And Discontinued Operation": NaN,
        "Total Expenses": NaN,
        "Total Operating Income As Reported": NaN,
        "Diluted Average Shares": 39313764.0,
        "Basic Average Shares": 39313764.0,
        "Diluted EPS": -0.32,
        "Basic EPS": -0.32,
        "Diluted NI Availto Com Stockholders": NaN,
        "Net Income Common Stockholders": NaN,
        "Net Income": NaN,
        "Net Income Including Noncontrolling Interests": NaN,
        "Net Income Continuous Operations": NaN,
        "Tax Provision": NaN,
        "Pretax Income": NaN,
        "Other Income Expense": NaN,
        "Other Non Operating Income Expenses": NaN,
        "Operating Income": NaN,
        "Operating Expense": NaN,
        "Research And Development": NaN,
        "Selling General And Administration": NaN,
        "General And Administrative Expense": NaN,
        "Other Gand A": NaN,
        "Total Revenue": NaN,
        "Operating Revenue": NaN
    },
    "2022-06-30": {
        "Tax Effect Of Unusual Items": 0.0,
        "Tax Rate For Calcs": 0.4,
        "Normalized EBITDA": -19630000.0,
        "Net Income From Continuing Operation Net Minority Interest": -17289000.0,
        "Reconciled Depreciation": 916000.0,
        "EBITDA": -19630000.0,
        "EBIT": -20546000.0,
        "Normalized Income": -17289000.0,
        "Net Income From Continuing And Discontinued Operation": -17289000.0,
        "Total Expenses": 20546000.0,
        "Total Operating Income As Reported": -20546000.0,
        "Diluted Average Shares": 39104375.0,
        "Basic Average Shares": 39104375.0,
        "Diluted EPS": -0.44,
        "Basic EPS": -0.44,
        "Diluted NI Availto Com Stockholders": -17289000.0,
        "Net Income Common Stockholders": -17289000.0,
        "Net Income": -17289000.0,
        "Net Income Including Noncontrolling Interests": -17289000.0,
        "Net Income Continuous Operations": -17289000.0,
        "Tax Provision": 14000.0,
        "Pretax Income": -17275000.0,
        "Other Income Expense": 3271000.0,
        "Other Non Operating Income Expenses": 3271000.0,
        "Operating Income": -20546000.0,
        "Operating Expense": 20546000.0,
        "Research And Development": 14776000.0,
        "Selling General And Administration": 5770000.0,
        "General And Administrative Expense": 5770000.0,
        "Other Gand A": 5770000.0,
        "Total Revenue": 0.0,
        "Operating Revenue": 0.0
    },
    "2022-03-31": {
        "Diluted EPS": -0.45,
        "Total Revenue": NaN,
        "Gross Profit": NaN,
        "Operating Income": -19,
        "EBIT": -18,
        "Net Income": -17
    },
    "2021-12-31": {
        "Diluted EPS": 7.04,
        "Total Revenue": NaN,
        "Gross Profit": NaN,
        "Operating Income": -18,
        "EBIT": -18,
        "Net Income": -18
    },
    "2021-09-30": {
        "Diluted EPS": -0.34,
        "Total Revenue": NaN,
        "Gross Profit": NaN,
        "Operating Income": -16,
        "EBIT": -15,
        "Net Income": -13
    },
    "2021-06-30": {
        "Diluted EPS": -0.45,
        "Total Revenue": NaN,
        "Gross Profit": NaN,
        "Operating Income": -16,
        "EBIT": -15,
        "Net Income": -16
    },
    "2021-03-31": {
        "Diluted EPS": -8.38,
        "Total Revenue": NaN,
        "Gross Profit": NaN,
        "Operating Income": -14,
        "EBIT": -13,
        "Net Income": -14
    },
    "2020-12-31": {
        "Diluted EPS": -9.87,
        "Total Revenue": NaN,
        "Gross Profit": NaN,
        "Operating Income": -13,
        "EBIT": -13,
        "Net Income": -13
    },
    "2020-09-30": {
        "Diluted EPS": -7.5,
        "Total Revenue": NaN,
        "Gross Profit": NaN,
        "Operating Income": -8,
        "EBIT": -8,
        "Net Income": -8
    },
    "2020-06-30": {
        "Diluted EPS": -7.64,
        "Total Revenue": NaN,
        "Gross Profit": NaN,
        "Operating Income": -7,
        "EBIT": -7,
        "Net Income": -7
    },
    "2020-03-31": {
        "Diluted EPS": -6.13,
        "Total Revenue": NaN,
        "Gross Profit": NaN,
        "Operating Income": -6,
        "EBIT": -6,
        "Net Income": -5
    },
    "2019-12-31": {
        "Diluted EPS": 0.0,
        "Total Revenue": NaN,
        "Gross Profit": NaN,
        "Operating Income": NaN,
        "EBIT": NaN,
        "Net Income": NaN
    },
    "2023-06-30": {
        "Tax Effect Of Unusual Items": NaN,
        "Tax Rate For Calcs": NaN,
        "Normalized EBITDA": NaN,
        "Net Income From Continuing Operation Net Minority Interest": NaN,
        "Reconciled Depreciation": NaN,
        "EBITDA": NaN,
        "EBIT": NaN,
        "Normalized Income": NaN,
        "Net Income From Continuing And Discontinued Operation": NaN,
        "Total Expenses": NaN,
        "Total Operating Income As Reported": NaN,
        "Diluted Average Shares": 39899944.0,
        "Basic Average Shares": 39899944.0,
        "Diluted EPS": -0.42,
        "Basic EPS": -0.42,
        "Diluted NI Availto Com Stockholders": NaN,
        "Net Income Common Stockholders": NaN,
        "Net Income": NaN,
        "Net Income Including Noncontrolling Interests": NaN,
        "Net Income Continuous Operations": NaN,
        "Tax Provision": NaN,
        "Pretax Income": NaN,
        "Other Income Expense": NaN,
        "Other Non Operating Income Expenses": NaN,
        "Operating Income": NaN,
        "Operating Expense": NaN,
        "Research And Development": NaN,
        "Selling General And Administration": NaN,
        "General And Administrative Expense": NaN,
        "Other Gand A": NaN,
        "Total Revenue": NaN,
        "Operating Revenue": NaN
    },
    "2023-09-30": {
        "Tax Effect Of Unusual Items": 0.0,
        "Tax Rate For Calcs": 0.001437,
        "Normalized EBITDA": -19096000.0,
        "Net Income From Continuing Operation Net Minority Interest": -16683000.0,
        "Reconciled Depreciation": NaN,
        "EBITDA": -19096000.0,
        "EBIT": -19096000.0,
        "Normalized Income": -16683000.0,
        "Net Income From Continuing And Discontinued Operation": -16683000.0,
        "Total Expenses": 19096000.0,
        "Total Operating Income As Reported": -19096000.0,
        "Diluted Average Shares": 40066922.0,
        "Basic Average Shares": 40066922.0,
        "Diluted EPS": -0.42,
        "Basic EPS": -0.42,
        "Diluted NI Availto Com Stockholders": -16683000.0,
        "Net Income Common Stockholders": -16683000.0,
        "Net Income": -16683000.0,
        "Net Income Including Noncontrolling Interests": -16683000.0,
        "Net Income Continuous Operations": -16683000.0,
        "Tax Provision": -24000.0,
        "Pretax Income": -16707000.0,
        "Other Income Expense": 2389000.0,
        "Other Non Operating Income Expenses": 2389000.0,
        "Operating Income": -19096000.0,
        "Operating Expense": 19096000.0,
        "Research And Development": 14712000.0,
        "Selling General And Administration": 4384000.0,
        "General And Administrative Expense": 4384000.0,
        "Other Gand A": 4384000.0,
        "Total Revenue": 0.0,
        "Operating Revenue": 0.0
    },
    "2023-12-31": {
        "Tax Effect Of Unusual Items": 0.0,
        "Tax Rate For Calcs": 0.19,
        "Normalized EBITDA": -18366000.0,
        "Net Income From Continuing Operation Net Minority Interest": -18630000.0,
        "Reconciled Depreciation": 1148000.0,
        "EBITDA": -18366000.0,
        "EBIT": -19514000.0,
        "Normalized Income": -18630000.0,
        "Net Income From Continuing And Discontinued Operation": -18630000.0,
        "Total Expenses": 19514000.0,
        "Total Operating Income As Reported": -19514000.0,
        "Diluted Average Shares": NaN,
        "Basic Average Shares": NaN,
        "Diluted EPS": NaN,
        "Basic EPS": NaN,
        "Diluted NI Availto Com Stockholders": -18630000.0,
        "Net Income Common Stockholders": -18630000.0,
        "Net Income": -18630000.0,
        "Net Income Including Noncontrolling Interests": -18630000.0,
        "Net Income Continuous Operations": -18630000.0,
        "Tax Provision": 505000.0,
        "Pretax Income": -18125000.0,
        "Other Income Expense": 1389000.0,
        "Other Non Operating Income Expenses": 1389000.0,
        "Operating Income": -19514000.0,
        "Operating Expense": 19514000.0,
        "Research And Development": 15892000.0,
        "Selling General And Administration": 3622000.0,
        "General And Administrative Expense": 3622000.0,
        "Other Gand A": -5914000.0,
        "Total Revenue": 0.0,
        "Operating Revenue": 0.0
    },
    "2024-03-31": {
        "Tax Effect Of Unusual Items": 0.0,
        "Tax Rate For Calcs": 0.00187,
        "Normalized EBITDA": -13119000.0,
        "Net Income From Continuing Operation Net Minority Interest": -12274000.0,
        "Reconciled Depreciation": 1180000.0,
        "EBITDA": -13119000.0,
        "EBIT": -14299000.0,
        "Normalized Income": -12274000.0,
        "Net Income From Continuing And Discontinued Operation": -12274000.0,
        "Total Expenses": 14299000.0,
        "Total Operating Income As Reported": -14299000.0,
        "Diluted Average Shares": 40281407.0,
        "Basic Average Shares": 40281407.0,
        "Diluted EPS": -0.3,
        "Basic EPS": -0.3,
        "Diluted NI Availto Com Stockholders": -12274000.0,
        "Net Income Common Stockholders": -12274000.0,
        "Net Income": -12274000.0,
        "Net Income Including Noncontrolling Interests": -12274000.0,
        "Net Income Continuous Operations": -12274000.0,
        "Tax Provision": -23000.0,
        "Pretax Income": -12297000.0,
        "Other Income Expense": 2002000.0,
        "Other Non Operating Income Expenses": 2002000.0,
        "Operating Income": -14299000.0,
        "Operating Expense": 14299000.0,
        "Research And Development": 10140000.0,
        "Selling General And Administration": 4159000.0,
        "General And Administrative Expense": 4159000.0,
        "Other Gand A": 4159000.0,
        "Total Revenue": 0.0,
        "Operating Revenue": 0.0
    },
    "2024-06-30": {
        "Tax Effect Of Unusual Items": 0.0,
        "Tax Rate For Calcs": 0.25,
        "Normalized EBITDA": -17799000.0,
        "Net Income From Continuing Operation Net Minority Interest": -16380000.0,
        "Reconciled Depreciation": NaN,
        "EBITDA": -17799000.0,
        "EBIT": -17799000.0,
        "Normalized Income": -16380000.0,
        "Net Income From Continuing And Discontinued Operation": -16380000.0,
        "Total Expenses": 17799000.0,
        "Total Operating Income As Reported": -17799000.0,
        "Diluted Average Shares": 40355972.0,
        "Basic Average Shares": 40355972.0,
        "Diluted EPS": -0.41,
        "Basic EPS": -0.41,
        "Diluted NI Availto Com Stockholders": -16380000.0,
        "Net Income Common Stockholders": -16380000.0,
        "Net Income": -16380000.0,
        "Net Income Including Noncontrolling Interests": -16380000.0,
        "Net Income Continuous Operations": -16380000.0,
        "Tax Provision": 8000.0,
        "Pretax Income": -16372000.0,
        "Other Income Expense": 1427000.0,
        "Other Non Operating Income Expenses": 1427000.0,
        "Operating Income": -17799000.0,
        "Operating Expense": 17799000.0,
        "Research And Development": 13635000.0,
        "Selling General And Administration": 4164000.0,
        "General And Administrative Expense": 4164000.0,
        "Other Gand A": 4164000.0,
        "Total Revenue": 0.0,
        "Operating Revenue": 0.0
    },
    "2024-09-30": {
        "Tax Effect Of Unusual Items": 0.0,
        "Tax Rate For Calcs": 0.000255,
        "Normalized EBITDA": -20417000.0,
        "Net Income From Continuing Operation Net Minority Interest": -19595000.0,
        "Reconciled Depreciation": NaN,
        "EBITDA": -20417000.0,
        "EBIT": -20417000.0,
        "Normalized Income": -19595000.0,
        "Net Income From Continuing And Discontinued Operation": -19595000.0,
        "Total Expenses": 20417000.0,
        "Total Operating Income As Reported": -20417000.0,
        "Diluted Average Shares": 40427199.0,
        "Basic Average Shares": 40427199.0,
        "Diluted EPS": -0.48,
        "Basic EPS": -0.48,
        "Diluted NI Availto Com Stockholders": -19595000.0,
        "Net Income Common Stockholders": -19595000.0,
        "Net Income": -19595000.0,
        "Net Income Including Noncontrolling Interests": -19595000.0,
        "Net Income Continuous Operations": -19595000.0,
        "Tax Provision": -5000.0,
        "Pretax Income": -19600000.0,
        "Other Income Expense": 817000.0,
        "Other Non Operating Income Expenses": 817000.0,
        "Operating Income": -20417000.0,
        "Operating Expense": 20417000.0,
        "Research And Development": 16396000.0,
        "Selling General And Administration": 4021000.0,
        "General And Administrative Expense": 4021000.0,
        "Other Gand A": 4021000.0,
        "Total Revenue": 0.0,
        "Operating Revenue": 0.0
    }
}