{
    "2023-06-30": {
        "Tax Effect Of Unusual Items": NaN,
        "Tax Rate For Calcs": NaN,
        "Net Income From Continuing Operation Net Minority Interest": NaN,
        "Reconciled Depreciation": NaN,
        "EBIT": NaN,
        "Net Interest Income": NaN,
        "Interest Expense": NaN,
        "Normalized Income": NaN,
        "Net Income From Continuing And Discontinued Operation": NaN,
        "Total Expenses": NaN,
        "Diluted Average Shares": NaN,
        "Basic Average Shares": NaN,
        "Diluted EPS": NaN,
        "Basic EPS": NaN,
        "Diluted NI Availto Com Stockholders": NaN,
        "Net Income Common Stockholders": NaN,
        "Net Income": NaN,
        "Minority Interests": 0.0,
        "Net Income Including Noncontrolling Interests": NaN,
        "Net Income Discontinuous Operations": NaN,
        "Net Income Continuous Operations": NaN,
        "Tax Provision": NaN,
        "Pretax Income": NaN,
        "Other Income Expense": 18000.0,
        "Net Non Operating Interest Income Expense": NaN,
        "Interest Expense Non Operating": NaN,
        "Other Operating Expenses": NaN,
        "Selling General And Administration": NaN,
        "General And Administrative Expense": NaN,
        "Other Gand A": NaN,
        "Total Revenue": NaN,
        "Operating Revenue": NaN,
        "Loss Adjustment Expense": NaN,
        "Net Policyholder Benefits And Claims": NaN
    },
    "2023-03-31": {
        "Tax Effect Of Unusual Items": NaN,
        "Tax Rate For Calcs": NaN,
        "Net Income From Continuing Operation Net Minority Interest": NaN,
        "Reconciled Depreciation": NaN,
        "EBIT": NaN,
        "Net Interest Income": NaN,
        "Interest Expense": NaN,
        "Normalized Income": NaN,
        "Net Income From Continuing And Discontinued Operation": NaN,
        "Total Expenses": NaN,
        "Diluted Average Shares": NaN,
        "Basic Average Shares": NaN,
        "Diluted EPS": NaN,
        "Basic EPS": NaN,
        "Diluted NI Availto Com Stockholders": NaN,
        "Net Income Common Stockholders": NaN,
        "Net Income": NaN,
        "Minority Interests": 0.0,
        "Net Income Including Noncontrolling Interests": NaN,
        "Net Income Discontinuous Operations": NaN,
        "Net Income Continuous Operations": NaN,
        "Tax Provision": NaN,
        "Pretax Income": NaN,
        "Other Income Expense": 16000.0,
        "Net Non Operating Interest Income Expense": NaN,
        "Interest Expense Non Operating": NaN,
        "Other Operating Expenses": NaN,
        "Selling General And Administration": NaN,
        "General And Administrative Expense": NaN,
        "Other Gand A": NaN,
        "Total Revenue": NaN,
        "Operating Revenue": NaN,
        "Loss Adjustment Expense": NaN,
        "Net Policyholder Benefits And Claims": NaN
    },
    "2022-12-31": {
        "Tax Effect Of Unusual Items": NaN,
        "Tax Rate For Calcs": NaN,
        "Net Income From Continuing Operation Net Minority Interest": NaN,
        "Reconciled Depreciation": NaN,
        "EBIT": NaN,
        "Net Interest Income": NaN,
        "Interest Expense": NaN,
        "Normalized Income": NaN,
        "Net Income From Continuing And Discontinued Operation": NaN,
        "Total Expenses": NaN,
        "Diluted Average Shares": NaN,
        "Basic Average Shares": NaN,
        "Diluted EPS": NaN,
        "Basic EPS": NaN,
        "Diluted NI Availto Com Stockholders": NaN,
        "Net Income Common Stockholders": NaN,
        "Net Income": NaN,
        "Minority Interests": 0.0,
        "Net Income Including Noncontrolling Interests": NaN,
        "Net Income Discontinuous Operations": NaN,
        "Net Income Continuous Operations": NaN,
        "Tax Provision": NaN,
        "Pretax Income": NaN,
        "Other Income Expense": NaN,
        "Net Non Operating Interest Income Expense": NaN,
        "Interest Expense Non Operating": NaN,
        "Other Operating Expenses": NaN,
        "Selling General And Administration": NaN,
        "General And Administrative Expense": NaN,
        "Other Gand A": NaN,
        "Total Revenue": NaN,
        "Operating Revenue": NaN,
        "Loss Adjustment Expense": NaN,
        "Net Policyholder Benefits And Claims": NaN
    },
    "2022-09-30": {
        "Tax Effect Of Unusual Items": 0.0,
        "Tax Rate For Calcs": 0.4,
        "Net Income From Continuing Operation Net Minority Interest": -70884000.0,
        "Reconciled Depreciation": 16029000.0,
        "EBIT": -68405000.0,
        "Net Interest Income": -2392000.0,
        "Interest Expense": 2392000.0,
        "Normalized Income": -70884000.0,
        "Net Income From Continuing And Discontinued Operation": -70884000.0,
        "Total Expenses": 194585000.0,
        "Diluted Average Shares": 43075234.0,
        "Basic Average Shares": 43075234.0,
        "Diluted EPS": -1.65,
        "Basic EPS": -1.65,
        "Diluted NI Availto Com Stockholders": -70884000.0,
        "Net Income Common Stockholders": -70884000.0,
        "Net Income": -70884000.0,
        "Minority Interests": 0.0,
        "Net Income Including Noncontrolling Interests": -70884000.0,
        "Net Income Discontinuous Operations": NaN,
        "Net Income Continuous Operations": -70884000.0,
        "Tax Provision": 87000.0,
        "Pretax Income": -70797000.0,
        "Other Income Expense": 5859000.0,
        "Net Non Operating Interest Income Expense": -2392000.0,
        "Interest Expense Non Operating": 2392000.0,
        "Other Operating Expenses": 9630000.0,
        "Selling General And Administration": 26391000.0,
        "General And Administrative Expense": 26391000.0,
        "Other Gand A": 26391000.0,
        "Total Revenue": 123788000.0,
        "Operating Revenue": 123788000.0
    },
    "2022-06-30": {
        "Tax Effect Of Unusual Items": 0.0,
        "Tax Rate For Calcs": 0.4,
        "Net Income From Continuing Operation Net Minority Interest": -69029000.0,
        "Reconciled Depreciation": 2436000.0,
        "EBIT": -30511000.0,
        "Net Interest Income": -2394000.0,
        "Interest Expense": 2394000.0,
        "Normalized Income": -69029000.0,
        "Net Income From Continuing And Discontinued Operation": -69029000.0,
        "Total Expenses": 148698000.0,
        "Diluted Average Shares": 43049227.0,
        "Basic Average Shares": 43049227.0,
        "Diluted EPS": -1.6,
        "Basic EPS": -1.6,
        "Diluted NI Availto Com Stockholders": -69029000.0,
        "Net Income Common Stockholders": -69029000.0,
        "Net Income": -69029000.0,
        "Minority Interests": 26000.0,
        "Net Income Including Noncontrolling Interests": -69055000.0,
        "Net Income Discontinuous Operations": NaN,
        "Net Income Continuous Operations": -69055000.0,
        "Tax Provision": 36150000.0,
        "Pretax Income": -32905000.0,
        "Other Income Expense": 6410000.0,
        "Net Non Operating Interest Income Expense": -2394000.0,
        "Interest Expense Non Operating": 2394000.0,
        "Other Operating Expenses": 12748000.0,
        "Selling General And Administration": 14494000.0,
        "General And Administrative Expense": 14494000.0,
        "Other Gand A": 14494000.0,
        "Total Revenue": 115793000.0,
        "Operating Revenue": 115793000.0
    },
    "2023-09-30": {
        "Tax Effect Of Unusual Items": 0.0,
        "Tax Rate For Calcs": 0.168467,
        "Net Income From Continuing Operation Net Minority Interest": 15015000.0,
        "Reconciled Depreciation": 2110000.0,
        "EBIT": 20775000.0,
        "Net Interest Income": -2718000.0,
        "Interest Expense": 2718000.0,
        "Normalized Income": 15015000.0,
        "Net Income From Continuing And Discontinued Operation": 10568000.0,
        "Total Expenses": 34475000.0,
        "Diluted Average Shares": 44142693.0,
        "Basic Average Shares": 43301388.0,
        "Diluted EPS": 0.24,
        "Basic EPS": 0.24,
        "Diluted NI Availto Com Stockholders": 10568000.0,
        "Net Income Common Stockholders": 10568000.0,
        "Net Income": 10568000.0,
        "Minority Interests": 0.0,
        "Net Income Including Noncontrolling Interests": 10568000.0,
        "Net Income Discontinuous Operations": -4447000.0,
        "Net Income Continuous Operations": 15015000.0,
        "Tax Provision": 3042000.0,
        "Pretax Income": 18057000.0,
        "Other Income Expense": 18000.0,
        "Net Non Operating Interest Income Expense": -2718000.0,
        "Interest Expense Non Operating": 2718000.0,
        "Other Operating Expenses": 2318000.0,
        "Selling General And Administration": 6011000.0,
        "General And Administrative Expense": 6011000.0,
        "Other Gand A": 6011000.0,
        "Total Revenue": 52532000.0,
        "Operating Revenue": 52532000.0,
        "Loss Adjustment Expense": 9822000.0,
        "Net Policyholder Benefits And Claims": 9822000.0
    },
    "2023-12-31": {
        "Tax Effect Of Unusual Items": 0.0,
        "Tax Rate For Calcs": 0.126621,
        "Net Income From Continuing Operation Net Minority Interest": 17106000.0,
        "Reconciled Depreciation": 4235000.0,
        "EBIT": 22305000.0,
        "Net Interest Income": -2719000.0,
        "Interest Expense": 2719000.0,
        "Normalized Income": 17106000.0,
        "Net Income From Continuing And Discontinued Operation": 14284000.0,
        "Total Expenses": 38628000.0,
        "Diluted Average Shares": 45712715.0,
        "Basic Average Shares": 44713148.0,
        "Diluted EPS": 0.31,
        "Basic EPS": 0.32,
        "Diluted NI Availto Com Stockholders": 14284000.0,
        "Net Income Common Stockholders": 14284000.0,
        "Net Income": 14284000.0,
        "Minority Interests": 0.0,
        "Net Income Including Noncontrolling Interests": 14284000.0,
        "Net Income Discontinuous Operations": -2822000.0,
        "Net Income Continuous Operations": 17106000.0,
        "Tax Provision": 2480000.0,
        "Pretax Income": 19586000.0,
        "Other Income Expense": 27000.0,
        "Net Non Operating Interest Income Expense": -2719000.0,
        "Interest Expense Non Operating": 2719000.0,
        "Other Operating Expenses": 928000.0,
        "Selling General And Administration": 7982000.0,
        "General And Administrative Expense": 7982000.0,
        "Other Gand A": 7982000.0,
        "Total Revenue": 58214000.0,
        "Operating Revenue": 58214000.0,
        "Loss Adjustment Expense": 11770000.0,
        "Net Policyholder Benefits And Claims": 11770000.0
    },
    "2024-03-31": {
        "Tax Effect Of Unusual Items": 0.0,
        "Tax Rate For Calcs": 0.243961,
        "Net Income From Continuing Operation Net Minority Interest": 23599000.0,
        "Reconciled Depreciation": 2168000.0,
        "EBIT": 33933000.0,
        "Net Interest Income": -2719000.0,
        "Interest Expense": 2719000.0,
        "Normalized Income": 23599000.0,
        "Net Income From Continuing And Discontinued Operation": 23599000.0,
        "Total Expenses": 41990000.0,
        "Diluted Average Shares": 48969550.0,
        "Basic Average Shares": 47323356.0,
        "Diluted EPS": 0.48,
        "Basic EPS": 0.5,
        "Diluted NI Availto Com Stockholders": 23599000.0,
        "Net Income Common Stockholders": 23599000.0,
        "Net Income": 23599000.0,
        "Minority Interests": NaN,
        "Net Income Including Noncontrolling Interests": 23599000.0,
        "Net Income Discontinuous Operations": 0.0,
        "Net Income Continuous Operations": 23599000.0,
        "Tax Provision": 7615000.0,
        "Pretax Income": 31214000.0,
        "Other Income Expense": 16000.0,
        "Net Non Operating Interest Income Expense": -2719000.0,
        "Interest Expense Non Operating": 2719000.0,
        "Other Operating Expenses": 1999000.0,
        "Selling General And Administration": 9573000.0,
        "General And Administrative Expense": 9573000.0,
        "Other Gand A": 9573000.0,
        "Total Revenue": 73204000.0,
        "Operating Revenue": 73204000.0,
        "Loss Adjustment Expense": 15906000.0,
        "Net Policyholder Benefits And Claims": 15906000.0
    },
    "2024-06-30": {
        "Tax Effect Of Unusual Items": 0.0,
        "Tax Rate For Calcs": 0.233616,
        "Net Income From Continuing Operation Net Minority Interest": 19073000.0,
        "Reconciled Depreciation": 1947000.0,
        "EBIT": 28313000.0,
        "Net Interest Income": -3426000.0,
        "Interest Expense": 3426000.0,
        "Normalized Income": 19073000.0,
        "Net Income From Continuing And Discontinued Operation": 19054000.0,
        "Total Expenses": 43769000.0,
        "Diluted Average Shares": 49398463.0,
        "Basic Average Shares": 47821115.0,
        "Diluted EPS": 0.39,
        "Basic EPS": 0.4,
        "Diluted NI Availto Com Stockholders": 19054000.0,
        "Net Income Common Stockholders": 19054000.0,
        "Net Income": 19054000.0,
        "Minority Interests": NaN,
        "Net Income Including Noncontrolling Interests": 19054000.0,
        "Net Income Discontinuous Operations": -19000.0,
        "Net Income Continuous Operations": 19073000.0,
        "Tax Provision": 5814000.0,
        "Pretax Income": 24887000.0,
        "Other Income Expense": NaN,
        "Net Non Operating Interest Income Expense": -3426000.0,
        "Interest Expense Non Operating": 3426000.0,
        "Other Operating Expenses": 1229000.0,
        "Selling General And Administration": 9898000.0,
        "General And Administrative Expense": 9898000.0,
        "Other Gand A": 9898000.0,
        "Total Revenue": 68656000.0,
        "Operating Revenue": 68656000.0,
        "Loss Adjustment Expense": 15277000.0,
        "Net Policyholder Benefits And Claims": 15277000.0
    },
    "2024-09-30": {
        "Tax Effect Of Unusual Items": 0.0,
        "Tax Rate For Calcs": 0.242298,
        "Net Income From Continuing Operation Net Minority Interest": 27669000.0,
        "Reconciled Depreciation": 2499000.0,
        "EBIT": 39584000.0,
        "Net Interest Income": -3067000.0,
        "Interest Expense": 3067000.0,
        "Normalized Income": 27669000.0,
        "Net Income From Continuing And Discontinued Operation": 28119000.0,
        "Total Expenses": 45619000.0,
        "Diluted Average Shares": 49521246.0,
        "Basic Average Shares": 48066358.0,
        "Diluted EPS": 0.57,
        "Basic EPS": 0.59,
        "Diluted NI Availto Com Stockholders": 28119000.0,
        "Net Income Common Stockholders": 28119000.0,
        "Net Income": 28119000.0,
        "Minority Interests": NaN,
        "Net Income Including Noncontrolling Interests": 28119000.0,
        "Net Income Discontinuous Operations": 450000.0,
        "Net Income Continuous Operations": 27669000.0,
        "Tax Provision": 8848000.0,
        "Pretax Income": 36517000.0,
        "Other Income Expense": NaN,
        "Net Non Operating Interest Income Expense": -3067000.0,
        "Interest Expense Non Operating": 3067000.0,
        "Other Operating Expenses": 1662000.0,
        "Selling General And Administration": 8174000.0,
        "General And Administrative Expense": 8174000.0,
        "Other Gand A": 8174000.0,
        "Total Revenue": 82136000.0,
        "Operating Revenue": 82136000.0,
        "Loss Adjustment Expense": 11774000.0,
        "Net Policyholder Benefits And Claims": 11774000.0
    }
}