{
    "2023-03-31": {
        "Tax Effect Of Unusual Items": NaN,
        "Tax Rate For Calcs": NaN,
        "Normalized EBITDA": NaN,
        "Net Income From Continuing Operation Net Minority Interest": NaN,
        "Reconciled Depreciation": NaN,
        "Reconciled Cost Of Revenue": NaN,
        "EBITDA": NaN,
        "EBIT": NaN,
        "Net Interest Income": NaN,
        "Interest Expense": NaN,
        "Interest Income": NaN,
        "Normalized Income": NaN,
        "Net Income From Continuing And Discontinued Operation": NaN,
        "Total Expenses": NaN,
        "Total Operating Income As Reported": NaN,
        "Diluted Average Shares": 108156000.0,
        "Basic Average Shares": 108156000.0,
        "Diluted EPS": -0.3,
        "Basic EPS": -0.3,
        "Diluted NI Availto Com Stockholders": NaN,
        "Net Income Common Stockholders": NaN,
        "Net Income": NaN,
        "Net Income Including Noncontrolling Interests": NaN,
        "Net Income Continuous Operations": NaN,
        "Tax Provision": NaN,
        "Pretax Income": NaN,
        "Other Income Expense": NaN,
        "Other Non Operating Income Expenses": NaN,
        "Net Non Operating Interest Income Expense": NaN,
        "Interest Expense Non Operating": NaN,
        "Interest Income Non Operating": NaN,
        "Operating Income": NaN,
        "Operating Expense": NaN,
        "Depreciation Amortization Depletion Income Statement": NaN,
        "Depreciation And Amortization In Income Statement": NaN,
        "Research And Development": NaN,
        "Selling General And Administration": NaN,
        "Selling And Marketing Expense": NaN,
        "General And Administrative Expense": NaN,
        "Other Gand A": NaN,
        "Gross Profit": NaN,
        "Cost Of Revenue": NaN,
        "Total Revenue": NaN,
        "Operating Revenue": NaN
    },
    "2022-12-31": {
        "Tax Effect Of Unusual Items": NaN,
        "Tax Rate For Calcs": NaN,
        "Normalized EBITDA": NaN,
        "Net Income From Continuing Operation Net Minority Interest": NaN,
        "Reconciled Depreciation": NaN,
        "Reconciled Cost Of Revenue": NaN,
        "EBITDA": NaN,
        "EBIT": NaN,
        "Net Interest Income": NaN,
        "Interest Expense": NaN,
        "Interest Income": NaN,
        "Normalized Income": NaN,
        "Net Income From Continuing And Discontinued Operation": NaN,
        "Total Expenses": NaN,
        "Total Operating Income As Reported": NaN,
        "Diluted Average Shares": 111354000.0,
        "Basic Average Shares": 111077000.0,
        "Diluted EPS": 0.81,
        "Basic EPS": 0.81,
        "Diluted NI Availto Com Stockholders": NaN,
        "Net Income Common Stockholders": NaN,
        "Net Income": NaN,
        "Net Income Including Noncontrolling Interests": NaN,
        "Net Income Continuous Operations": NaN,
        "Tax Provision": NaN,
        "Pretax Income": NaN,
        "Other Income Expense": NaN,
        "Other Non Operating Income Expenses": NaN,
        "Net Non Operating Interest Income Expense": NaN,
        "Interest Expense Non Operating": NaN,
        "Interest Income Non Operating": NaN,
        "Operating Income": NaN,
        "Operating Expense": NaN,
        "Depreciation Amortization Depletion Income Statement": NaN,
        "Depreciation And Amortization In Income Statement": NaN,
        "Research And Development": NaN,
        "Selling General And Administration": NaN,
        "Selling And Marketing Expense": NaN,
        "General And Administrative Expense": NaN,
        "Other Gand A": NaN,
        "Gross Profit": NaN,
        "Cost Of Revenue": NaN,
        "Total Revenue": NaN,
        "Operating Revenue": NaN
    },
    "2022-09-30": {
        "Tax Effect Of Unusual Items": 0.0,
        "Tax Rate For Calcs": 0.31,
        "Normalized EBITDA": 82976000.0,
        "Net Income From Continuing Operation Net Minority Interest": 23117000.0,
        "Reconciled Depreciation": 34947000.0,
        "Reconciled Cost Of Revenue": 168946000.0,
        "EBITDA": 82976000.0,
        "EBIT": 48029000.0,
        "Net Interest Income": -11341000.0,
        "Interest Expense": 14336000.0,
        "Interest Income": 2995000.0,
        "Normalized Income": 23117000.0,
        "Net Income From Continuing And Discontinued Operation": 23117000.0,
        "Total Expenses": 303102000.0,
        "Total Operating Income As Reported": 3489000.0,
        "Diluted Average Shares": 114348000.0,
        "Basic Average Shares": 113812000.0,
        "Diluted EPS": 0.2,
        "Basic EPS": 0.2,
        "Diluted NI Availto Com Stockholders": 23117000.0,
        "Net Income Common Stockholders": 23117000.0,
        "Net Income": 23117000.0,
        "Net Income Including Noncontrolling Interests": 23117000.0,
        "Net Income Continuous Operations": 23117000.0,
        "Tax Provision": 10576000.0,
        "Pretax Income": 33693000.0,
        "Other Income Expense": 41545000.0,
        "Other Non Operating Income Expenses": 41545000.0,
        "Net Non Operating Interest Income Expense": -11341000.0,
        "Interest Expense Non Operating": 14336000.0,
        "Interest Income Non Operating": 2995000.0,
        "Operating Income": 3489000.0,
        "Operating Expense": 131349000.0,
        "Depreciation Amortization Depletion Income Statement": 32140000.0,
        "Depreciation And Amortization In Income Statement": 32140000.0,
        "Research And Development": 35899000.0,
        "Selling General And Administration": 63310000.0,
        "Selling And Marketing Expense": 32794000.0,
        "General And Administrative Expense": 30516000.0,
        "Other Gand A": 30516000.0,
        "Gross Profit": 134838000.0,
        "Cost Of Revenue": 171753000.0,
        "Total Revenue": 306591000.0,
        "Operating Revenue": 306591000.0
    },
    "2022-06-30": {
        "Tax Effect Of Unusual Items": 0.0,
        "Tax Rate For Calcs": 0.25,
        "Normalized EBITDA": 64527000.0,
        "Net Income From Continuing Operation Net Minority Interest": 13342000.0,
        "Reconciled Depreciation": 35013000.0,
        "Reconciled Cost Of Revenue": 176560000.0,
        "EBITDA": 64527000.0,
        "EBIT": 29514000.0,
        "Net Interest Income": -8733000.0,
        "Interest Expense": 11784000.0,
        "Interest Income": 3051000.0,
        "Normalized Income": 13342000.0,
        "Net Income From Continuing And Discontinued Operation": 13342000.0,
        "Total Expenses": 315968000.0,
        "Total Operating Income As Reported": 24457000.0,
        "Diluted Average Shares": 115205000.0,
        "Basic Average Shares": 114669000.0,
        "Diluted EPS": 0.12,
        "Basic EPS": 0.12,
        "Diluted NI Availto Com Stockholders": 13342000.0,
        "Net Income Common Stockholders": 13342000.0,
        "Net Income": 13342000.0,
        "Net Income Including Noncontrolling Interests": 13342000.0,
        "Net Income Continuous Operations": 13342000.0,
        "Tax Provision": 4388000.0,
        "Pretax Income": 17730000.0,
        "Other Income Expense": 2006000.0,
        "Other Non Operating Income Expenses": 2006000.0,
        "Net Non Operating Interest Income Expense": -8733000.0,
        "Interest Expense Non Operating": 11784000.0,
        "Interest Income Non Operating": 3051000.0,
        "Operating Income": 24457000.0,
        "Operating Expense": 136635000.0,
        "Depreciation Amortization Depletion Income Statement": 32240000.0,
        "Depreciation And Amortization In Income Statement": 32240000.0,
        "Research And Development": 40642000.0,
        "Selling General And Administration": 63753000.0,
        "Selling And Marketing Expense": 35391000.0,
        "General And Administrative Expense": 28362000.0,
        "Other Gand A": 28362000.0,
        "Gross Profit": 161092000.0,
        "Cost Of Revenue": 179333000.0,
        "Total Revenue": 340425000.0,
        "Operating Revenue": 340425000.0
    },
    "2023-06-30": {
        "Tax Effect Of Unusual Items": NaN,
        "Tax Rate For Calcs": NaN,
        "Normalized EBITDA": NaN,
        "Net Income From Continuing Operation Net Minority Interest": NaN,
        "Reconciled Depreciation": NaN,
        "Reconciled Cost Of Revenue": NaN,
        "EBITDA": NaN,
        "EBIT": NaN,
        "Net Interest Income": NaN,
        "Interest Expense": NaN,
        "Interest Income": NaN,
        "Normalized Income": NaN,
        "Net Income From Continuing And Discontinued Operation": NaN,
        "Total Expenses": NaN,
        "Total Operating Income As Reported": NaN,
        "Diluted Average Shares": 108455000.0,
        "Basic Average Shares": 108455000.0,
        "Diluted EPS": -0.06,
        "Basic EPS": -0.06,
        "Diluted NI Availto Com Stockholders": NaN,
        "Net Income Common Stockholders": NaN,
        "Net Income": NaN,
        "Net Income Including Noncontrolling Interests": NaN,
        "Net Income Continuous Operations": NaN,
        "Tax Provision": NaN,
        "Pretax Income": NaN,
        "Other Income Expense": NaN,
        "Other Non Operating Income Expenses": NaN,
        "Net Non Operating Interest Income Expense": NaN,
        "Interest Expense Non Operating": NaN,
        "Interest Income Non Operating": NaN,
        "Operating Income": NaN,
        "Operating Expense": NaN,
        "Depreciation Amortization Depletion Income Statement": NaN,
        "Depreciation And Amortization In Income Statement": NaN,
        "Research And Development": NaN,
        "Selling General And Administration": NaN,
        "Selling And Marketing Expense": NaN,
        "General And Administrative Expense": NaN,
        "Other Gand A": NaN,
        "Gross Profit": NaN,
        "Cost Of Revenue": NaN,
        "Total Revenue": NaN,
        "Operating Revenue": NaN
    },
    "2022-03-31": {
        "Diluted EPS": 0.13,
        "Total Revenue": 323,
        "Gross Profit": 157,
        "Operating Income": 28,
        "EBIT": 63,
        "Net Income": 15
    },
    "2021-12-31": {
        "Diluted EPS": 0.93,
        "Total Revenue": 467,
        "Gross Profit": 305,
        "Operating Income": 163,
        "EBIT": 200,
        "Net Income": 109
    },
    "2021-09-30": {
        "Diluted EPS": 0.12,
        "Total Revenue": 317,
        "Gross Profit": 158,
        "Operating Income": 28,
        "EBIT": 65,
        "Net Income": 14
    },
    "2021-06-30": {
        "Diluted EPS": 0.05,
        "Total Revenue": 302,
        "Gross Profit": 143,
        "Operating Income": 15,
        "EBIT": 53,
        "Net Income": 7
    },
    "2021-03-31": {
        "Diluted EPS": -0.02,
        "Total Revenue": 285,
        "Gross Profit": 126,
        "Operating Income": 4,
        "EBIT": 41,
        "Net Income": -2
    },
    "2020-12-31": {
        "Diluted EPS": 0.58,
        "Total Revenue": 387,
        "Gross Profit": 236,
        "Operating Income": 96,
        "EBIT": 142,
        "Net Income": 67
    },
    "2020-09-30": {
        "Diluted EPS": 0.13,
        "Total Revenue": 316,
        "Gross Profit": 157,
        "Operating Income": 31,
        "EBIT": 73,
        "Net Income": 16
    },
    "2020-06-30": {
        "Diluted EPS": 0.12,
        "Total Revenue": 300,
        "Gross Profit": 153,
        "Operating Income": 29,
        "EBIT": 71,
        "Net Income": 14
    },
    "2020-03-31": {
        "Diluted EPS": -0.21,
        "Total Revenue": 291,
        "Gross Profit": 126,
        "Operating Income": -11,
        "EBIT": 27,
        "Net Income": -24
    },
    "2019-12-31": {
        "Diluted EPS": 0.47,
        "Total Revenue": 400,
        "Gross Profit": 227,
        "Operating Income": 102,
        "EBIT": 143,
        "Net Income": 55
    },
    "2019-09-30": {
        "Diluted EPS": 0.27,
        "Total Revenue": 355,
        "Gross Profit": 181,
        "Operating Income": 55,
        "EBIT": 94,
        "Net Income": 32
    },
    "2019-06-30": {
        "Diluted EPS": 0.05,
        "Total Revenue": 298,
        "Gross Profit": 142,
        "Operating Income": -6,
        "EBIT": 28,
        "Net Income": 6
    },
    "2019-03-31": {
        "Diluted EPS": -0.22,
        "Total Revenue": 206,
        "Gross Profit": 91,
        "Operating Income": -28,
        "EBIT": 1,
        "Net Income": -26
    },
    "2018-12-31": {
        "Diluted EPS": 0.76,
        "Total Revenue": 320,
        "Gross Profit": 216,
        "Operating Income": 116,
        "EBIT": 142,
        "Net Income": 88
    },
    "2018-09-30": {
        "Diluted EPS": 0.13,
        "Total Revenue": 246,
        "Gross Profit": 143,
        "Operating Income": 28,
        "EBIT": 54,
        "Net Income": 15
    },
    "2018-06-30": {
        "Diluted EPS": -0.13,
        "Total Revenue": 235,
        "Gross Profit": 119,
        "Operating Income": -2,
        "EBIT": 23,
        "Net Income": -15
    },
    "2018-03-31": {
        "Diluted EPS": -0.17,
        "Total Revenue": 209,
        "Gross Profit": 102,
        "Operating Income": -17,
        "EBIT": 9,
        "Net Income": -19
    },
    "2017-12-31": {
        "Diluted EPS": 0.27,
        "Total Revenue": 326,
        "Gross Profit": 210,
        "Operating Income": 108,
        "EBIT": 134,
        "Net Income": 33
    },
    "2017-09-30": {
        "Diluted EPS": 0.03,
        "Total Revenue": 226,
        "Gross Profit": 118,
        "Operating Income": 11,
        "EBIT": 38,
        "Net Income": 3
    },
    "2017-06-30": {
        "Diluted EPS": -0.25,
        "Total Revenue": 241,
        "Gross Profit": 120,
        "Operating Income": -38,
        "EBIT": -12,
        "Net Income": -30
    },
    "2017-03-31": {
        "Diluted EPS": -0.01,
        "Total Revenue": 231,
        "Gross Profit": 123,
        "Operating Income": 4,
        "EBIT": 31,
        "Net Income": -2
    },
    "2016-12-31": {
        "Diluted EPS": 0.57,
        "Total Revenue": 343,
        "Gross Profit": 232,
        "Operating Income": 120,
        "EBIT": 149,
        "Net Income": 67
    },
    "2016-09-30": {
        "Diluted EPS": -0.08,
        "Total Revenue": 217,
        "Gross Profit": 117,
        "Operating Income": -9,
        "EBIT": 17,
        "Net Income": -10
    },
    "2016-06-30": {
        "Diluted EPS": -0.14,
        "Total Revenue": 220,
        "Gross Profit": 105,
        "Operating Income": -27,
        "EBIT": -1,
        "Net Income": -16
    },
    "2016-03-31": {
        "Diluted EPS": 0.74,
        "Total Revenue": 226,
        "Gross Profit": 108,
        "Operating Income": 137,
        "EBIT": 165,
        "Net Income": 89
    },
    "2015-12-31": {
        "Diluted EPS": 0.37,
        "Total Revenue": 309,
        "Gross Profit": 192,
        "Operating Income": 74,
        "EBIT": 102,
        "Net Income": 44
    },
    "2015-09-30": {
        "Diluted EPS": 0.12,
        "Total Revenue": 239,
        "Gross Profit": 129,
        "Operating Income": 24,
        "EBIT": 49,
        "Net Income": 15
    },
    "2015-06-30": {
        "Diluted EPS": 0.23,
        "Total Revenue": 266,
        "Gross Profit": 139,
        "Operating Income": 24,
        "EBIT": 49,
        "Net Income": 27
    },
    "2015-03-31": {
        "Diluted EPS": 0.0,
        "Total Revenue": 233,
        "Gross Profit": 114,
        "Operating Income": 6,
        "EBIT": 32,
        "Net Income": 0
    },
    "2014-12-31": {
        "Diluted EPS": 0.39,
        "Total Revenue": 290,
        "Gross Profit": 179,
        "Operating Income": 79,
        "EBIT": 104,
        "Net Income": 46
    },
    "2014-09-30": {
        "Diluted EPS": 0.14,
        "Total Revenue": 250,
        "Gross Profit": 139,
        "Operating Income": 32,
        "EBIT": 56,
        "Net Income": 16
    },
    "2014-06-30": {
        "Diluted EPS": 0.1,
        "Total Revenue": 255,
        "Gross Profit": 135,
        "Operating Income": 27,
        "EBIT": 49,
        "Net Income": 11
    },
    "2014-03-31": {
        "Diluted EPS": -0.05,
        "Total Revenue": 221,
        "Gross Profit": 108,
        "Operating Income": 0,
        "EBIT": 22,
        "Net Income": -6
    },
    "2013-12-31": {
        "Diluted EPS": 0.41,
        "Total Revenue": 283,
        "Gross Profit": 183,
        "Operating Income": 86,
        "EBIT": 108,
        "Net Income": 50
    },
    "2013-09-30": {
        "Diluted EPS": 0.12,
        "Total Revenue": 214,
        "Gross Profit": 127,
        "Operating Income": 30,
        "EBIT": 50,
        "Net Income": 14
    },
    "2013-06-30": {
        "Diluted EPS": 0.02,
        "Total Revenue": 206,
        "Gross Profit": 117,
        "Operating Income": 12,
        "EBIT": 30,
        "Net Income": 2
    },
    "2013-03-31": {
        "Diluted EPS": -0.02,
        "Total Revenue": 162,
        "Gross Profit": 94,
        "Operating Income": -4,
        "EBIT": 11,
        "Net Income": -2
    },
    "2012-12-31": {
        "Diluted EPS": 0.42,
        "Total Revenue": 224,
        "Gross Profit": 164,
        "Operating Income": 76,
        "EBIT": 92,
        "Net Income": 50
    },
    "2012-09-30": {
        "Diluted EPS": 0.05,
        "Total Revenue": 155,
        "Gross Profit": 97,
        "Operating Income": 8,
        "EBIT": 22,
        "Net Income": 6
    },
    "2012-06-30": {
        "Diluted EPS": -0.04,
        "Total Revenue": 150,
        "Gross Profit": 88,
        "Operating Income": -8,
        "EBIT": 5,
        "Net Income": -5
    },
    "2012-03-31": {
        "Diluted EPS": -0.02,
        "Total Revenue": 138,
        "Gross Profit": 92,
        "Operating Income": -2,
        "EBIT": 9,
        "Net Income": -2
    },
    "2011-12-31": {
        "Diluted EPS": 0.23,
        "Total Revenue": 135,
        "Gross Profit": 104,
        "Operating Income": 37,
        "EBIT": 45,
        "Net Income": 24
    },
    "2011-09-30": {
        "Diluted EPS": 0.1,
        "Total Revenue": 112,
        "Gross Profit": 78,
        "Operating Income": 11,
        "EBIT": 18,
        "Net Income": 11
    },
    "2011-06-30": {
        "Diluted EPS": 0.1,
        "Total Revenue": 113,
        "Gross Profit": 77,
        "Operating Income": 10,
        "EBIT": 18,
        "Net Income": 10
    },
    "2011-03-31": {
        "Diluted EPS": 0.02,
        "Total Revenue": 105,
        "Gross Profit": 71,
        "Operating Income": 7,
        "EBIT": 14,
        "Net Income": 2
    },
    "2010-12-31": {
        "Diluted EPS": 0.26,
        "Total Revenue": 141,
        "Gross Profit": 107,
        "Operating Income": 43,
        "EBIT": 49,
        "Net Income": 27
    },
    "2010-09-30": {
        "Diluted EPS": 0.02,
        "Total Revenue": 97,
        "Gross Profit": 65,
        "Operating Income": 7,
        "EBIT": 14,
        "Net Income": 2
    },
    "2010-06-30": {
        "Diluted EPS": 0.0,
        "Total Revenue": 92,
        "Gross Profit": 60,
        "Operating Income": 4,
        "EBIT": 11,
        "Net Income": 0
    },
    "2010-03-31": {
        "Diluted EPS": -0.02,
        "Total Revenue": 88,
        "Gross Profit": 57,
        "Operating Income": -1,
        "EBIT": 6,
        "Net Income": -2
    },
    "2009-12-31": {
        "Diluted EPS": 0.19,
        "Total Revenue": 126,
        "Gross Profit": 92,
        "Operating Income": 35,
        "EBIT": 41,
        "Net Income": 20
    },
    "2009-09-30": {
        "Diluted EPS": 0.08,
        "Total Revenue": 104,
        "Gross Profit": 73,
        "Operating Income": 12,
        "EBIT": 18,
        "Net Income": 8
    },
    "2009-06-30": {
        "Diluted EPS": -0.03,
        "Total Revenue": 87,
        "Gross Profit": 55,
        "Operating Income": -3,
        "EBIT": 2,
        "Net Income": -4
    },
    "2009-03-31": {
        "Diluted EPS": -0.04,
        "Total Revenue": 88,
        "Gross Profit": 58,
        "Operating Income": -2,
        "EBIT": 4,
        "Net Income": -4
    },
    "2023-09-30": {
        "Tax Effect Of Unusual Items": 0.0,
        "Tax Rate For Calcs": 0.187558,
        "Normalized EBITDA": 99665000.0,
        "Net Income From Continuing Operation Net Minority Interest": 37911000.0,
        "Reconciled Depreciation": 33162000.0,
        "Reconciled Cost Of Revenue": 174927000.0,
        "EBITDA": 99665000.0,
        "EBIT": 66503000.0,
        "Net Interest Income": -16345000.0,
        "Interest Expense": 19840000.0,
        "Interest Income": 3495000.0,
        "Normalized Income": 37911000.0,
        "Net Income From Continuing And Discontinued Operation": 37911000.0,
        "Total Expenses": 301091000.0,
        "Total Operating Income As Reported": 61924000.0,
        "Diluted Average Shares": 108933000.0,
        "Basic Average Shares": 108667000.0,
        "Diluted EPS": 0.35,
        "Basic EPS": 0.35,
        "Diluted NI Availto Com Stockholders": 37911000.0,
        "Net Income Common Stockholders": 37911000.0,
        "Net Income": 37911000.0,
        "Net Income Including Noncontrolling Interests": 37911000.0,
        "Net Income Continuous Operations": 37911000.0,
        "Tax Provision": 8752000.0,
        "Pretax Income": 46663000.0,
        "Other Income Expense": 1084000.0,
        "Other Non Operating Income Expenses": 1084000.0,
        "Net Non Operating Interest Income Expense": -16345000.0,
        "Interest Expense Non Operating": 19840000.0,
        "Interest Income Non Operating": 3495000.0,
        "Operating Income": 61924000.0,
        "Operating Expense": 123466000.0,
        "Depreciation Amortization Depletion Income Statement": 30464000.0,
        "Depreciation And Amortization In Income Statement": 30464000.0,
        "Research And Development": 33739000.0,
        "Selling General And Administration": 59263000.0,
        "Selling And Marketing Expense": 29442000.0,
        "General And Administrative Expense": 29821000.0,
        "Other Gand A": 29821000.0,
        "Gross Profit": 185390000.0,
        "Cost Of Revenue": 177625000.0,
        "Total Revenue": 363015000.0,
        "Operating Revenue": 363015000.0
    },
    "2023-12-31": {
        "Tax Effect Of Unusual Items": 0.0,
        "Tax Rate For Calcs": 0.204417,
        "Normalized EBITDA": 205331000.0,
        "Net Income From Continuing Operation Net Minority Interest": 122616000.0,
        "Reconciled Depreciation": 31365000.0,
        "Reconciled Cost Of Revenue": 179258000.0,
        "EBITDA": 205331000.0,
        "EBIT": 173966000.0,
        "Net Interest Income": -16088000.0,
        "Interest Expense": 19845000.0,
        "Interest Income": 3757000.0,
        "Normalized Income": 122616000.0,
        "Net Income From Continuing And Discontinued Operation": 122616000.0,
        "Total Expenses": 304247000.0,
        "Total Operating Income As Reported": 172316000.0,
        "Diluted Average Shares": NaN,
        "Basic Average Shares": NaN,
        "Diluted EPS": NaN,
        "Basic EPS": NaN,
        "Diluted NI Availto Com Stockholders": 122616000.0,
        "Net Income Common Stockholders": 122616000.0,
        "Net Income": 122616000.0,
        "Net Income Including Noncontrolling Interests": 122616000.0,
        "Net Income Continuous Operations": 122616000.0,
        "Tax Provision": 31505000.0,
        "Pretax Income": 154121000.0,
        "Other Income Expense": -2107000.0,
        "Other Non Operating Income Expenses": -2107000.0,
        "Net Non Operating Interest Income Expense": -16088000.0,
        "Interest Expense Non Operating": 19845000.0,
        "Interest Income Non Operating": 3757000.0,
        "Operating Income": 172316000.0,
        "Operating Expense": 122558000.0,
        "Depreciation Amortization Depletion Income Statement": 28934000.0,
        "Depreciation And Amortization In Income Statement": 28934000.0,
        "Research And Development": 34636000.0,
        "Selling General And Administration": 58988000.0,
        "Selling And Marketing Expense": 34473000.0,
        "General And Administrative Expense": 24515000.0,
        "Other Gand A": 24515000.0,
        "Gross Profit": 294874000.0,
        "Cost Of Revenue": 181689000.0,
        "Total Revenue": 476563000.0,
        "Operating Revenue": 476563000.0
    },
    "2024-03-31": {
        "Tax Effect Of Unusual Items": 0.0,
        "Tax Rate For Calcs": 0.21,
        "Normalized EBITDA": 41721000.0,
        "Net Income From Continuing Operation Net Minority Interest": -7751000.0,
        "Reconciled Depreciation": 30177000.0,
        "Reconciled Cost Of Revenue": 188539000.0,
        "EBITDA": 41721000.0,
        "EBIT": 11544000.0,
        "Net Interest Income": -15001000.0,
        "Interest Expense": 19010000.0,
        "Interest Income": 4009000.0,
        "Normalized Income": -7751000.0,
        "Net Income From Continuing And Discontinued Operation": -7751000.0,
        "Total Expenses": 306459000.0,
        "Total Operating Income As Reported": 9560000.0,
        "Diluted Average Shares": 106799000.0,
        "Basic Average Shares": 106799000.0,
        "Diluted EPS": -0.07,
        "Basic EPS": -0.07,
        "Diluted NI Availto Com Stockholders": -7751000.0,
        "Net Income Common Stockholders": -7751000.0,
        "Net Income": -7751000.0,
        "Net Income Including Noncontrolling Interests": -7751000.0,
        "Net Income Continuous Operations": -7751000.0,
        "Tax Provision": 285000.0,
        "Pretax Income": -7466000.0,
        "Other Income Expense": -2025000.0,
        "Other Non Operating Income Expenses": -2025000.0,
        "Net Non Operating Interest Income Expense": -15001000.0,
        "Interest Expense Non Operating": 19010000.0,
        "Interest Income Non Operating": 4009000.0,
        "Operating Income": 9560000.0,
        "Operating Expense": 115352000.0,
        "Depreciation Amortization Depletion Income Statement": 27609000.0,
        "Depreciation And Amortization In Income Statement": 27609000.0,
        "Research And Development": 34993000.0,
        "Selling General And Administration": 52750000.0,
        "Selling And Marketing Expense": 26750000.0,
        "General And Administrative Expense": 26000000.0,
        "Other Gand A": 26000000.0,
        "Gross Profit": 124912000.0,
        "Cost Of Revenue": 191107000.0,
        "Total Revenue": 316019000.0,
        "Operating Revenue": 316019000.0
    },
    "2024-06-30": {
        "Tax Effect Of Unusual Items": 0.0,
        "Tax Rate For Calcs": 0.23,
        "Normalized EBITDA": 88827000.0,
        "Net Income From Continuing Operation Net Minority Interest": 30887000.0,
        "Reconciled Depreciation": 30017000.0,
        "Reconciled Cost Of Revenue": 200807000.0,
        "EBITDA": 88827000.0,
        "EBIT": 58810000.0,
        "Net Interest Income": -14518000.0,
        "Interest Expense": 18471000.0,
        "Interest Income": 3953000.0,
        "Normalized Income": 30887000.0,
        "Net Income From Continuing And Discontinued Operation": 30887000.0,
        "Total Expenses": 319778000.0,
        "Total Operating Income As Reported": 53701000.0,
        "Diluted Average Shares": 106166000.0,
        "Basic Average Shares": 105395000.0,
        "Diluted EPS": 0.29,
        "Basic EPS": 0.29,
        "Diluted NI Availto Com Stockholders": 30887000.0,
        "Net Income Common Stockholders": 30887000.0,
        "Net Income": 30887000.0,
        "Net Income Including Noncontrolling Interests": 30887000.0,
        "Net Income Continuous Operations": 30887000.0,
        "Tax Provision": 9452000.0,
        "Pretax Income": 40339000.0,
        "Other Income Expense": 1156000.0,
        "Other Non Operating Income Expenses": 1156000.0,
        "Net Non Operating Interest Income Expense": -14518000.0,
        "Interest Expense Non Operating": 18471000.0,
        "Interest Income Non Operating": 3953000.0,
        "Operating Income": 53701000.0,
        "Operating Expense": 116540000.0,
        "Depreciation Amortization Depletion Income Statement": 27586000.0,
        "Depreciation And Amortization In Income Statement": 27586000.0,
        "Research And Development": 35410000.0,
        "Selling General And Administration": 53544000.0,
        "Selling And Marketing Expense": 28551000.0,
        "General And Administrative Expense": 24993000.0,
        "Other Gand A": 24993000.0,
        "Gross Profit": 170241000.0,
        "Cost Of Revenue": 203238000.0,
        "Total Revenue": 373479000.0,
        "Operating Revenue": 373479000.0
    },
    "2024-09-30": {
        "Tax Effect Of Unusual Items": 0.0,
        "Tax Rate For Calcs": 0.240972,
        "Normalized EBITDA": 159487000.0,
        "Net Income From Continuing Operation Net Minority Interest": 81427000.0,
        "Reconciled Depreciation": 33853000.0,
        "Reconciled Cost Of Revenue": 195013000.0,
        "EBITDA": 159487000.0,
        "EBIT": 125634000.0,
        "Net Interest Income": -14485000.0,
        "Interest Expense": 18356000.0,
        "Interest Income": 3871000.0,
        "Normalized Income": 81427000.0,
        "Net Income From Continuing And Discontinued Operation": 81427000.0,
        "Total Expenses": 329166000.0,
        "Total Operating Income As Reported": 122586000.0,
        "Diluted Average Shares": 106018000.0,
        "Basic Average Shares": 104770000.0,
        "Diluted EPS": 0.77,
        "Basic EPS": 0.78,
        "Diluted NI Availto Com Stockholders": 81427000.0,
        "Net Income Common Stockholders": 81427000.0,
        "Net Income": 81427000.0,
        "Net Income Including Noncontrolling Interests": 81427000.0,
        "Net Income Continuous Operations": 81427000.0,
        "Tax Provision": 25851000.0,
        "Pretax Income": 107278000.0,
        "Other Income Expense": -823000.0,
        "Other Non Operating Income Expenses": -823000.0,
        "Net Non Operating Interest Income Expense": -14485000.0,
        "Interest Expense Non Operating": 18356000.0,
        "Interest Income Non Operating": 3871000.0,
        "Operating Income": 122586000.0,
        "Operating Expense": 131815000.0,
        "Depreciation Amortization Depletion Income Statement": 31515000.0,
        "Depreciation And Amortization In Income Statement": 31515000.0,
        "Research And Development": 37660000.0,
        "Selling General And Administration": 62640000.0,
        "Selling And Marketing Expense": 28691000.0,
        "General And Administrative Expense": 33949000.0,
        "Other Gand A": 33949000.0,
        "Gross Profit": 254401000.0,
        "Cost Of Revenue": 197351000.0,
        "Total Revenue": 451752000.0,
        "Operating Revenue": 451752000.0
    }
}