{
    "2023-03-31": {
        "Tax Effect Of Unusual Items": 0.0,
        "Tax Rate For Calcs": 0.098389,
        "Normalized EBITDA": 54255000.0,
        "Net Income From Continuing Operation Net Minority Interest": 47697000.0,
        "Reconciled Depreciation": 3100000.0,
        "Reconciled Cost Of Revenue": 150001000.0,
        "EBITDA": 54255000.0,
        "EBIT": 54255000.0,
        "Net Interest Income": 2583000.0,
        "Interest Expense": 1353000.0,
        "Interest Income": 3936000.0,
        "Normalized Income": 47697000.0,
        "Net Income From Continuing And Discontinued Operation": 47697000.0,
        "Total Expenses": 202663000.0,
        "Total Operating Income As Reported": 51357000.0,
        "Diluted Average Shares": 33293000.0,
        "Basic Average Shares": 32744000.0,
        "Diluted EPS": 1.43,
        "Basic EPS": 1.46,
        "Diluted NI Availto Com Stockholders": 47697000.0,
        "Net Income Common Stockholders": 47697000.0,
        "Net Income": 47697000.0,
        "Net Income Including Noncontrolling Interests": 47697000.0,
        "Net Income Continuous Operations": 47697000.0,
        "Tax Provision": 5205000.0,
        "Pretax Income": 52902000.0,
        "Other Income Expense": -1038000.0,
        "Other Non Operating Income Expenses": -1038000.0,
        "Net Non Operating Interest Income Expense": 2583000.0,
        "Interest Expense Non Operating": 1353000.0,
        "Interest Income Non Operating": 3936000.0,
        "Operating Income": 51357000.0,
        "Operating Expense": 52662000.0,
        "Research And Development": 23773000.0,
        "Selling General And Administration": 28889000.0,
        "Selling And Marketing Expense": 14144000.0,
        "General And Administrative Expense": 14745000.0,
        "Other Gand A": 14745000.0,
        "Gross Profit": 104019000.0,
        "Cost Of Revenue": 150001000.0,
        "Total Revenue": 254020000.0,
        "Operating Revenue": 254020000.0
    },
    "2022-12-31": {
        "Tax Effect Of Unusual Items": 0.0,
        "Tax Rate For Calcs": 0.133808,
        "Normalized EBITDA": 67271000.0,
        "Net Income From Continuing Operation Net Minority Interest": 56992000.0,
        "Reconciled Depreciation": 2993000.0,
        "Reconciled Cost Of Revenue": 156530000.0,
        "EBITDA": 67271000.0,
        "EBIT": 67271000.0,
        "Net Interest Income": 1518000.0,
        "Interest Expense": 1475000.0,
        "Interest Income": 2993000.0,
        "Normalized Income": 56992000.0,
        "Net Income From Continuing And Discontinued Operation": 56992000.0,
        "Total Expenses": 209962000.0,
        "Total Operating Income As Reported": 56089000.0,
        "Diluted Average Shares": 33262000.0,
        "Basic Average Shares": 32823000.0,
        "Diluted EPS": 1.71,
        "Basic EPS": 1.74,
        "Diluted NI Availto Com Stockholders": 56992000.0,
        "Net Income Common Stockholders": 56992000.0,
        "Net Income": 56992000.0,
        "Net Income Including Noncontrolling Interests": 56992000.0,
        "Net Income Continuous Operations": 56992000.0,
        "Tax Provision": 8804000.0,
        "Pretax Income": 65796000.0,
        "Other Income Expense": 8189000.0,
        "Other Non Operating Income Expenses": 8189000.0,
        "Net Non Operating Interest Income Expense": 1518000.0,
        "Interest Expense Non Operating": 1475000.0,
        "Interest Income Non Operating": 2993000.0,
        "Operating Income": 56089000.0,
        "Operating Expense": 53432000.0,
        "Research And Development": 22089000.0,
        "Selling General And Administration": 31343000.0,
        "Selling And Marketing Expense": 15032000.0,
        "General And Administrative Expense": 16311000.0,
        "Other Gand A": 16311000.0,
        "Gross Profit": 109521000.0,
        "Cost Of Revenue": 156530000.0,
        "Total Revenue": 266051000.0,
        "Operating Revenue": 266051000.0
    },
    "2022-09-30": {
        "Tax Effect Of Unusual Items": 0.0,
        "Tax Rate For Calcs": 0.105001,
        "Normalized EBITDA": 46342000.0,
        "Net Income From Continuing Operation Net Minority Interest": 40283000.0,
        "Reconciled Depreciation": 2890000.0,
        "Reconciled Cost Of Revenue": 125854000.0,
        "EBITDA": 46342000.0,
        "EBIT": 46342000.0,
        "Net Interest Income": -222000.0,
        "Interest Expense": 1333000.0,
        "Interest Income": 1111000.0,
        "Normalized Income": 40283000.0,
        "Net Income From Continuing And Discontinued Operation": 40283000.0,
        "Total Expenses": 175973000.0,
        "Total Operating Income As Reported": 53202000.0,
        "Diluted Average Shares": 33389000.0,
        "Basic Average Shares": 33011000.0,
        "Diluted EPS": 1.21,
        "Basic EPS": 1.22,
        "Diluted NI Availto Com Stockholders": 40283000.0,
        "Net Income Common Stockholders": 40283000.0,
        "Net Income": 40283000.0,
        "Net Income Including Noncontrolling Interests": 40283000.0,
        "Net Income Continuous Operations": 40283000.0,
        "Tax Provision": 4726000.0,
        "Pretax Income": 45009000.0,
        "Other Income Expense": -7971000.0,
        "Other Non Operating Income Expenses": -7971000.0,
        "Net Non Operating Interest Income Expense": -222000.0,
        "Interest Expense Non Operating": 1333000.0,
        "Interest Income Non Operating": 1111000.0,
        "Operating Income": 53202000.0,
        "Operating Expense": 50119000.0,
        "Research And Development": 20563000.0,
        "Selling General And Administration": 29556000.0,
        "Selling And Marketing Expense": 14573000.0,
        "General And Administrative Expense": 14983000.0,
        "Other Gand A": 14983000.0,
        "Gross Profit": 103321000.0,
        "Cost Of Revenue": 125854000.0,
        "Total Revenue": 229175000.0,
        "Operating Revenue": 229175000.0
    },
    "2022-06-30": {
        "Tax Effect Of Unusual Items": 0.0,
        "Tax Rate For Calcs": 0.08314,
        "Normalized EBITDA": 49446000.0,
        "Net Income From Continuing Operation Net Minority Interest": 44189000.0,
        "Reconciled Depreciation": 2876000.0,
        "Reconciled Cost Of Revenue": 121996000.0,
        "EBITDA": 49446000.0,
        "EBIT": 49446000.0,
        "Net Interest Income": -898000.0,
        "Interest Expense": 1250000.0,
        "Interest Income": 352000.0,
        "Normalized Income": 44189000.0,
        "Net Income From Continuing And Discontinued Operation": 44189000.0,
        "Total Expenses": 167032000.0,
        "Total Operating Income As Reported": 54145000.0,
        "Diluted Average Shares": 33562000.0,
        "Basic Average Shares": 33096000.0,
        "Diluted EPS": 1.32,
        "Basic EPS": 1.34,
        "Diluted NI Availto Com Stockholders": 44189000.0,
        "Net Income Common Stockholders": 44189000.0,
        "Net Income": 44189000.0,
        "Net Income Including Noncontrolling Interests": 44189000.0,
        "Net Income Continuous Operations": 44189000.0,
        "Tax Provision": 4007000.0,
        "Pretax Income": 48196000.0,
        "Other Income Expense": -5051000.0,
        "Other Non Operating Income Expenses": -5051000.0,
        "Net Non Operating Interest Income Expense": -898000.0,
        "Interest Expense Non Operating": 1250000.0,
        "Interest Income Non Operating": 352000.0,
        "Operating Income": 54145000.0,
        "Operating Expense": 45036000.0,
        "Research And Development": 18731000.0,
        "Selling General And Administration": 26305000.0,
        "Selling And Marketing Expense": 12703000.0,
        "General And Administrative Expense": 13602000.0,
        "Other Gand A": 13602000.0,
        "Gross Profit": 99181000.0,
        "Cost Of Revenue": 121996000.0,
        "Total Revenue": 221177000.0,
        "Operating Revenue": 221177000.0
    },
    "2023-06-30": {
        "Tax Effect Of Unusual Items": 0.0,
        "Tax Rate For Calcs": 0.047001,
        "Normalized EBITDA": 65965000.0,
        "Net Income From Continuing Operation Net Minority Interest": 61579000.0,
        "Reconciled Depreciation": 3158000.0,
        "Reconciled Cost Of Revenue": 154267000.0,
        "EBITDA": 65965000.0,
        "EBIT": 65965000.0,
        "Net Interest Income": 2958000.0,
        "Interest Expense": 1349000.0,
        "Interest Income": 4307000.0,
        "Normalized Income": 61579000.0,
        "Net Income From Continuing And Discontinued Operation": 61579000.0,
        "Total Expenses": 210262000.0,
        "Total Operating Income As Reported": 63708000.0,
        "Diluted Average Shares": 33189000.0,
        "Basic Average Shares": 32775000.0,
        "Diluted EPS": 1.86,
        "Basic EPS": 1.88,
        "Diluted NI Availto Com Stockholders": 61579000.0,
        "Net Income Common Stockholders": 61579000.0,
        "Net Income": 61579000.0,
        "Net Income Including Noncontrolling Interests": 61579000.0,
        "Net Income Continuous Operations": 61579000.0,
        "Tax Provision": 3037000.0,
        "Pretax Income": 64616000.0,
        "Other Income Expense": -2050000.0,
        "Other Non Operating Income Expenses": -2050000.0,
        "Net Non Operating Interest Income Expense": 2958000.0,
        "Interest Expense Non Operating": 1349000.0,
        "Interest Income Non Operating": 4307000.0,
        "Operating Income": 63708000.0,
        "Operating Expense": 55995000.0,
        "Research And Development": 24130000.0,
        "Selling General And Administration": 31865000.0,
        "Selling And Marketing Expense": 15537000.0,
        "General And Administrative Expense": 16328000.0,
        "Other Gand A": 16328000.0,
        "Gross Profit": 119703000.0,
        "Cost Of Revenue": 154267000.0,
        "Total Revenue": 273970000.0,
        "Operating Revenue": 273970000.0
    },
    "2022-03-31": {
        "Diluted EPS": 1.22,
        "Total Revenue": 204,
        "Gross Profit": 90,
        "Operating Income": 49,
        "EBIT": 52,
        "Net Income": 42
    },
    "2021-12-31": {
        "Diluted EPS": 1.04,
        "Total Revenue": 206,
        "Gross Profit": 89,
        "Operating Income": 47,
        "EBIT": 49,
        "Net Income": 36
    },
    "2021-09-30": {
        "Diluted EPS": 0.81,
        "Total Revenue": 177,
        "Gross Profit": 77,
        "Operating Income": 36,
        "EBIT": 39,
        "Net Income": 28
    },
    "2021-06-30": {
        "Diluted EPS": 0.55,
        "Total Revenue": 147,
        "Gross Profit": 64,
        "Operating Income": 24,
        "EBIT": 27,
        "Net Income": 19
    },
    "2021-03-31": {
        "Diluted EPS": 0.48,
        "Total Revenue": 133,
        "Gross Profit": 56,
        "Operating Income": 20,
        "EBIT": 23,
        "Net Income": 16
    },
    "2020-12-31": {
        "Diluted EPS": 0.42,
        "Total Revenue": 122,
        "Gross Profit": 53,
        "Operating Income": 14,
        "EBIT": 17,
        "Net Income": 15
    },
    "2020-09-30": {
        "Diluted EPS": 0.32,
        "Total Revenue": 110,
        "Gross Profit": 48,
        "Operating Income": 14,
        "EBIT": 16,
        "Net Income": 11
    },
    "2020-06-30": {
        "Diluted EPS": 0.39,
        "Total Revenue": 123,
        "Gross Profit": 52,
        "Operating Income": 16,
        "EBIT": 19,
        "Net Income": 13
    },
    "2020-03-31": {
        "Diluted EPS": 0.33,
        "Total Revenue": 119,
        "Gross Profit": 46,
        "Operating Income": 14,
        "EBIT": 16,
        "Net Income": 11
    },
    "2019-12-31": {
        "Diluted EPS": 0.28,
        "Total Revenue": 108,
        "Gross Profit": 44,
        "Operating Income": 13,
        "EBIT": 16,
        "Net Income": 10
    },
    "2019-09-30": {
        "Diluted EPS": 0.02,
        "Total Revenue": 69,
        "Gross Profit": 31,
        "Operating Income": 2,
        "EBIT": 4,
        "Net Income": 1
    },
    "2019-06-30": {
        "Diluted EPS": 0.02,
        "Total Revenue": 74,
        "Gross Profit": 32,
        "Operating Income": 2,
        "EBIT": 4,
        "Net Income": 1
    },
    "2019-03-31": {
        "Diluted EPS": 0.18,
        "Total Revenue": 91,
        "Gross Profit": 38,
        "Operating Income": 7,
        "EBIT": 9,
        "Net Income": 6
    },
    "2018-12-31": {
        "Diluted EPS": 0.25,
        "Total Revenue": 106,
        "Gross Profit": 44,
        "Operating Income": 12,
        "EBIT": 13,
        "Net Income": 8
    },
    "2018-09-30": {
        "Diluted EPS": 0.26,
        "Total Revenue": 95,
        "Gross Profit": 40,
        "Operating Income": 11,
        "EBIT": 12,
        "Net Income": 9
    },
    "2018-06-30": {
        "Diluted EPS": 0.43,
        "Total Revenue": 119,
        "Gross Profit": 49,
        "Operating Income": 19,
        "EBIT": 21,
        "Net Income": 15
    },
    "2018-03-31": {
        "Diluted EPS": 0.41,
        "Total Revenue": 122,
        "Gross Profit": 47,
        "Operating Income": 19,
        "EBIT": 20,
        "Net Income": 14
    },
    "2017-12-31": {
        "Diluted EPS": 2.74,
        "Total Revenue": 116,
        "Gross Profit": 37,
        "Operating Income": 11,
        "EBIT": 12,
        "Net Income": 92
    },
    "2017-09-30": {
        "Diluted EPS": 0.35,
        "Total Revenue": 104,
        "Gross Profit": 40,
        "Operating Income": 14,
        "EBIT": 15,
        "Net Income": 12
    },
    "2017-06-30": {
        "Diluted EPS": 0.42,
        "Total Revenue": 103,
        "Gross Profit": 39,
        "Operating Income": 13,
        "EBIT": 14,
        "Net Income": 14
    },
    "2017-03-31": {
        "Diluted EPS": 0.29,
        "Total Revenue": 87,
        "Gross Profit": 35,
        "Operating Income": 11,
        "EBIT": 12,
        "Net Income": 10
    },
    "2016-12-31": {
        "Diluted EPS": 0.13,
        "Total Revenue": 69,
        "Gross Profit": 27,
        "Operating Income": 6,
        "EBIT": 7,
        "Net Income": 4
    },
    "2016-09-30": {
        "Diluted EPS": 0.07,
        "Total Revenue": 66,
        "Gross Profit": 24,
        "Operating Income": 4,
        "EBIT": 5,
        "Net Income": 2
    },
    "2016-06-30": {
        "Diluted EPS": 0.1,
        "Total Revenue": 64,
        "Gross Profit": 25,
        "Operating Income": 5,
        "EBIT": 6,
        "Net Income": 3
    },
    "2016-03-31": {
        "Diluted EPS": 0.06,
        "Total Revenue": 68,
        "Gross Profit": 23,
        "Operating Income": 2,
        "EBIT": 3,
        "Net Income": 2
    },
    "2015-12-31": {
        "Diluted EPS": 0.01,
        "Total Revenue": 70,
        "Gross Profit": 22,
        "Operating Income": 2,
        "EBIT": 4,
        "Net Income": 1
    },
    "2015-09-30": {
        "Diluted EPS": 0.2,
        "Total Revenue": 79,
        "Gross Profit": 29,
        "Operating Income": 8,
        "EBIT": 9,
        "Net Income": 6
    },
    "2015-06-30": {
        "Diluted EPS": 0.2,
        "Total Revenue": 78,
        "Gross Profit": 27,
        "Operating Income": 7,
        "EBIT": 8,
        "Net Income": 6
    },
    "2015-03-31": {
        "Diluted EPS": 0.08,
        "Total Revenue": 73,
        "Gross Profit": 23,
        "Operating Income": 3,
        "EBIT": 5,
        "Net Income": 2
    },
    "2014-12-31": {
        "Diluted EPS": 0.0,
        "Total Revenue": 63,
        "Gross Profit": 19,
        "Operating Income": 0,
        "EBIT": 2,
        "Net Income": 0
    },
    "2014-09-30": {
        "Diluted EPS": -0.16,
        "Total Revenue": 39,
        "Gross Profit": 15,
        "Operating Income": -5,
        "EBIT": -4,
        "Net Income": -5
    },
    "2014-06-30": {
        "Diluted EPS": -0.24,
        "Total Revenue": 41,
        "Gross Profit": 14,
        "Operating Income": -6,
        "EBIT": -5,
        "Net Income": -7
    },
    "2014-03-31": {
        "Diluted EPS": 0.0,
        "Total Revenue": 61,
        "Gross Profit": 22,
        "Operating Income": 0,
        "EBIT": 1,
        "Net Income": 0
    },
    "2013-12-31": {
        "Diluted EPS": 0.0,
        "Total Revenue": 59,
        "Gross Profit": 21,
        "Operating Income": 1,
        "EBIT": 2,
        "Net Income": 1
    },
    "2013-09-30": {
        "Diluted EPS": -0.16,
        "Total Revenue": 49,
        "Gross Profit": 17,
        "Operating Income": -3,
        "EBIT": -2,
        "Net Income": -5
    },
    "2013-06-30": {
        "Diluted EPS": -0.16,
        "Total Revenue": 48,
        "Gross Profit": 17,
        "Operating Income": -3,
        "EBIT": -2,
        "Net Income": -4
    },
    "2013-03-31": {
        "Diluted EPS": -0.32,
        "Total Revenue": 41,
        "Gross Profit": 13,
        "Operating Income": -9,
        "EBIT": -8,
        "Net Income": -9
    },
    "2012-12-31": {
        "Diluted EPS": -0.6,
        "Total Revenue": 45,
        "Gross Profit": 0,
        "Operating Income": -14,
        "EBIT": -13,
        "Net Income": -15
    },
    "2012-09-30": {
        "Diluted EPS": -0.32,
        "Total Revenue": 45,
        "Gross Profit": 14,
        "Operating Income": -8,
        "EBIT": -6,
        "Net Income": -9
    },
    "2012-06-30": {
        "Diluted EPS": 0.0,
        "Total Revenue": 59,
        "Gross Profit": 23,
        "Operating Income": -1,
        "EBIT": 1,
        "Net Income": 0
    },
    "2012-03-31": {
        "Diluted EPS": -0.36,
        "Total Revenue": 55,
        "Gross Profit": 21,
        "Operating Income": -8,
        "EBIT": -7,
        "Net Income": -10
    },
    "2011-12-31": {
        "Diluted EPS": -0.08,
        "Total Revenue": 60,
        "Gross Profit": 23,
        "Operating Income": -1,
        "EBIT": 1,
        "Net Income": -2
    },
    "2011-09-30": {
        "Diluted EPS": 0.04,
        "Total Revenue": 72,
        "Gross Profit": 27,
        "Operating Income": 0,
        "EBIT": 2,
        "Net Income": 1
    },
    "2011-06-30": {
        "Diluted EPS": 0.16,
        "Total Revenue": 93,
        "Gross Profit": 34,
        "Operating Income": 6,
        "EBIT": 8,
        "Net Income": 4
    },
    "2011-03-31": {
        "Diluted EPS": 0.08,
        "Total Revenue": 93,
        "Gross Profit": 31,
        "Operating Income": 2,
        "EBIT": 4,
        "Net Income": 2
    },
    "2010-12-31": {
        "Diluted EPS": 0.16,
        "Total Revenue": 93,
        "Gross Profit": 31,
        "Operating Income": 4,
        "EBIT": 6,
        "Net Income": 4
    },
    "2010-09-30": {
        "Diluted EPS": -0.24,
        "Total Revenue": 75,
        "Gross Profit": 21,
        "Operating Income": -3,
        "EBIT": -2,
        "Net Income": -6
    },
    "2010-06-30": {
        "Diluted EPS": -0.16,
        "Total Revenue": 58,
        "Gross Profit": 20,
        "Operating Income": -4,
        "EBIT": -2,
        "Net Income": -5
    },
    "2010-03-31": {
        "Diluted EPS": -0.44,
        "Total Revenue": 49,
        "Gross Profit": 13,
        "Operating Income": -10,
        "EBIT": -8,
        "Net Income": -11
    },
    "2009-12-31": {
        "Diluted EPS": -0.4,
        "Total Revenue": 39,
        "Gross Profit": 11,
        "Operating Income": -10,
        "EBIT": -8,
        "Net Income": -10
    },
    "2009-09-30": {
        "Diluted EPS": -0.6,
        "Total Revenue": 35,
        "Gross Profit": 8,
        "Operating Income": -14,
        "EBIT": -12,
        "Net Income": -16
    },
    "2009-06-30": {
        "Diluted EPS": -0.88,
        "Total Revenue": 34,
        "Gross Profit": 6,
        "Operating Income": -21,
        "EBIT": -19,
        "Net Income": -22
    },
    "2009-03-31": {
        "Diluted EPS": -1.12,
        "Total Revenue": 26,
        "Gross Profit": 3,
        "Operating Income": -25,
        "EBIT": -23,
        "Net Income": -29
    },
    "2023-09-30": {
        "Tax Effect Of Unusual Items": 0.0,
        "Tax Rate For Calcs": 0.10511,
        "Normalized EBITDA": 75000000.0,
        "Net Income From Continuing Operation Net Minority Interest": 65931000.0,
        "Reconciled Depreciation": NaN,
        "Reconciled Cost Of Revenue": 162642000.0,
        "EBITDA": 75000000.0,
        "EBIT": 75000000.0,
        "Net Interest Income": 3255000.0,
        "Interest Expense": 1325000.0,
        "Interest Income": 4580000.0,
        "Normalized Income": 65931000.0,
        "Net Income From Continuing And Discontinued Operation": 65931000.0,
        "Total Expenses": 220646000.0,
        "Total Operating Income As Reported": 71680000.0,
        "Diluted Average Shares": 33159000.0,
        "Basic Average Shares": 32807000.0,
        "Diluted EPS": 1.99,
        "Basic EPS": 2.01,
        "Diluted NI Availto Com Stockholders": 65931000.0,
        "Net Income Common Stockholders": 65931000.0,
        "Net Income": 65931000.0,
        "Net Income Including Noncontrolling Interests": 65931000.0,
        "Net Income Continuous Operations": 65931000.0,
        "Tax Provision": 7744000.0,
        "Pretax Income": 73675000.0,
        "Other Income Expense": -1260000.0,
        "Other Non Operating Income Expenses": -1260000.0,
        "Net Non Operating Interest Income Expense": 3255000.0,
        "Interest Expense Non Operating": 1325000.0,
        "Interest Income Non Operating": 4580000.0,
        "Operating Income": 71680000.0,
        "Operating Expense": 58004000.0,
        "Research And Development": 24093000.0,
        "Selling General And Administration": 33911000.0,
        "Selling And Marketing Expense": 16465000.0,
        "General And Administrative Expense": 17446000.0,
        "Other Gand A": 17446000.0,
        "Gross Profit": 129684000.0,
        "Cost Of Revenue": 162642000.0,
        "Total Revenue": 292326000.0,
        "Operating Revenue": 292326000.0
    }
}