{
    "2023-03-31": {
        "Tax Effect Of Unusual Items": 0.0,
        "Tax Rate For Calcs": 0.21,
        "Normalized EBITDA": -25557000.0,
        "Net Income From Continuing Operation Net Minority Interest": -27344000.0,
        "Reconciled Depreciation": 432000.0,
        "EBITDA": -25557000.0,
        "EBIT": -25989000.0,
        "Net Interest Income": 3442000.0,
        "Interest Expense": 1026000.0,
        "Interest Income": 4468000.0,
        "Normalized Income": -27344000.0,
        "Net Income From Continuing And Discontinued Operation": -27344000.0,
        "Total Expenses": 48369000.0,
        "Total Operating Income As Reported": -30457000.0,
        "Diluted Average Shares": 46769380.0,
        "Basic Average Shares": 46769380.0,
        "Diluted EPS": -0.58,
        "Basic EPS": -0.58,
        "Diluted NI Availto Com Stockholders": -27344000.0,
        "Net Income Common Stockholders": -27344000.0,
        "Net Income": -27344000.0,
        "Net Income Including Noncontrolling Interests": -27344000.0,
        "Net Income Continuous Operations": -27344000.0,
        "Tax Provision": 329000.0,
        "Pretax Income": -27015000.0,
        "Other Income Expense": NaN,
        "Other Non Operating Income Expenses": NaN,
        "Net Non Operating Interest Income Expense": 3442000.0,
        "Interest Expense Non Operating": 1026000.0,
        "Interest Income Non Operating": 4468000.0,
        "Operating Income": -30457000.0,
        "Operating Expense": 48369000.0,
        "Research And Development": 32932000.0,
        "Selling General And Administration": 15437000.0,
        "General And Administrative Expense": 15437000.0,
        "Other Gand A": 15437000.0,
        "Total Revenue": 17912000.0,
        "Operating Revenue": 17912000.0
    },
    "2022-12-31": {
        "Tax Effect Of Unusual Items": 0.0,
        "Tax Rate For Calcs": 0.0,
        "Normalized EBITDA": -35287000.0,
        "Net Income From Continuing Operation Net Minority Interest": -38992000.0,
        "Reconciled Depreciation": 417000.0,
        "EBITDA": -35287000.0,
        "EBIT": -35704000.0,
        "Net Interest Income": NaN,
        "Interest Expense": NaN,
        "Interest Income": NaN,
        "Normalized Income": -38992000.0,
        "Net Income From Continuing And Discontinued Operation": -38992000.0,
        "Total Expenses": 40004000.0,
        "Total Operating Income As Reported": -40004000.0,
        "Diluted Average Shares": NaN,
        "Basic Average Shares": NaN,
        "Diluted EPS": NaN,
        "Basic EPS": NaN,
        "Diluted NI Availto Com Stockholders": -38992000.0,
        "Net Income Common Stockholders": -38992000.0,
        "Net Income": -38992000.0,
        "Net Income Including Noncontrolling Interests": -38992000.0,
        "Net Income Continuous Operations": -38992000.0,
        "Tax Provision": NaN,
        "Pretax Income": -38992000.0,
        "Net Non Operating Interest Income Expense": NaN,
        "Interest Expense Non Operating": NaN,
        "Interest Income Non Operating": NaN,
        "Operating Income": -40004000.0,
        "Operating Expense": 40004000.0,
        "Research And Development": 25943000.0,
        "Selling General And Administration": 14061000.0,
        "General And Administrative Expense": 14061000.0,
        "Other Gand A": 14061000.0,
        "Total Revenue": 0.0,
        "Operating Revenue": 0.0
    },
    "2022-09-30": {
        "Tax Effect Of Unusual Items": NaN,
        "Tax Rate For Calcs": NaN,
        "Normalized EBITDA": NaN,
        "Net Income From Continuing Operation Net Minority Interest": NaN,
        "Reconciled Depreciation": NaN,
        "EBITDA": NaN,
        "EBIT": NaN,
        "Net Interest Income": NaN,
        "Interest Expense": NaN,
        "Interest Income": NaN,
        "Normalized Income": NaN,
        "Net Income From Continuing And Discontinued Operation": NaN,
        "Total Expenses": NaN,
        "Total Operating Income As Reported": NaN,
        "Diluted Average Shares": 43819365.0,
        "Basic Average Shares": 43819365.0,
        "Diluted EPS": -2.12,
        "Basic EPS": -2.12,
        "Diluted NI Availto Com Stockholders": NaN,
        "Net Income Common Stockholders": NaN,
        "Net Income": NaN,
        "Net Income Including Noncontrolling Interests": NaN,
        "Net Income Continuous Operations": NaN,
        "Tax Provision": NaN,
        "Pretax Income": NaN,
        "Other Income Expense": 1001000.0,
        "Other Non Operating Income Expenses": 1001000.0,
        "Net Non Operating Interest Income Expense": NaN,
        "Interest Expense Non Operating": NaN,
        "Interest Income Non Operating": NaN,
        "Operating Income": NaN,
        "Operating Expense": NaN,
        "Research And Development": NaN,
        "Selling General And Administration": NaN,
        "General And Administrative Expense": NaN,
        "Other Gand A": NaN,
        "Total Revenue": NaN,
        "Operating Revenue": NaN
    },
    "2022-06-30": {
        "Tax Effect Of Unusual Items": 0.0,
        "Tax Rate For Calcs": 0.0,
        "Normalized EBITDA": -32609000.0,
        "Net Income From Continuing Operation Net Minority Interest": -32091000.0,
        "Reconciled Depreciation": 149000.0,
        "EBITDA": -32609000.0,
        "EBIT": -32609000.0,
        "Net Interest Income": NaN,
        "Interest Expense": NaN,
        "Interest Income": NaN,
        "Normalized Income": -32091000.0,
        "Net Income From Continuing And Discontinued Operation": -32091000.0,
        "Total Expenses": 32609000.0,
        "Total Operating Income As Reported": -32609000.0,
        "Diluted Average Shares": 36609772.0,
        "Basic Average Shares": 36609772.0,
        "Diluted EPS": -0.84,
        "Basic EPS": -0.84,
        "Diluted NI Availto Com Stockholders": -32091000.0,
        "Net Income Common Stockholders": -32091000.0,
        "Net Income": -32091000.0,
        "Net Income Including Noncontrolling Interests": -32091000.0,
        "Net Income Continuous Operations": -32091000.0,
        "Tax Provision": NaN,
        "Pretax Income": -32091000.0,
        "Other Income Expense": 518000.0,
        "Other Non Operating Income Expenses": 518000.0,
        "Net Non Operating Interest Income Expense": NaN,
        "Interest Expense Non Operating": NaN,
        "Interest Income Non Operating": NaN,
        "Operating Income": -32609000.0,
        "Operating Expense": 32609000.0,
        "Research And Development": 23402000.0,
        "Selling General And Administration": 9207000.0,
        "General And Administrative Expense": 9207000.0,
        "Other Gand A": 9207000.0,
        "Total Revenue": 0.0,
        "Operating Revenue": 0.0
    },
    "2022-03-31": {
        "Diluted EPS": -1.25,
        "Total Revenue": NaN,
        "Gross Profit": NaN,
        "Operating Income": -26,
        "EBIT": -26,
        "Net Income": -26
    },
    "2021-12-31": {
        "Diluted EPS": -39.85,
        "Total Revenue": NaN,
        "Gross Profit": NaN,
        "Operating Income": -21,
        "EBIT": -20,
        "Net Income": -21
    },
    "2021-09-30": {
        "Diluted EPS": -34.72,
        "Total Revenue": NaN,
        "Gross Profit": NaN,
        "Operating Income": -17,
        "EBIT": -17,
        "Net Income": -17
    },
    "2021-06-30": {
        "Diluted EPS": -36.42,
        "Total Revenue": NaN,
        "Gross Profit": NaN,
        "Operating Income": -16,
        "EBIT": -16,
        "Net Income": -16
    },
    "2021-03-31": {
        "Diluted EPS": -33.45,
        "Total Revenue": NaN,
        "Gross Profit": NaN,
        "Operating Income": -11,
        "EBIT": -11,
        "Net Income": -11
    },
    "2020-12-31": {
        "Diluted EPS": 0.0,
        "Total Revenue": NaN,
        "Gross Profit": NaN,
        "Operating Income": NaN,
        "EBIT": NaN,
        "Net Income": NaN
    },
    "2023-06-30": {
        "Tax Effect Of Unusual Items": 0.0,
        "Tax Rate For Calcs": 0.011684,
        "Normalized EBITDA": -22817000.0,
        "Net Income From Continuing Operation Net Minority Interest": -23854000.0,
        "Reconciled Depreciation": 439000.0,
        "EBITDA": -22817000.0,
        "EBIT": -23256000.0,
        "Net Interest Income": 5424000.0,
        "Interest Expense": 880000.0,
        "Interest Income": 6304000.0,
        "Normalized Income": -23854000.0,
        "Net Income From Continuing And Discontinued Operation": -23854000.0,
        "Total Expenses": 43862000.0,
        "Total Operating Income As Reported": -29560000.0,
        "Diluted Average Shares": 48106528.0,
        "Basic Average Shares": 48106528.0,
        "Diluted EPS": -0.5,
        "Basic EPS": -0.5,
        "Diluted NI Availto Com Stockholders": -23854000.0,
        "Net Income Common Stockholders": -23854000.0,
        "Net Income": -23854000.0,
        "Net Income Including Noncontrolling Interests": -23854000.0,
        "Net Income Continuous Operations": -23854000.0,
        "Tax Provision": -282000.0,
        "Pretax Income": -24136000.0,
        "Other Income Expense": NaN,
        "Other Non Operating Income Expenses": NaN,
        "Net Non Operating Interest Income Expense": 5424000.0,
        "Interest Expense Non Operating": 880000.0,
        "Interest Income Non Operating": 6304000.0,
        "Operating Income": -29560000.0,
        "Operating Expense": 43862000.0,
        "Research And Development": 28327000.0,
        "Selling General And Administration": 15535000.0,
        "General And Administrative Expense": 15535000.0,
        "Other Gand A": 15535000.0,
        "Total Revenue": 14302000.0,
        "Operating Revenue": 14302000.0
    },
    "2023-09-30": {
        "Tax Effect Of Unusual Items": 0.0,
        "Tax Rate For Calcs": 0.000153,
        "Normalized EBITDA": -37936000.0,
        "Net Income From Continuing Operation Net Minority Interest": -39336000.0,
        "Reconciled Depreciation": 447000.0,
        "EBITDA": -37936000.0,
        "EBIT": -38383000.0,
        "Net Interest Income": 5520000.0,
        "Interest Expense": 959000.0,
        "Interest Income": 6479000.0,
        "Normalized Income": -39336000.0,
        "Net Income From Continuing And Discontinued Operation": -39336000.0,
        "Total Expenses": 59819000.0,
        "Total Operating Income As Reported": -44862000.0,
        "Diluted Average Shares": 48438094.0,
        "Basic Average Shares": 48438094.0,
        "Diluted EPS": -0.81,
        "Basic EPS": -0.81,
        "Diluted NI Availto Com Stockholders": -39336000.0,
        "Net Income Common Stockholders": -39336000.0,
        "Net Income": -39336000.0,
        "Net Income Including Noncontrolling Interests": -39336000.0,
        "Net Income Continuous Operations": -39336000.0,
        "Tax Provision": -6000.0,
        "Pretax Income": -39342000.0,
        "Other Income Expense": NaN,
        "Other Non Operating Income Expenses": NaN,
        "Net Non Operating Interest Income Expense": 5520000.0,
        "Interest Expense Non Operating": 959000.0,
        "Interest Income Non Operating": 6479000.0,
        "Operating Income": -44862000.0,
        "Operating Expense": 59819000.0,
        "Research And Development": 43807000.0,
        "Selling General And Administration": 16012000.0,
        "General And Administrative Expense": 16012000.0,
        "Other Gand A": 16012000.0,
        "Total Revenue": 14957000.0,
        "Operating Revenue": 14957000.0
    },
    "2023-12-31": {
        "Tax Effect Of Unusual Items": 0.0,
        "Tax Rate For Calcs": 0.030392,
        "Normalized EBITDA": 22165000.0,
        "Net Income From Continuing Operation Net Minority Interest": 19844000.0,
        "Reconciled Depreciation": 722000.0,
        "EBITDA": 22165000.0,
        "EBIT": 21443000.0,
        "Net Interest Income": 5467000.0,
        "Interest Expense": 977000.0,
        "Interest Income": 6444000.0,
        "Normalized Income": 19844000.0,
        "Net Income From Continuing And Discontinued Operation": 19844000.0,
        "Total Expenses": 48149000.0,
        "Total Operating Income As Reported": 14999000.0,
        "Diluted Average Shares": NaN,
        "Basic Average Shares": NaN,
        "Diluted EPS": NaN,
        "Basic EPS": NaN,
        "Diluted NI Availto Com Stockholders": 19844000.0,
        "Net Income Common Stockholders": 19844000.0,
        "Net Income": 19844000.0,
        "Net Income Including Noncontrolling Interests": 19844000.0,
        "Net Income Continuous Operations": 19844000.0,
        "Tax Provision": 622000.0,
        "Pretax Income": 20466000.0,
        "Other Income Expense": NaN,
        "Other Non Operating Income Expenses": NaN,
        "Net Non Operating Interest Income Expense": 5467000.0,
        "Interest Expense Non Operating": 977000.0,
        "Interest Income Non Operating": 6444000.0,
        "Operating Income": 14999000.0,
        "Operating Expense": 48149000.0,
        "Research And Development": 28784000.0,
        "Selling General And Administration": 19365000.0,
        "General And Administrative Expense": 19365000.0,
        "Other Gand A": 19365000.0,
        "Total Revenue": 63148000.0,
        "Operating Revenue": 63148000.0
    },
    "2024-03-31": {
        "Tax Effect Of Unusual Items": 0.0,
        "Tax Rate For Calcs": 0.0,
        "Normalized EBITDA": -5784000.0,
        "Net Income From Continuing Operation Net Minority Interest": -7198000.0,
        "Reconciled Depreciation": 826000.0,
        "EBITDA": -5784000.0,
        "EBIT": -6610000.0,
        "Net Interest Income": 8612000.0,
        "Interest Expense": 588000.0,
        "Interest Income": 9200000.0,
        "Normalized Income": -7198000.0,
        "Net Income From Continuing And Discontinued Operation": -7198000.0,
        "Total Expenses": 55066000.0,
        "Total Operating Income As Reported": -15810000.0,
        "Diluted Average Shares": 52757973.0,
        "Basic Average Shares": 52757973.0,
        "Diluted EPS": -0.14,
        "Basic EPS": -0.14,
        "Diluted NI Availto Com Stockholders": -7198000.0,
        "Net Income Common Stockholders": -7198000.0,
        "Net Income": -7198000.0,
        "Net Income Including Noncontrolling Interests": -7198000.0,
        "Net Income Continuous Operations": -7198000.0,
        "Tax Provision": 0.0,
        "Pretax Income": -7198000.0,
        "Other Income Expense": NaN,
        "Other Non Operating Income Expenses": NaN,
        "Net Non Operating Interest Income Expense": 8612000.0,
        "Interest Expense Non Operating": 588000.0,
        "Interest Income Non Operating": 9200000.0,
        "Operating Income": -15810000.0,
        "Operating Expense": 55066000.0,
        "Research And Development": 32318000.0,
        "Selling General And Administration": 22748000.0,
        "General And Administrative Expense": 22748000.0,
        "Other Gand A": 22748000.0,
        "Total Revenue": 39256000.0,
        "Operating Revenue": 39256000.0
    }
}