{
    "2023-03-31": {
        "Tax Effect Of Unusual Items": 812013.17345,
        "Tax Rate For Calcs": 0.243118,
        "Normalized EBITDA": 9197000.0,
        "Total Unusual Items": 3340000.0,
        "Total Unusual Items Excluding Goodwill": 3340000.0,
        "Net Income From Continuing Operation Net Minority Interest": 7145000.0,
        "Reconciled Depreciation": 1714000.0,
        "Reconciled Cost Of Revenue": 34270000.0,
        "EBITDA": 12537000.0,
        "EBIT": 12537000.0,
        "Net Interest Income": 1090000.0,
        "Interest Expense": 695000.0,
        "Interest Income": 1785000.0,
        "Normalized Income": 4617013.17345,
        "Net Income From Continuing And Discontinued Operation": 7145000.0,
        "Total Expenses": 65394000.0,
        "Total Operating Income As Reported": 8862000.0,
        "Diluted Average Shares": 65058777.0,
        "Basic Average Shares": 59736764.0,
        "Diluted EPS": 0.11,
        "Basic EPS": 0.12,
        "Diluted NI Availto Com Stockholders": 7145000.0,
        "Average Dilution Earnings": NaN,
        "Net Income Common Stockholders": 7145000.0,
        "Net Income": 7145000.0,
        "Minority Interests": -1818000.0,
        "Net Income Including Noncontrolling Interests": 8963000.0,
        "Net Income Continuous Operations": 8963000.0,
        "Tax Provision": 2879000.0,
        "Pretax Income": 11842000.0,
        "Other Income Expense": 1890000.0,
        "Other Non Operating Income Expenses": -1418000.0,
        "Earnings From Equity Interest": -32000.0,
        "Gain On Sale Of Security": 3340000.0,
        "Net Non Operating Interest Income Expense": 1090000.0,
        "Interest Expense Non Operating": 695000.0,
        "Interest Income Non Operating": 1785000.0,
        "Operating Income": 8862000.0,
        "Operating Expense": 31124000.0,
        "Research And Development": 14029000.0,
        "Selling General And Administration": 17095000.0,
        "Selling And Marketing Expense": 9337000.0,
        "General And Administrative Expense": 7758000.0,
        "Other Gand A": 7758000.0,
        "Gross Profit": 39986000.0,
        "Cost Of Revenue": 34270000.0,
        "Total Revenue": 74256000.0,
        "Operating Revenue": 74256000.0
    },
    "2022-12-31": {
        "Tax Effect Of Unusual Items": 266426.408597,
        "Tax Rate For Calcs": 0.157929,
        "Normalized EBITDA": 15825000.0,
        "Total Unusual Items": 1687000.0,
        "Total Unusual Items Excluding Goodwill": 1687000.0,
        "Net Income From Continuing Operation Net Minority Interest": 11809000.0,
        "Reconciled Depreciation": 1262000.0,
        "Reconciled Cost Of Revenue": 54737000.0,
        "EBITDA": 17512000.0,
        "EBIT": 17512000.0,
        "Net Interest Income": 2106000.0,
        "Interest Expense": 669000.0,
        "Interest Income": 2775000.0,
        "Normalized Income": 10388426.408597,
        "Net Income From Continuing And Discontinued Operation": 11809000.0,
        "Total Expenses": 91872000.0,
        "Total Operating Income As Reported": 16670000.0,
        "Diluted Average Shares": 64198325.0,
        "Basic Average Shares": 59268562.0,
        "Diluted EPS": 0.18,
        "Basic EPS": 0.2,
        "Diluted NI Availto Com Stockholders": 11809000.0,
        "Average Dilution Earnings": NaN,
        "Net Income Common Stockholders": 11809000.0,
        "Net Income": 11809000.0,
        "Minority Interests": -2374000.0,
        "Net Income Including Noncontrolling Interests": 14183000.0,
        "Net Income Continuous Operations": 14183000.0,
        "Tax Provision": 2660000.0,
        "Pretax Income": 16843000.0,
        "Other Income Expense": -1933000.0,
        "Other Non Operating Income Expenses": -6634000.0,
        "Earnings From Equity Interest": 3014000.0,
        "Gain On Sale Of Security": 1687000.0,
        "Net Non Operating Interest Income Expense": 2106000.0,
        "Interest Expense Non Operating": 669000.0,
        "Interest Income Non Operating": 2775000.0,
        "Operating Income": 16670000.0,
        "Operating Expense": 37135000.0,
        "Research And Development": 17835000.0,
        "Selling General And Administration": 19300000.0,
        "Selling And Marketing Expense": 12395000.0,
        "General And Administrative Expense": 6905000.0,
        "Other Gand A": 6905000.0,
        "Gross Profit": 53805000.0,
        "Cost Of Revenue": 54737000.0,
        "Total Revenue": 108542000.0,
        "Operating Revenue": 108542000.0
    },
    "2022-09-30": {
        "Tax Effect Of Unusual Items": -1155866.137538,
        "Tax Rate For Calcs": 0.278858,
        "Normalized EBITDA": 42110000.0,
        "Total Unusual Items": -4145000.0,
        "Total Unusual Items Excluding Goodwill": -4145000.0,
        "Net Income From Continuing Operation Net Minority Interest": 21004000.0,
        "Reconciled Depreciation": 1549000.0,
        "Reconciled Cost Of Revenue": 67742000.0,
        "EBITDA": 37965000.0,
        "EBIT": 37965000.0,
        "Net Interest Income": 1597000.0,
        "Interest Expense": 419000.0,
        "Interest Income": 2016000.0,
        "Normalized Income": 23993133.862462,
        "Net Income From Continuing And Discontinued Operation": 21004000.0,
        "Total Expenses": 102073000.0,
        "Total Operating Income As Reported": 31636000.0,
        "Diluted Average Shares": 65612665.0,
        "Basic Average Shares": 59360790.0,
        "Diluted EPS": 0.32,
        "Basic EPS": 0.35,
        "Diluted NI Availto Com Stockholders": 21004000.0,
        "Average Dilution Earnings": -321000.0,
        "Net Income Common Stockholders": 21004000.0,
        "Net Income": 21004000.0,
        "Minority Interests": -6072000.0,
        "Net Income Including Noncontrolling Interests": 27076000.0,
        "Net Income Continuous Operations": 27076000.0,
        "Tax Provision": 10470000.0,
        "Pretax Income": 37546000.0,
        "Other Income Expense": 4313000.0,
        "Other Non Operating Income Expenses": 7207000.0,
        "Earnings From Equity Interest": 1251000.0,
        "Gain On Sale Of Security": -4145000.0,
        "Net Non Operating Interest Income Expense": 1597000.0,
        "Interest Expense Non Operating": 419000.0,
        "Interest Income Non Operating": 2016000.0,
        "Operating Income": 31636000.0,
        "Operating Expense": 34331000.0,
        "Research And Development": 15678000.0,
        "Selling General And Administration": 18653000.0,
        "Selling And Marketing Expense": 13133000.0,
        "General And Administrative Expense": 5520000.0,
        "Other Gand A": 5520000.0,
        "Gross Profit": 65967000.0,
        "Cost Of Revenue": 67742000.0,
        "Total Revenue": 133709000.0,
        "Operating Revenue": 133709000.0
    },
    "2022-06-30": {
        "Tax Effect Of Unusual Items": -132976.501412,
        "Tax Rate For Calcs": 0.314365,
        "Normalized EBITDA": 25156000.0,
        "Total Unusual Items": -423000.0,
        "Total Unusual Items Excluding Goodwill": -423000.0,
        "Net Income From Continuing Operation Net Minority Interest": 12236000.0,
        "Reconciled Depreciation": 1342000.0,
        "Reconciled Cost Of Revenue": 60238000.0,
        "EBITDA": 24733000.0,
        "EBIT": 24733000.0,
        "Net Interest Income": 1838000.0,
        "Interest Expense": 306000.0,
        "Interest Income": 2144000.0,
        "Normalized Income": 12526023.498588,
        "Net Income From Continuing And Discontinued Operation": 12236000.0,
        "Total Expenses": 84360000.0,
        "Total Operating Income As Reported": 20035000.0,
        "Diluted Average Shares": 65478677.0,
        "Basic Average Shares": 59177643.0,
        "Diluted EPS": 0.18,
        "Basic EPS": 0.21,
        "Diluted NI Availto Com Stockholders": 12236000.0,
        "Average Dilution Earnings": -230000.0,
        "Net Income Common Stockholders": 12236000.0,
        "Net Income": 12236000.0,
        "Minority Interests": -4512000.0,
        "Net Income Including Noncontrolling Interests": 16748000.0,
        "Net Income Continuous Operations": 16748000.0,
        "Tax Provision": 7679000.0,
        "Pretax Income": 24427000.0,
        "Other Income Expense": 2554000.0,
        "Other Non Operating Income Expenses": 2505000.0,
        "Earnings From Equity Interest": 472000.0,
        "Gain On Sale Of Security": -423000.0,
        "Net Non Operating Interest Income Expense": 1838000.0,
        "Interest Expense Non Operating": 306000.0,
        "Interest Income Non Operating": 2144000.0,
        "Operating Income": 20035000.0,
        "Operating Expense": 24122000.0,
        "Research And Development": 11367000.0,
        "Selling General And Administration": 12755000.0,
        "Selling And Marketing Expense": 7664000.0,
        "General And Administrative Expense": 5091000.0,
        "Other Gand A": 5091000.0,
        "Gross Profit": 44157000.0,
        "Cost Of Revenue": 60238000.0,
        "Total Revenue": 104395000.0,
        "Operating Revenue": 104395000.0
    },
    "2022-03-31": {
        "Diluted EPS": -0.1,
        "Total Revenue": 42,
        "Gross Profit": 20,
        "Operating Income": -9,
        "EBIT": -8,
        "Net Income": -6
    },
    "2021-12-31": {
        "Diluted EPS": 0.25,
        "Total Revenue": 95,
        "Gross Profit": 45,
        "Operating Income": 19,
        "EBIT": 20,
        "Net Income": 16
    },
    "2021-09-30": {
        "Diluted EPS": 0.15,
        "Total Revenue": 67,
        "Gross Profit": 30,
        "Operating Income": 12,
        "EBIT": 12,
        "Net Income": 10
    },
    "2021-06-30": {
        "Diluted EPS": 0.1,
        "Total Revenue": 54,
        "Gross Profit": 22,
        "Operating Income": 4,
        "EBIT": 5,
        "Net Income": 7
    },
    "2021-03-31": {
        "Diluted EPS": 0.08,
        "Total Revenue": 44,
        "Gross Profit": 18,
        "Operating Income": 3,
        "EBIT": 4,
        "Net Income": 5
    },
    "2020-12-31": {
        "Diluted EPS": 0.14,
        "Total Revenue": 46,
        "Gross Profit": 20,
        "Operating Income": 5,
        "EBIT": 6,
        "Net Income": 9
    },
    "2020-09-30": {
        "Diluted EPS": 0.13,
        "Total Revenue": 48,
        "Gross Profit": 20,
        "Operating Income": 8,
        "EBIT": 8,
        "Net Income": 9
    },
    "2020-06-30": {
        "Diluted EPS": 0.0,
        "Total Revenue": 39,
        "Gross Profit": 19,
        "Operating Income": 7,
        "EBIT": 8,
        "Net Income": 0
    },
    "2020-03-31": {
        "Diluted EPS": 0.03,
        "Total Revenue": 24,
        "Gross Profit": 10,
        "Operating Income": 1,
        "EBIT": 1,
        "Net Income": 2
    },
    "2019-12-31": {
        "Diluted EPS": 0.07,
        "Total Revenue": 25,
        "Gross Profit": 12,
        "Operating Income": 4,
        "EBIT": 4,
        "Net Income": 4
    },
    "2019-09-30": {
        "Diluted EPS": 0.15,
        "Total Revenue": 33,
        "Gross Profit": 16,
        "Operating Income": 7,
        "EBIT": 7,
        "Net Income": 9
    },
    "2019-06-30": {
        "Diluted EPS": 0.08,
        "Total Revenue": 29,
        "Gross Profit": 13,
        "Operating Income": 5,
        "EBIT": 5,
        "Net Income": 4
    },
    "2019-03-31": {
        "Diluted EPS": 0.03,
        "Total Revenue": 20,
        "Gross Profit": 9,
        "Operating Income": 2,
        "EBIT": 2,
        "Net Income": 2
    },
    "2018-12-31": {
        "Diluted EPS": 0.05,
        "Total Revenue": 21,
        "Gross Profit": 10,
        "Operating Income": 3,
        "EBIT": 3,
        "Net Income": 2
    },
    "2018-09-30": {
        "Diluted EPS": 0.07,
        "Total Revenue": 23,
        "Gross Profit": 10,
        "Operating Income": 3,
        "EBIT": 4,
        "Net Income": 4
    },
    "2018-06-30": {
        "Diluted EPS": 0.06,
        "Total Revenue": 21,
        "Gross Profit": 9,
        "Operating Income": 2,
        "EBIT": 2,
        "Net Income": 3
    },
    "2018-03-31": {
        "Diluted EPS": -0.06,
        "Total Revenue": 10,
        "Gross Profit": 5,
        "Operating Income": -2,
        "EBIT": -2,
        "Net Income": -3
    },
    "2017-12-31": {
        "Diluted EPS": 0.23,
        "Total Revenue": 17,
        "Gross Profit": 9,
        "Operating Income": 4,
        "EBIT": 4,
        "Net Income": 3
    },
    "2017-09-30": {
        "Diluted EPS": -0.06,
        "Total Revenue": 5,
        "Gross Profit": 2,
        "Operating Income": -1,
        "EBIT": -1,
        "Net Income": -1
    },
    "2017-06-30": {
        "Diluted EPS": -0.04,
        "Total Revenue": 9,
        "Gross Profit": 3,
        "Operating Income": 0,
        "EBIT": 0,
        "Net Income": -1
    },
    "2017-03-31": {
        "Diluted EPS": -0.14,
        "Total Revenue": 6,
        "Gross Profit": 2,
        "Operating Income": -2,
        "EBIT": -1,
        "Net Income": -2
    },
    "2016-12-31": {
        "Diluted EPS": 0.0,
        "Total Revenue": NaN,
        "Gross Profit": NaN,
        "Operating Income": NaN,
        "EBIT": NaN,
        "Net Income": NaN
    },
    "2016-09-30": {
        "Diluted EPS": 0.02,
        "Total Revenue": 5,
        "Gross Profit": 3,
        "Operating Income": 1,
        "EBIT": 1,
        "Net Income": 0
    },
    "2015-12-31": {
        "Diluted EPS": 0.0,
        "Total Revenue": NaN,
        "Gross Profit": NaN,
        "Operating Income": NaN,
        "EBIT": NaN,
        "Net Income": NaN
    },
    "2023-06-30": {
        "Tax Effect Of Unusual Items": 271178.173881,
        "Tax Rate For Calcs": 0.185231,
        "Normalized EBITDA": 40420000.0,
        "Total Unusual Items": 1464000.0,
        "Total Unusual Items Excluding Goodwill": 1464000.0,
        "Net Income From Continuing Operation Net Minority Interest": 26825000.0,
        "Reconciled Depreciation": 2241000.0,
        "Reconciled Cost Of Revenue": 75938000.0,
        "EBITDA": 41884000.0,
        "EBIT": 41884000.0,
        "Net Interest Income": 1697000.0,
        "Interest Expense": 649000.0,
        "Interest Income": 2346000.0,
        "Normalized Income": 25632178.173881,
        "Net Income From Continuing And Discontinued Operation": 26825000.0,
        "Total Expenses": 114147000.0,
        "Total Operating Income As Reported": 30430000.0,
        "Diluted Average Shares": 64929638.0,
        "Basic Average Shares": 59898149.0,
        "Diluted EPS": 0.41,
        "Basic EPS": 0.45,
        "Diluted NI Availto Com Stockholders": 26825000.0,
        "Average Dilution Earnings": -303000.0,
        "Net Income Common Stockholders": 26825000.0,
        "Net Income": 26825000.0,
        "Minority Interests": -6772000.0,
        "Net Income Including Noncontrolling Interests": 33597000.0,
        "Net Income Continuous Operations": 33597000.0,
        "Tax Provision": 7638000.0,
        "Pretax Income": 41235000.0,
        "Other Income Expense": 9108000.0,
        "Other Non Operating Income Expenses": 3724000.0,
        "Earnings From Equity Interest": 3920000.0,
        "Gain On Sale Of Security": 1464000.0,
        "Net Non Operating Interest Income Expense": 1697000.0,
        "Interest Expense Non Operating": 649000.0,
        "Interest Income Non Operating": 2346000.0,
        "Operating Income": 30430000.0,
        "Operating Expense": 38209000.0,
        "Research And Development": 20064000.0,
        "Selling General And Administration": 18145000.0,
        "Selling And Marketing Expense": 11439000.0,
        "General And Administrative Expense": 6706000.0,
        "Other Gand A": 6706000.0,
        "Gross Profit": 68639000.0,
        "Cost Of Revenue": 75938000.0,
        "Total Revenue": 144577000.0,
        "Operating Revenue": 144577000.0
    }
}