{
    "2023-06-30": {
        "Tax Effect Of Unusual Items": 67830.0,
        "Tax Rate For Calcs": 0.21,
        "Total Unusual Items": 323000.0,
        "Total Unusual Items Excluding Goodwill": 323000.0,
        "Net Income From Continuing Operation Net Minority Interest": 9524000.0,
        "Reconciled Depreciation": 851000.0,
        "Net Interest Income": 21939000.0,
        "Interest Expense": 1223000.0,
        "Interest Income": 23162000.0,
        "Normalized Income": 9268830.0,
        "Net Income From Continuing And Discontinued Operation": 9524000.0,
        "Diluted Average Shares": 8523877.0,
        "Basic Average Shares": 8512145.0,
        "Diluted EPS": 1.12,
        "Basic EPS": 1.12,
        "Diluted NI Availto Com Stockholders": 9524000.0,
        "Net Income Common Stockholders": 9524000.0,
        "Net Income": 9524000.0,
        "Net Income Including Noncontrolling Interests": 9524000.0,
        "Net Income Continuous Operations": 9524000.0,
        "Tax Provision": 2531000.0,
        "Pretax Income": 12055000.0,
        "Special Income Charges": 323000.0,
        "Other Special Charges": -323000.0,
        "Gain On Sale Of Security": -561000.0,
        "Depreciation Amortization Depletion Income Statement": 360000.0,
        "Depreciation And Amortization In Income Statement": 360000.0,
        "Amortization": 360000.0,
        "Amortization Of Intangibles Income Statement": 360000.0,
        "Selling General And Administration": 10278000.0,
        "Selling And Marketing Expense": 159000.0,
        "General And Administrative Expense": 10119000.0,
        "Insurance And Claims": 295000.0,
        "Salaries And Wages": 9824000.0,
        "Total Revenue": 27861000.0,
        "Operating Revenue": 27861000.0
    },
    "2023-03-31": {
        "Tax Effect Of Unusual Items": 0.0,
        "Tax Rate For Calcs": 0.21,
        "Total Unusual Items": NaN,
        "Total Unusual Items Excluding Goodwill": NaN,
        "Net Income From Continuing Operation Net Minority Interest": 9023000.0,
        "Reconciled Depreciation": 883000.0,
        "Net Interest Income": 23051000.0,
        "Interest Expense": 817000.0,
        "Interest Income": 23868000.0,
        "Normalized Income": 9023000.0,
        "Net Income From Continuing And Discontinued Operation": 9023000.0,
        "Diluted Average Shares": 8522976.0,
        "Basic Average Shares": 8511244.0,
        "Diluted EPS": 1.06,
        "Basic EPS": 1.06,
        "Diluted NI Availto Com Stockholders": 9023000.0,
        "Net Income Common Stockholders": 9023000.0,
        "Net Income": 9023000.0,
        "Net Income Including Noncontrolling Interests": 9023000.0,
        "Net Income Continuous Operations": 9023000.0,
        "Tax Provision": 2398000.0,
        "Pretax Income": 11421000.0,
        "Special Income Charges": NaN,
        "Other Special Charges": NaN,
        "Gain On Sale Of Security": -173000.0,
        "Depreciation Amortization Depletion Income Statement": 360000.0,
        "Depreciation And Amortization In Income Statement": 360000.0,
        "Amortization": 360000.0,
        "Amortization Of Intangibles Income Statement": 360000.0,
        "Selling General And Administration": 10845000.0,
        "Selling And Marketing Expense": 154000.0,
        "General And Administrative Expense": 10691000.0,
        "Insurance And Claims": 249000.0,
        "Salaries And Wages": 10442000.0,
        "Total Revenue": 28076000.0,
        "Operating Revenue": 28076000.0
    },
    "2022-12-31": {
        "Tax Effect Of Unusual Items": 0.0,
        "Tax Rate For Calcs": 0.203079,
        "Total Unusual Items": NaN,
        "Total Unusual Items Excluding Goodwill": NaN,
        "Net Income From Continuing Operation Net Minority Interest": 10199000.0,
        "Reconciled Depreciation": 1008000.0,
        "Net Interest Income": 24023000.0,
        "Interest Expense": 846000.0,
        "Interest Income": 24869000.0,
        "Normalized Income": 10199000.0,
        "Net Income From Continuing And Discontinued Operation": 10199000.0,
        "Diluted Average Shares": 8499167.0,
        "Basic Average Shares": 8499167.0,
        "Diluted EPS": 1.2,
        "Basic EPS": 1.2,
        "Diluted NI Availto Com Stockholders": 10199000.0,
        "Net Income Common Stockholders": 10199000.0,
        "Net Income": 10199000.0,
        "Net Income Including Noncontrolling Interests": 10199000.0,
        "Net Income Continuous Operations": 10199000.0,
        "Tax Provision": 2599000.0,
        "Pretax Income": 12798000.0,
        "Special Income Charges": NaN,
        "Other Special Charges": NaN,
        "Gain On Sale Of Security": -187000.0,
        "Depreciation Amortization Depletion Income Statement": 399000.0,
        "Depreciation And Amortization In Income Statement": 399000.0,
        "Amortization": 399000.0,
        "Amortization Of Intangibles Income Statement": 399000.0,
        "Selling General And Administration": 9558000.0,
        "Selling And Marketing Expense": 72000.0,
        "General And Administrative Expense": 9486000.0,
        "Insurance And Claims": 330000.0,
        "Salaries And Wages": 9786000.0,
        "Total Revenue": 29050000.0,
        "Operating Revenue": 29050000.0
    },
    "2022-09-30": {
        "Tax Effect Of Unusual Items": 0.0,
        "Tax Rate For Calcs": 0.208828,
        "Total Unusual Items": NaN,
        "Total Unusual Items Excluding Goodwill": NaN,
        "Net Income From Continuing Operation Net Minority Interest": 10324000.0,
        "Reconciled Depreciation": 954000.0,
        "Net Interest Income": 22520000.0,
        "Interest Expense": 862000.0,
        "Interest Income": 23382000.0,
        "Normalized Income": 10324000.0,
        "Net Income From Continuing And Discontinued Operation": 10324000.0,
        "Diluted Average Shares": 8603333.0,
        "Basic Average Shares": 8603333.0,
        "Diluted EPS": 1.2,
        "Basic EPS": 1.2,
        "Diluted NI Availto Com Stockholders": 10324000.0,
        "Net Income Common Stockholders": 10324000.0,
        "Net Income": 10324000.0,
        "Net Income Including Noncontrolling Interests": 10324000.0,
        "Net Income Continuous Operations": 10324000.0,
        "Tax Provision": 2725000.0,
        "Pretax Income": 13049000.0,
        "Special Income Charges": NaN,
        "Other Special Charges": NaN,
        "Gain On Sale Of Security": -88000.0,
        "Depreciation Amortization Depletion Income Statement": 395000.0,
        "Depreciation And Amortization In Income Statement": 395000.0,
        "Amortization": 395000.0,
        "Amortization Of Intangibles Income Statement": 395000.0,
        "Selling General And Administration": 9894000.0,
        "Selling And Marketing Expense": 57000.0,
        "General And Administrative Expense": 9837000.0,
        "Other Gand A": 254000.0,
        "Insurance And Claims": 263000.0,
        "Salaries And Wages": 9320000.0,
        "Total Revenue": 28369000.0,
        "Operating Revenue": 28369000.0
    },
    "2022-06-30": {
        "Tax Effect Of Unusual Items": 0.0,
        "Tax Rate For Calcs": 0.206364,
        "Total Unusual Items": NaN,
        "Total Unusual Items Excluding Goodwill": NaN,
        "Net Income From Continuing Operation Net Minority Interest": 8630000.0,
        "Reconciled Depreciation": 955000.0,
        "Net Interest Income": 19804000.0,
        "Interest Expense": 892000.0,
        "Interest Income": 20696000.0,
        "Normalized Income": 8630000.0,
        "Net Income From Continuing And Discontinued Operation": 8630000.0,
        "Diluted Average Shares": 8717172.0,
        "Basic Average Shares": 8717172.0,
        "Diluted EPS": 0.99,
        "Basic EPS": 0.99,
        "Diluted NI Availto Com Stockholders": 8630000.0,
        "Net Income Common Stockholders": 8630000.0,
        "Net Income": 8630000.0,
        "Net Income Including Noncontrolling Interests": 8630000.0,
        "Net Income Continuous Operations": 8630000.0,
        "Tax Provision": 2244000.0,
        "Pretax Income": 10874000.0,
        "Special Income Charges": NaN,
        "Other Special Charges": NaN,
        "Gain On Sale Of Security": -148000.0,
        "Depreciation Amortization Depletion Income Statement": 389000.0,
        "Depreciation And Amortization In Income Statement": 389000.0,
        "Amortization": 389000.0,
        "Amortization Of Intangibles Income Statement": 389000.0,
        "Selling General And Administration": 9840000.0,
        "Selling And Marketing Expense": 67000.0,
        "General And Administrative Expense": 9773000.0,
        "Other Gand A": 195000.0,
        "Insurance And Claims": 264000.0,
        "Salaries And Wages": 9314000.0,
        "Total Revenue": 25880000.0,
        "Operating Revenue": 25880000.0
    },
    "2022-03-31": {
        "Diluted EPS": 0.76,
        "Total Revenue": 23,
        "Gross Profit": 22,
        "Operating Income": 8,
        "EBIT": NaN,
        "Net Income": 7
    },
    "2021-12-31": {
        "Diluted EPS": 0.51,
        "Total Revenue": 24,
        "Gross Profit": 23,
        "Operating Income": 6,
        "EBIT": NaN,
        "Net Income": 4
    },
    "2021-09-30": {
        "Diluted EPS": 0.84,
        "Total Revenue": 25,
        "Gross Profit": 23,
        "Operating Income": 9,
        "EBIT": NaN,
        "Net Income": 7
    },
    "2021-06-30": {
        "Diluted EPS": 0.98,
        "Total Revenue": 27,
        "Gross Profit": 25,
        "Operating Income": 11,
        "EBIT": NaN,
        "Net Income": 9
    },
    "2021-03-31": {
        "Diluted EPS": 0.86,
        "Total Revenue": 25,
        "Gross Profit": 23,
        "Operating Income": 9,
        "EBIT": NaN,
        "Net Income": 7
    },
    "2020-12-31": {
        "Diluted EPS": 0.81,
        "Total Revenue": 27,
        "Gross Profit": 25,
        "Operating Income": 9,
        "EBIT": NaN,
        "Net Income": 7
    },
    "2020-09-30": {
        "Diluted EPS": 0.79,
        "Total Revenue": 26,
        "Gross Profit": 23,
        "Operating Income": 9,
        "EBIT": NaN,
        "Net Income": 7
    },
    "2020-06-30": {
        "Diluted EPS": 0.67,
        "Total Revenue": 26,
        "Gross Profit": 23,
        "Operating Income": 7,
        "EBIT": NaN,
        "Net Income": 6
    },
    "2020-03-31": {
        "Diluted EPS": -0.14,
        "Total Revenue": 25,
        "Gross Profit": 22,
        "Operating Income": -2,
        "EBIT": NaN,
        "Net Income": -1
    },
    "2019-12-31": {
        "Diluted EPS": 0.72,
        "Total Revenue": 22,
        "Gross Profit": 19,
        "Operating Income": 6,
        "EBIT": NaN,
        "Net Income": 5
    },
    "2019-09-30": {
        "Diluted EPS": 0.89,
        "Total Revenue": 23,
        "Gross Profit": 20,
        "Operating Income": 8,
        "EBIT": NaN,
        "Net Income": 6
    },
    "2019-06-30": {
        "Diluted EPS": 0.92,
        "Total Revenue": 22,
        "Gross Profit": 20,
        "Operating Income": 8,
        "EBIT": NaN,
        "Net Income": 6
    },
    "2019-03-31": {
        "Diluted EPS": 0.83,
        "Total Revenue": 21,
        "Gross Profit": 19,
        "Operating Income": 7,
        "EBIT": NaN,
        "Net Income": 6
    },
    "2018-12-31": {
        "Diluted EPS": 0.75,
        "Total Revenue": 21,
        "Gross Profit": 19,
        "Operating Income": 6,
        "EBIT": NaN,
        "Net Income": 5
    },
    "2018-09-30": {
        "Diluted EPS": 0.86,
        "Total Revenue": 20,
        "Gross Profit": 19,
        "Operating Income": 7,
        "EBIT": NaN,
        "Net Income": 6
    },
    "2018-06-30": {
        "Diluted EPS": 0.78,
        "Total Revenue": 20,
        "Gross Profit": 18,
        "Operating Income": 7,
        "EBIT": NaN,
        "Net Income": 6
    },
    "2018-03-31": {
        "Diluted EPS": 0.7,
        "Total Revenue": 19,
        "Gross Profit": 17,
        "Operating Income": 6,
        "EBIT": NaN,
        "Net Income": 5
    },
    "2017-12-31": {
        "Diluted EPS": 0.42,
        "Total Revenue": 19,
        "Gross Profit": 17,
        "Operating Income": 7,
        "EBIT": NaN,
        "Net Income": 3
    },
    "2017-09-30": {
        "Diluted EPS": 0.2,
        "Total Revenue": 19,
        "Gross Profit": 17,
        "Operating Income": 3,
        "EBIT": NaN,
        "Net Income": 2
    },
    "2017-06-30": {
        "Diluted EPS": 0.45,
        "Total Revenue": 14,
        "Gross Profit": 13,
        "Operating Income": 4,
        "EBIT": NaN,
        "Net Income": 3
    },
    "2017-03-31": {
        "Diluted EPS": 0.43,
        "Total Revenue": 14,
        "Gross Profit": 13,
        "Operating Income": 4,
        "EBIT": NaN,
        "Net Income": 3
    },
    "2016-12-31": {
        "Diluted EPS": 0.43,
        "Total Revenue": 14,
        "Gross Profit": 13,
        "Operating Income": 4,
        "EBIT": NaN,
        "Net Income": 3
    },
    "2016-09-30": {
        "Diluted EPS": 0.46,
        "Total Revenue": 13,
        "Gross Profit": 12,
        "Operating Income": 4,
        "EBIT": NaN,
        "Net Income": 3
    },
    "2016-06-30": {
        "Diluted EPS": 0.49,
        "Total Revenue": 14,
        "Gross Profit": 13,
        "Operating Income": 4,
        "EBIT": NaN,
        "Net Income": 3
    },
    "2016-03-31": {
        "Diluted EPS": 0.42,
        "Total Revenue": 13,
        "Gross Profit": 12,
        "Operating Income": 3,
        "EBIT": NaN,
        "Net Income": 3
    },
    "2015-12-31": {
        "Diluted EPS": 0.47,
        "Total Revenue": 13,
        "Gross Profit": 12,
        "Operating Income": 4,
        "EBIT": NaN,
        "Net Income": 3
    },
    "2015-09-30": {
        "Diluted EPS": 0.47,
        "Total Revenue": 13,
        "Gross Profit": 12,
        "Operating Income": 4,
        "EBIT": NaN,
        "Net Income": 3
    },
    "2015-06-30": {
        "Diluted EPS": 0.47,
        "Total Revenue": 13,
        "Gross Profit": 12,
        "Operating Income": 4,
        "EBIT": NaN,
        "Net Income": 3
    },
    "2015-03-31": {
        "Diluted EPS": 0.42,
        "Total Revenue": 13,
        "Gross Profit": 12,
        "Operating Income": 3,
        "EBIT": NaN,
        "Net Income": 3
    },
    "2014-12-31": {
        "Diluted EPS": 0.4,
        "Total Revenue": 12,
        "Gross Profit": 12,
        "Operating Income": 3,
        "EBIT": NaN,
        "Net Income": 2
    },
    "2014-09-30": {
        "Diluted EPS": 0.44,
        "Total Revenue": 12,
        "Gross Profit": 11,
        "Operating Income": 3,
        "EBIT": NaN,
        "Net Income": 3
    },
    "2014-06-30": {
        "Diluted EPS": 0.46,
        "Total Revenue": 13,
        "Gross Profit": 12,
        "Operating Income": 4,
        "EBIT": NaN,
        "Net Income": 3
    },
    "2014-03-31": {
        "Diluted EPS": 0.41,
        "Total Revenue": 12,
        "Gross Profit": 11,
        "Operating Income": 3,
        "EBIT": NaN,
        "Net Income": 2
    },
    "2013-12-31": {
        "Diluted EPS": 0.38,
        "Total Revenue": 12,
        "Gross Profit": 11,
        "Operating Income": 3,
        "EBIT": NaN,
        "Net Income": 2
    },
    "2013-09-30": {
        "Diluted EPS": 0.39,
        "Total Revenue": 12,
        "Gross Profit": 11,
        "Operating Income": 3,
        "EBIT": NaN,
        "Net Income": 2
    },
    "2013-06-30": {
        "Diluted EPS": 0.38,
        "Total Revenue": 12,
        "Gross Profit": 11,
        "Operating Income": 3,
        "EBIT": NaN,
        "Net Income": 2
    },
    "2013-03-31": {
        "Diluted EPS": 0.41,
        "Total Revenue": 13,
        "Gross Profit": 11,
        "Operating Income": 3,
        "EBIT": NaN,
        "Net Income": 2
    },
    "2012-12-31": {
        "Diluted EPS": 0.37,
        "Total Revenue": 13,
        "Gross Profit": 12,
        "Operating Income": 1,
        "EBIT": NaN,
        "Net Income": 2
    },
    "2012-09-30": {
        "Diluted EPS": 0.39,
        "Total Revenue": 13,
        "Gross Profit": 12,
        "Operating Income": 3,
        "EBIT": NaN,
        "Net Income": 2
    },
    "2012-06-30": {
        "Diluted EPS": 0.35,
        "Total Revenue": 13,
        "Gross Profit": 12,
        "Operating Income": 3,
        "EBIT": NaN,
        "Net Income": 2
    },
    "2012-03-31": {
        "Diluted EPS": 0.38,
        "Total Revenue": 13,
        "Gross Profit": 11,
        "Operating Income": 3,
        "EBIT": NaN,
        "Net Income": 2
    },
    "2011-12-31": {
        "Diluted EPS": 0.29,
        "Total Revenue": 14,
        "Gross Profit": 12,
        "Operating Income": 2,
        "EBIT": NaN,
        "Net Income": 2
    },
    "2011-09-30": {
        "Diluted EPS": 0.37,
        "Total Revenue": 13,
        "Gross Profit": 11,
        "Operating Income": 3,
        "EBIT": NaN,
        "Net Income": 2
    },
    "2011-06-30": {
        "Diluted EPS": 0.36,
        "Total Revenue": 13,
        "Gross Profit": 12,
        "Operating Income": 3,
        "EBIT": NaN,
        "Net Income": 2
    },
    "2011-03-31": {
        "Diluted EPS": 0.41,
        "Total Revenue": 13,
        "Gross Profit": 12,
        "Operating Income": 3,
        "EBIT": NaN,
        "Net Income": 2
    },
    "2010-12-31": {
        "Diluted EPS": 0.27,
        "Total Revenue": 14,
        "Gross Profit": 12,
        "Operating Income": 2,
        "EBIT": NaN,
        "Net Income": 2
    },
    "2010-09-30": {
        "Diluted EPS": 0.39,
        "Total Revenue": 14,
        "Gross Profit": 12,
        "Operating Income": 3,
        "EBIT": NaN,
        "Net Income": 2
    },
    "2010-06-30": {
        "Diluted EPS": 0.35,
        "Total Revenue": 15,
        "Gross Profit": 12,
        "Operating Income": 3,
        "EBIT": NaN,
        "Net Income": 2
    },
    "2010-03-31": {
        "Diluted EPS": 0.41,
        "Total Revenue": 14,
        "Gross Profit": 11,
        "Operating Income": 3,
        "EBIT": NaN,
        "Net Income": 2
    },
    "2009-12-31": {
        "Diluted EPS": 0.3,
        "Total Revenue": 10,
        "Gross Profit": 7,
        "Operating Income": 2,
        "EBIT": NaN,
        "Net Income": 2
    },
    "2009-09-30": {
        "Diluted EPS": 0.32,
        "Total Revenue": 14,
        "Gross Profit": 11,
        "Operating Income": 2,
        "EBIT": NaN,
        "Net Income": 2
    },
    "2009-06-30": {
        "Diluted EPS": 0.24,
        "Total Revenue": 15,
        "Gross Profit": 11,
        "Operating Income": 2,
        "EBIT": NaN,
        "Net Income": 1
    },
    "2009-03-31": {
        "Diluted EPS": 0.35,
        "Total Revenue": 15,
        "Gross Profit": 11,
        "Operating Income": 3,
        "EBIT": NaN,
        "Net Income": 2
    },
    "2023-09-30": {
        "Tax Effect Of Unusual Items": 3108.0,
        "Tax Rate For Calcs": 0.222,
        "Total Unusual Items": 14000.0,
        "Total Unusual Items Excluding Goodwill": 14000.0,
        "Net Income From Continuing Operation Net Minority Interest": 9044000.0,
        "Reconciled Depreciation": 825000.0,
        "Net Interest Income": 21641000.0,
        "Interest Expense": 2489000.0,
        "Interest Income": 24130000.0,
        "Normalized Income": 9033108.0,
        "Net Income From Continuing And Discontinued Operation": 9044000.0,
        "Diluted Average Shares": 8551545.0,
        "Basic Average Shares": 8517917.0,
        "Diluted EPS": 1.06,
        "Basic EPS": 1.06,
        "Diluted NI Availto Com Stockholders": 9044000.0,
        "Net Income Common Stockholders": 9044000.0,
        "Net Income": 9044000.0,
        "Net Income Including Noncontrolling Interests": 9044000.0,
        "Net Income Continuous Operations": 9044000.0,
        "Tax Provision": 2583000.0,
        "Pretax Income": 11627000.0,
        "Special Income Charges": 14000.0,
        "Other Special Charges": -14000.0,
        "Gain On Sale Of Security": -27000.0,
        "Depreciation Amortization Depletion Income Statement": 352000.0,
        "Depreciation And Amortization In Income Statement": 352000.0,
        "Amortization": 352000.0,
        "Amortization Of Intangibles Income Statement": 352000.0,
        "Selling General And Administration": 10616000.0,
        "Selling And Marketing Expense": 159000.0,
        "General And Administrative Expense": 10457000.0,
        "Insurance And Claims": 388000.0,
        "Salaries And Wages": 10069000.0,
        "Total Revenue": 28028000.0,
        "Operating Revenue": 28028000.0
    },
    "2023-12-31": {
        "Tax Effect Of Unusual Items": 0.0,
        "Tax Rate For Calcs": 0.136747,
        "Total Unusual Items": 0.0,
        "Total Unusual Items Excluding Goodwill": 0.0,
        "Net Income From Continuing Operation Net Minority Interest": 4097000.0,
        "Reconciled Depreciation": 803000.0,
        "Net Interest Income": 21358000.0,
        "Interest Expense": 3791000.0,
        "Interest Income": 25149000.0,
        "Normalized Income": 4097000.0,
        "Net Income From Continuing And Discontinued Operation": 4097000.0,
        "Diluted Average Shares": 8535417.0,
        "Basic Average Shares": 8535417.0,
        "Diluted EPS": 0.48,
        "Basic EPS": 0.48,
        "Diluted NI Availto Com Stockholders": 4097000.0,
        "Net Income Common Stockholders": 4097000.0,
        "Net Income": 4097000.0,
        "Net Income Including Noncontrolling Interests": 4097000.0,
        "Net Income Continuous Operations": 4097000.0,
        "Tax Provision": 649000.0,
        "Pretax Income": 4746000.0,
        "Special Income Charges": 0.0,
        "Other Special Charges": 0.0,
        "Gain On Sale Of Security": -4461000.0,
        "Depreciation Amortization Depletion Income Statement": 352000.0,
        "Depreciation And Amortization In Income Statement": 352000.0,
        "Amortization": 352000.0,
        "Amortization Of Intangibles Income Statement": 352000.0,
        "Selling General And Administration": 11192000.0,
        "Selling And Marketing Expense": 140000.0,
        "General And Administrative Expense": 11052000.0,
        "Insurance And Claims": 456000.0,
        "Salaries And Wages": 10596000.0,
        "Total Revenue": 22463000.0,
        "Operating Revenue": 22463000.0
    },
    "2024-03-31": {
        "Tax Effect Of Unusual Items": 0.0,
        "Tax Rate For Calcs": 0.206,
        "Total Unusual Items": NaN,
        "Total Unusual Items Excluding Goodwill": NaN,
        "Net Income From Continuing Operation Net Minority Interest": 6768000.0,
        "Reconciled Depreciation": 766000.0,
        "Net Interest Income": 20353000.0,
        "Interest Expense": 5381000.0,
        "Interest Income": 25734000.0,
        "Normalized Income": 6768000.0,
        "Net Income From Continuing And Discontinued Operation": 6768000.0,
        "Diluted Average Shares": 8511648.0,
        "Basic Average Shares": 8493104.0,
        "Diluted EPS": 0.8,
        "Basic EPS": 0.8,
        "Diluted NI Availto Com Stockholders": 6768000.0,
        "Net Income Common Stockholders": 6768000.0,
        "Net Income": 6768000.0,
        "Net Income Including Noncontrolling Interests": 6768000.0,
        "Net Income Continuous Operations": 6768000.0,
        "Tax Provision": 1758000.0,
        "Pretax Income": 8526000.0,
        "Special Income Charges": NaN,
        "Other Special Charges": NaN,
        "Gain On Sale Of Security": 59000.0,
        "Depreciation Amortization Depletion Income Statement": 321000.0,
        "Depreciation And Amortization In Income Statement": 321000.0,
        "Amortization": 321000.0,
        "Amortization Of Intangibles Income Statement": 321000.0,
        "Selling General And Administration": 11631000.0,
        "Selling And Marketing Expense": 88000.0,
        "General And Administrative Expense": 11543000.0,
        "Insurance And Claims": 375000.0,
        "Salaries And Wages": 11168000.0,
        "Total Revenue": 26260000.0,
        "Operating Revenue": 26260000.0
    }
}