{
    "2023-03-31": {
        "Tax Effect Of Unusual Items": NaN,
        "Tax Rate For Calcs": NaN,
        "Normalized EBITDA": NaN,
        "Net Income From Continuing Operation Net Minority Interest": NaN,
        "Reconciled Depreciation": NaN,
        "EBITDA": NaN,
        "EBIT": NaN,
        "Net Interest Income": 1807000.0,
        "Interest Income": 1807000.0,
        "Normalized Income": NaN,
        "Net Income From Continuing And Discontinued Operation": NaN,
        "Total Expenses": NaN,
        "Total Operating Income As Reported": NaN,
        "Diluted Average Shares": 21920570.0,
        "Basic Average Shares": 21920570.0,
        "Diluted EPS": -0.58,
        "Basic EPS": -0.58,
        "Diluted NI Availto Com Stockholders": NaN,
        "Net Income Common Stockholders": NaN,
        "Net Income": NaN,
        "Net Income Including Noncontrolling Interests": NaN,
        "Net Income Continuous Operations": NaN,
        "Pretax Income": NaN,
        "Other Income Expense": NaN,
        "Other Non Operating Income Expenses": NaN,
        "Net Non Operating Interest Income Expense": 1807000.0,
        "Interest Income Non Operating": 1807000.0,
        "Operating Income": NaN,
        "Operating Expense": NaN,
        "Research And Development": NaN,
        "Selling General And Administration": NaN,
        "General And Administrative Expense": NaN,
        "Other Gand A": NaN,
        "Salaries And Wages": NaN,
        "Total Revenue": NaN,
        "Operating Revenue": NaN
    },
    "2022-12-31": {
        "Tax Effect Of Unusual Items": NaN,
        "Tax Rate For Calcs": NaN,
        "Normalized EBITDA": NaN,
        "Net Income From Continuing Operation Net Minority Interest": NaN,
        "Reconciled Depreciation": NaN,
        "EBITDA": NaN,
        "EBIT": NaN,
        "Net Interest Income": NaN,
        "Interest Income": NaN,
        "Normalized Income": NaN,
        "Net Income From Continuing And Discontinued Operation": NaN,
        "Total Expenses": NaN,
        "Total Operating Income As Reported": NaN,
        "Diluted Average Shares": 11093563.0,
        "Basic Average Shares": 11093563.0,
        "Diluted EPS": -0.8,
        "Basic EPS": -0.8,
        "Diluted NI Availto Com Stockholders": NaN,
        "Net Income Common Stockholders": NaN,
        "Net Income": NaN,
        "Net Income Including Noncontrolling Interests": NaN,
        "Net Income Continuous Operations": NaN,
        "Pretax Income": NaN,
        "Other Income Expense": NaN,
        "Other Non Operating Income Expenses": NaN,
        "Net Non Operating Interest Income Expense": NaN,
        "Interest Income Non Operating": NaN,
        "Operating Income": NaN,
        "Operating Expense": NaN,
        "Research And Development": NaN,
        "Selling General And Administration": NaN,
        "General And Administrative Expense": NaN,
        "Other Gand A": NaN,
        "Salaries And Wages": NaN,
        "Total Revenue": NaN,
        "Operating Revenue": NaN
    },
    "2022-09-30": {
        "Tax Effect Of Unusual Items": 0.0,
        "Tax Rate For Calcs": 0.0,
        "Normalized EBITDA": -9459000.0,
        "Net Income From Continuing Operation Net Minority Interest": -9198000.0,
        "Reconciled Depreciation": 116000.0,
        "EBITDA": -9459000.0,
        "EBIT": -9575000.0,
        "Normalized Income": -9198000.0,
        "Net Income From Continuing And Discontinued Operation": -9198000.0,
        "Total Expenses": 9575000.0,
        "Total Operating Income As Reported": -9575000.0,
        "Diluted Average Shares": 18809823.0,
        "Basic Average Shares": 18809823.0,
        "Diluted EPS": -0.489,
        "Basic EPS": -0.489,
        "Diluted NI Availto Com Stockholders": -9198000.0,
        "Net Income Common Stockholders": -9198000.0,
        "Net Income": -9198000.0,
        "Net Income Including Noncontrolling Interests": -9198000.0,
        "Net Income Continuous Operations": -9198000.0,
        "Pretax Income": -9198000.0,
        "Other Income Expense": 377000.0,
        "Other Non Operating Income Expenses": 377000.0,
        "Operating Income": -9575000.0,
        "Operating Expense": 9575000.0,
        "Research And Development": 7942000.0,
        "Selling General And Administration": 1633000.0,
        "General And Administrative Expense": 1633000.0,
        "Other Gand A": 704000.0,
        "Salaries And Wages": 929000.0,
        "Total Revenue": 0.0,
        "Operating Revenue": 0.0
    },
    "2022-06-30": {
        "Tax Effect Of Unusual Items": 0.0,
        "Tax Rate For Calcs": 0.0,
        "Normalized EBITDA": -5847000.0,
        "Net Income From Continuing Operation Net Minority Interest": -5820000.0,
        "Reconciled Depreciation": 78000.0,
        "EBITDA": -5847000.0,
        "EBIT": -5925000.0,
        "Normalized Income": -5820000.0,
        "Net Income From Continuing And Discontinued Operation": -5820000.0,
        "Total Expenses": 5925000.0,
        "Total Operating Income As Reported": -5925000.0,
        "Diluted Average Shares": 12909823.0,
        "Basic Average Shares": 12909823.0,
        "Diluted EPS": -0.45082,
        "Basic EPS": -0.45082,
        "Diluted NI Availto Com Stockholders": -5820000.0,
        "Net Income Common Stockholders": -5820000.0,
        "Net Income": -5820000.0,
        "Net Income Including Noncontrolling Interests": -5820000.0,
        "Net Income Continuous Operations": -5820000.0,
        "Pretax Income": -5820000.0,
        "Other Income Expense": 105000.0,
        "Other Non Operating Income Expenses": 105000.0,
        "Operating Income": -5925000.0,
        "Operating Expense": 5925000.0,
        "Research And Development": 4077000.0,
        "Selling General And Administration": 1848000.0,
        "General And Administrative Expense": 1848000.0,
        "Other Gand A": 790000.0,
        "Salaries And Wages": 1058000.0,
        "Total Revenue": 0.0,
        "Operating Revenue": 0.0
    },
    "2022-03-31": {
        "Diluted EPS": -4.08,
        "Total Revenue": NaN,
        "Gross Profit": NaN,
        "Operating Income": -7,
        "EBIT": -7,
        "Net Income": -7
    },
    "2021-12-31": {
        "Diluted EPS": 0.0,
        "Total Revenue": NaN,
        "Gross Profit": NaN,
        "Operating Income": NaN,
        "EBIT": NaN,
        "Net Income": NaN
    },
    "2021-09-30": {
        "Diluted EPS": -1.38,
        "Total Revenue": NaN,
        "Gross Profit": NaN,
        "Operating Income": -3,
        "EBIT": -3,
        "Net Income": -2
    },
    "2020-12-31": {
        "Diluted EPS": 0.0,
        "Total Revenue": NaN,
        "Gross Profit": NaN,
        "Operating Income": NaN,
        "EBIT": NaN,
        "Net Income": NaN
    },
    "2023-06-30": {
        "Tax Effect Of Unusual Items": 0.0,
        "Tax Rate For Calcs": 0.0,
        "Normalized EBITDA": -15391000.0,
        "Net Income From Continuing Operation Net Minority Interest": -13914000.0,
        "Reconciled Depreciation": 129000.0,
        "EBITDA": -15391000.0,
        "EBIT": -15520000.0,
        "Net Interest Income": 1770000.0,
        "Interest Income": 1770000.0,
        "Normalized Income": -13914000.0,
        "Net Income From Continuing And Discontinued Operation": -13914000.0,
        "Total Expenses": 15520000.0,
        "Total Operating Income As Reported": -15520000.0,
        "Diluted Average Shares": 21971032.0,
        "Basic Average Shares": 21971032.0,
        "Diluted EPS": -0.63,
        "Basic EPS": -0.63,
        "Diluted NI Availto Com Stockholders": -13914000.0,
        "Net Income Common Stockholders": -13914000.0,
        "Net Income": -13914000.0,
        "Net Income Including Noncontrolling Interests": -13914000.0,
        "Net Income Continuous Operations": -13914000.0,
        "Pretax Income": -13914000.0,
        "Other Income Expense": -164000.0,
        "Other Non Operating Income Expenses": -164000.0,
        "Net Non Operating Interest Income Expense": 1770000.0,
        "Interest Income Non Operating": 1770000.0,
        "Operating Income": -15520000.0,
        "Operating Expense": 15520000.0,
        "Research And Development": 10521000.0,
        "Selling General And Administration": 4999000.0,
        "General And Administrative Expense": 4999000.0,
        "Other Gand A": 1780000.0,
        "Salaries And Wages": 3219000.0,
        "Total Revenue": 0.0,
        "Operating Revenue": 0.0
    },
    "2023-09-30": {
        "Tax Effect Of Unusual Items": 0.0,
        "Tax Rate For Calcs": 0.0,
        "Normalized EBITDA": -16004000.0,
        "Net Income From Continuing Operation Net Minority Interest": -14466000.0,
        "Reconciled Depreciation": 133000.0,
        "EBITDA": -16004000.0,
        "EBIT": -16137000.0,
        "Net Interest Income": NaN,
        "Interest Income": NaN,
        "Normalized Income": -14466000.0,
        "Net Income From Continuing And Discontinued Operation": -14466000.0,
        "Total Expenses": 16137000.0,
        "Total Operating Income As Reported": -16137000.0,
        "Diluted Average Shares": 22081162.0,
        "Basic Average Shares": 22081162.0,
        "Diluted EPS": -0.66,
        "Basic EPS": -0.66,
        "Diluted NI Availto Com Stockholders": -14466000.0,
        "Net Income Common Stockholders": -14466000.0,
        "Net Income": -14466000.0,
        "Net Income Including Noncontrolling Interests": -14466000.0,
        "Net Income Continuous Operations": -14466000.0,
        "Pretax Income": -14466000.0,
        "Other Income Expense": 1671000.0,
        "Other Non Operating Income Expenses": 1671000.0,
        "Net Non Operating Interest Income Expense": NaN,
        "Interest Income Non Operating": NaN,
        "Operating Income": -16137000.0,
        "Operating Expense": 16137000.0,
        "Research And Development": 10267000.0,
        "Selling General And Administration": 5870000.0,
        "General And Administrative Expense": 5870000.0,
        "Other Gand A": 1710000.0,
        "Salaries And Wages": 4160000.0,
        "Total Revenue": 0.0,
        "Operating Revenue": 0.0
    },
    "2023-12-31": {
        "Tax Effect Of Unusual Items": 0.0,
        "Tax Rate For Calcs": 0.0,
        "Normalized EBITDA": -20904000.0,
        "Net Income From Continuing Operation Net Minority Interest": -19252000.0,
        "Reconciled Depreciation": 149000.0,
        "EBITDA": -20904000.0,
        "EBIT": -21053000.0,
        "Net Interest Income": NaN,
        "Interest Income": NaN,
        "Normalized Income": -19252000.0,
        "Net Income From Continuing And Discontinued Operation": -19252000.0,
        "Total Expenses": 21053000.0,
        "Total Operating Income As Reported": -21053000.0,
        "Diluted Average Shares": NaN,
        "Basic Average Shares": NaN,
        "Diluted EPS": NaN,
        "Basic EPS": NaN,
        "Diluted NI Availto Com Stockholders": -19252000.0,
        "Net Income Common Stockholders": -19252000.0,
        "Net Income": -19252000.0,
        "Net Income Including Noncontrolling Interests": -19252000.0,
        "Net Income Continuous Operations": -19252000.0,
        "Pretax Income": -19252000.0,
        "Other Income Expense": 1801000.0,
        "Other Non Operating Income Expenses": 1801000.0,
        "Net Non Operating Interest Income Expense": NaN,
        "Interest Income Non Operating": NaN,
        "Operating Income": -21053000.0,
        "Operating Expense": 21053000.0,
        "Research And Development": 15478000.0,
        "Selling General And Administration": 5575000.0,
        "General And Administrative Expense": 5575000.0,
        "Other Gand A": 1638000.0,
        "Salaries And Wages": 3937000.0,
        "Total Revenue": 0.0,
        "Operating Revenue": 0.0
    },
    "2024-03-31": {
        "Tax Effect Of Unusual Items": 0.0,
        "Tax Rate For Calcs": 0.0,
        "Normalized EBITDA": -17444000.0,
        "Net Income From Continuing Operation Net Minority Interest": -16486000.0,
        "Reconciled Depreciation": 224000.0,
        "EBITDA": -17444000.0,
        "EBIT": -17668000.0,
        "Net Interest Income": 1446000.0,
        "Interest Income": 1446000.0,
        "Normalized Income": -16486000.0,
        "Net Income From Continuing And Discontinued Operation": -16486000.0,
        "Total Expenses": 17668000.0,
        "Total Operating Income As Reported": -17668000.0,
        "Diluted Average Shares": 22590804.0,
        "Basic Average Shares": 22590804.0,
        "Diluted EPS": -0.73,
        "Basic EPS": -0.73,
        "Diluted NI Availto Com Stockholders": -16486000.0,
        "Net Income Common Stockholders": -16486000.0,
        "Net Income": -16486000.0,
        "Net Income Including Noncontrolling Interests": -16486000.0,
        "Net Income Continuous Operations": -16486000.0,
        "Pretax Income": -16486000.0,
        "Other Income Expense": -264000.0,
        "Other Non Operating Income Expenses": -264000.0,
        "Net Non Operating Interest Income Expense": 1446000.0,
        "Interest Income Non Operating": 1446000.0,
        "Operating Income": -17668000.0,
        "Operating Expense": 17668000.0,
        "Research And Development": 11473000.0,
        "Selling General And Administration": 6195000.0,
        "General And Administrative Expense": 6195000.0,
        "Other Gand A": 1763000.0,
        "Salaries And Wages": 4432000.0,
        "Total Revenue": 0.0,
        "Operating Revenue": 0.0
    },
    "2024-06-30": {
        "Tax Effect Of Unusual Items": 0.0,
        "Tax Rate For Calcs": 0.0,
        "Normalized EBITDA": -21209000.0,
        "Net Income From Continuing Operation Net Minority Interest": -18798000.0,
        "Reconciled Depreciation": 228000.0,
        "EBITDA": -21209000.0,
        "EBIT": -21437000.0,
        "Net Interest Income": 2694000.0,
        "Interest Income": 2694000.0,
        "Normalized Income": -18798000.0,
        "Net Income From Continuing And Discontinued Operation": -18798000.0,
        "Total Expenses": 21437000.0,
        "Total Operating Income As Reported": -21437000.0,
        "Diluted Average Shares": 36132616.0,
        "Basic Average Shares": 36132616.0,
        "Diluted EPS": -0.52,
        "Basic EPS": -0.52,
        "Diluted NI Availto Com Stockholders": -18798000.0,
        "Net Income Common Stockholders": -18798000.0,
        "Net Income": -18798000.0,
        "Net Income Including Noncontrolling Interests": -18798000.0,
        "Net Income Continuous Operations": -18798000.0,
        "Pretax Income": -18798000.0,
        "Other Income Expense": -55000.0,
        "Other Non Operating Income Expenses": -55000.0,
        "Net Non Operating Interest Income Expense": 2694000.0,
        "Interest Income Non Operating": 2694000.0,
        "Operating Income": -21437000.0,
        "Operating Expense": 21437000.0,
        "Research And Development": 15025000.0,
        "Selling General And Administration": 6412000.0,
        "General And Administrative Expense": 6412000.0,
        "Other Gand A": 1893000.0,
        "Salaries And Wages": 4519000.0,
        "Total Revenue": 0.0,
        "Operating Revenue": 0.0
    }
}