{
    "2023-03-31": {
        "Tax Effect Of Unusual Items": 0.0,
        "Tax Rate For Calcs": 0.216,
        "Net Income From Continuing Operation Net Minority Interest": 175988000.0,
        "EBIT": 237578000.0,
        "Net Interest Income": -13065000.0,
        "Interest Expense": 13065000.0,
        "Normalized Income": 175988000.0,
        "Net Income From Continuing And Discontinued Operation": 175988000.0,
        "Total Expenses": 56426000.0,
        "Diluted Average Shares": 163179000.0,
        "Basic Average Shares": 162442000.0,
        "Diluted EPS": 1.08,
        "Basic EPS": 1.08,
        "Diluted NI Availto Com Stockholders": 175988000.0,
        "Net Income Common Stockholders": 175988000.0,
        "Net Income": 175988000.0,
        "Net Income Including Noncontrolling Interests": 175988000.0,
        "Net Income Continuous Operations": 175988000.0,
        "Tax Provision": 48525000.0,
        "Pretax Income": 224513000.0,
        "Other Income Expense": 612000.0,
        "Net Non Operating Interest Income Expense": -13065000.0,
        "Interest Expense Non Operating": 13065000.0,
        "Total Revenue": 280939000.0,
        "Operating Revenue": 280939000.0
    },
    "2022-12-31": {
        "Tax Effect Of Unusual Items": 0.0,
        "Tax Rate For Calcs": 0.213251,
        "Net Income From Continuing Operation Net Minority Interest": 143806000.0,
        "EBIT": 196043000.0,
        "Net Interest Income": -13258000.0,
        "Interest Expense": 13258000.0,
        "Normalized Income": 143806000.0,
        "Net Income From Continuing And Discontinued Operation": 143806000.0,
        "Total Expenses": 93884000.0,
        "Diluted Average Shares": 163520000.0,
        "Basic Average Shares": 162824000.0,
        "Diluted EPS": 0.88,
        "Basic EPS": 0.88,
        "Diluted NI Availto Com Stockholders": 143806000.0,
        "Net Income Common Stockholders": 143806000.0,
        "Net Income": 143806000.0,
        "Net Income Including Noncontrolling Interests": 143806000.0,
        "Net Income Continuous Operations": 143806000.0,
        "Tax Provision": 38979000.0,
        "Pretax Income": 182785000.0,
        "Other Income Expense": 483000.0,
        "Net Non Operating Interest Income Expense": -13258000.0,
        "Interest Expense Non Operating": 13258000.0,
        "Total Revenue": 276669000.0,
        "Operating Revenue": 276669000.0
    },
    "2022-09-30": {
        "Tax Effect Of Unusual Items": 0.0,
        "Tax Rate For Calcs": 0.219331,
        "Net Income From Continuing Operation Net Minority Interest": 190986000.0,
        "EBIT": 257523000.0,
        "Net Interest Income": -12879000.0,
        "Interest Expense": 12879000.0,
        "Normalized Income": 190986000.0,
        "Net Income From Continuing And Discontinued Operation": 190986000.0,
        "Total Expenses": 30431000.0,
        "Diluted Average Shares": 163376000.0,
        "Basic Average Shares": 162843000.0,
        "Diluted EPS": 1.17,
        "Basic EPS": 1.17,
        "Diluted NI Availto Com Stockholders": 190986000.0,
        "Net Income Common Stockholders": 190986000.0,
        "Net Income": 190986000.0,
        "Net Income Including Noncontrolling Interests": 190986000.0,
        "Net Income Continuous Operations": 190986000.0,
        "Tax Provision": 53658000.0,
        "Pretax Income": 244644000.0,
        "Other Income Expense": 564000.0,
        "Net Non Operating Interest Income Expense": -12879000.0,
        "Interest Expense Non Operating": 12879000.0,
        "Total Revenue": 275075000.0,
        "Operating Revenue": 275075000.0
    },
    "2022-06-30": {
        "Tax Effect Of Unusual Items": 0.0,
        "Tax Rate For Calcs": 0.215235,
        "Net Income From Continuing Operation Net Minority Interest": 204735000.0,
        "EBIT": 273673000.0,
        "Net Interest Income": -12786000.0,
        "Interest Expense": 12786000.0,
        "Normalized Income": 204735000.0,
        "Net Income From Continuing And Discontinued Operation": 204735000.0,
        "Total Expenses": 12654000.0,
        "Diluted Average Shares": 163225000.0,
        "Basic Average Shares": 162842000.0,
        "Diluted EPS": 1.25,
        "Basic EPS": 1.25,
        "Diluted NI Availto Com Stockholders": 204735000.0,
        "Net Income Common Stockholders": 204735000.0,
        "Net Income": 204735000.0,
        "Net Income Including Noncontrolling Interests": 204735000.0,
        "Net Income Continuous Operations": 204735000.0,
        "Tax Provision": 56152000.0,
        "Pretax Income": 260887000.0,
        "Other Income Expense": 760000.0,
        "Net Non Operating Interest Income Expense": -12786000.0,
        "Interest Expense Non Operating": 12786000.0,
        "Total Revenue": 273541000.0,
        "Operating Revenue": 273541000.0
    },
    "2023-06-30": {
        "Tax Effect Of Unusual Items": 0.0,
        "Tax Rate For Calcs": 0.215,
        "Net Income From Continuing Operation Net Minority Interest": 168020000.0,
        "EBIT": 227060000.0,
        "Net Interest Income": -12913000.0,
        "Interest Expense": 12913000.0,
        "Normalized Income": 168020000.0,
        "Net Income From Continuing And Discontinued Operation": 168020000.0,
        "Total Expenses": 63375000.0,
        "Diluted Average Shares": 162171000.0,
        "Basic Average Shares": 161318000.0,
        "Diluted EPS": 1.04,
        "Basic EPS": 1.04,
        "Diluted NI Availto Com Stockholders": 168020000.0,
        "Net Income Common Stockholders": 168020000.0,
        "Net Income": 168020000.0,
        "Net Income Including Noncontrolling Interests": 168020000.0,
        "Net Income Continuous Operations": 168020000.0,
        "Tax Provision": 46127000.0,
        "Pretax Income": 214147000.0,
        "Other Income Expense": 1088000.0,
        "Net Non Operating Interest Income Expense": -12913000.0,
        "Interest Expense Non Operating": 12913000.0,
        "Total Revenue": 277522000.0,
        "Operating Revenue": 277522000.0
    },
    "2022-03-31": {
        "Diluted EPS": 1.01,
        "Total Revenue": 270,
        "Gross Profit": 226,
        "Operating Income": 210,
        "EBIT": 225,
        "Net Income": 165
    },
    "2021-12-31": {
        "Diluted EPS": 0.95,
        "Total Revenue": 273,
        "Gross Profit": 211,
        "Operating Income": 195,
        "EBIT": 210,
        "Net Income": 154
    },
    "2021-09-30": {
        "Diluted EPS": 0.84,
        "Total Revenue": 280,
        "Gross Profit": 191,
        "Operating Income": 175,
        "EBIT": 189,
        "Net Income": 137
    },
    "2021-06-30": {
        "Diluted EPS": 0.8,
        "Total Revenue": 276,
        "Gross Profit": 183,
        "Operating Income": 167,
        "EBIT": 182,
        "Net Income": 131
    },
    "2021-03-31": {
        "Diluted EPS": 0.77,
        "Total Revenue": 289,
        "Gross Profit": 176,
        "Operating Income": 159,
        "EBIT": 173,
        "Net Income": 125
    },
    "2020-12-31": {
        "Diluted EPS": 0.0,
        "Total Revenue": NaN,
        "Gross Profit": NaN,
        "Operating Income": NaN,
        "EBIT": NaN,
        "Net Income": NaN
    },
    "2020-09-30": {
        "Diluted EPS": 0.85,
        "Total Revenue": 284,
        "Gross Profit": 185,
        "Operating Income": 175,
        "EBIT": 184,
        "Net Income": 138
    },
    "2020-06-30": {
        "Diluted EPS": 0.0,
        "Total Revenue": NaN,
        "Gross Profit": NaN,
        "Operating Income": NaN,
        "EBIT": NaN,
        "Net Income": NaN
    },
    "2019-12-31": {
        "Diluted EPS": 0.0,
        "Total Revenue": NaN,
        "Gross Profit": NaN,
        "Operating Income": NaN,
        "EBIT": NaN,
        "Net Income": NaN
    },
    "2023-09-30": {
        "Tax Effect Of Unusual Items": 0.0,
        "Tax Rate For Calcs": 0.23,
        "Net Income From Continuing Operation Net Minority Interest": 164195000.0,
        "EBIT": 226046000.0,
        "Net Interest Income": -12941000.0,
        "Interest Expense": 12941000.0,
        "Normalized Income": 164195000.0,
        "Net Income From Continuing And Discontinued Operation": 164195000.0,
        "Total Expenses": 85930000.0,
        "Diluted Average Shares": 161146000.0,
        "Basic Average Shares": 160066000.0,
        "Diluted EPS": 1.02,
        "Basic EPS": 1.03,
        "Diluted NI Availto Com Stockholders": 164195000.0,
        "Net Income Common Stockholders": 164195000.0,
        "Net Income": 164195000.0,
        "Net Income Including Noncontrolling Interests": 164195000.0,
        "Net Income Continuous Operations": 164195000.0,
        "Tax Provision": 48910000.0,
        "Pretax Income": 213105000.0,
        "Other Income Expense": 760000.0,
        "Net Non Operating Interest Income Expense": -12941000.0,
        "Interest Expense Non Operating": 12941000.0,
        "Total Revenue": 299035000.0,
        "Operating Revenue": 299035000.0
    }
}