{
    "2023-03-31": {
        "Tax Effect Of Unusual Items": 3894750.963956,
        "Tax Rate For Calcs": 0.208131,
        "Normalized EBITDA": -2502000.0,
        "Total Unusual Items": 18713000.0,
        "Total Unusual Items Excluding Goodwill": 18713000.0,
        "Net Income From Continuing Operation Net Minority Interest": 9447000.0,
        "Reconciled Depreciation": 3381000.0,
        "Reconciled Cost Of Revenue": 9958000.0,
        "EBIT": 12830000.0,
        "Net Interest Income": 2541000.0,
        "Interest Expense": 900000.0,
        "Interest Income": 3441000.0,
        "Normalized Income": -5371249.036044,
        "Net Income From Continuing And Discontinued Operation": 9447000.0,
        "Total Expenses": 24127000.0,
        "Total Operating Income As Reported": -9324000.0,
        "Diluted Average Shares": 89067821.0,
        "Basic Average Shares": 47971931.0,
        "Diluted EPS": -0.07,
        "Basic EPS": 0.12,
        "Diluted NI Availto Com Stockholders": -6496000.0,
        "Average Dilution Earnings": -12454000.0,
        "Net Income Common Stockholders": 5958000.0,
        "Otherunder Preferred Stock Dividend": 1235000.0,
        "Preferred Stock Dividends": 2254000.0,
        "Net Income": 9447000.0,
        "Minority Interests": 0.0,
        "Net Income Including Noncontrolling Interests": 9447000.0,
        "Net Income Continuous Operations": 9447000.0,
        "Tax Provision": 2483000.0,
        "Pretax Income": 11930000.0,
        "Other Income Expense": 18713000.0,
        "Earnings From Equity Interest": NaN,
        "Gain On Sale Of Security": 18713000.0,
        "Net Non Operating Interest Income Expense": 2541000.0,
        "Interest Expense Non Operating": 900000.0,
        "Interest Income Non Operating": 3441000.0,
        "Operating Income": -9324000.0,
        "Operating Expense": 14169000.0,
        "Research And Development": 216000.0,
        "Selling General And Administration": 13953000.0,
        "Selling And Marketing Expense": 1913000.0,
        "General And Administrative Expense": 12040000.0,
        "Other Gand A": 12040000.0,
        "Gross Profit": 4845000.0,
        "Cost Of Revenue": 9958000.0,
        "Total Revenue": 14803000.0,
        "Operating Revenue": 14803000.0
    },
    "2022-12-31": {
        "Tax Effect Of Unusual Items": -612175.371487,
        "Tax Rate For Calcs": 0.088863,
        "Normalized EBITDA": -12602000.0,
        "Total Unusual Items": -6889000.0,
        "Total Unusual Items Excluding Goodwill": -6889000.0,
        "Net Income From Continuing Operation Net Minority Interest": -18386000.0,
        "Reconciled Depreciation": 3374000.0,
        "Reconciled Cost Of Revenue": 9476000.0,
        "EBIT": -19491000.0,
        "Net Interest Income": 1451000.0,
        "Interest Expense": 900000.0,
        "Interest Income": 2351000.0,
        "Normalized Income": -12109175.371487,
        "Net Income From Continuing And Discontinued Operation": -18386000.0,
        "Total Expenses": 27670000.0,
        "Total Operating Income As Reported": -14549000.0,
        "Diluted Average Shares": 41349916.0,
        "Basic Average Shares": 41349916.0,
        "Diluted EPS": -0.5,
        "Basic EPS": -0.5,
        "Diluted NI Availto Com Stockholders": -20528000.0,
        "Average Dilution Earnings": 0.0,
        "Net Income Common Stockholders": -20528000.0,
        "Otherunder Preferred Stock Dividend": 2142000.0,
        "Preferred Stock Dividends": -3029000.0,
        "Net Income": -18386000.0,
        "Minority Interests": 193000.0,
        "Net Income Including Noncontrolling Interests": -18579000.0,
        "Net Income Continuous Operations": -18579000.0,
        "Tax Provision": -1812000.0,
        "Pretax Income": -20391000.0,
        "Other Income Expense": -7293000.0,
        "Earnings From Equity Interest": -404000.0,
        "Gain On Sale Of Security": -6889000.0,
        "Net Non Operating Interest Income Expense": 1451000.0,
        "Interest Expense Non Operating": 900000.0,
        "Interest Income Non Operating": 2351000.0,
        "Operating Income": -14549000.0,
        "Operating Expense": 18194000.0,
        "Research And Development": 135000.0,
        "Selling General And Administration": 18059000.0,
        "Selling And Marketing Expense": 2192000.0,
        "General And Administrative Expense": 15867000.0,
        "Other Gand A": 15867000.0,
        "Gross Profit": 3645000.0,
        "Cost Of Revenue": 9476000.0,
        "Total Revenue": 13121000.0,
        "Operating Revenue": 13121000.0
    },
    "2022-09-30": {
        "Tax Effect Of Unusual Items": 921081.306965,
        "Tax Rate For Calcs": 0.023353,
        "Normalized EBITDA": -9294000.0,
        "Total Unusual Items": 39441000.0,
        "Total Unusual Items Excluding Goodwill": 39441000.0,
        "Net Income From Continuing Operation Net Minority Interest": 28090000.0,
        "Reconciled Depreciation": 3363000.0,
        "Reconciled Cost Of Revenue": 9930000.0,
        "EBIT": 30147000.0,
        "Net Interest Income": 149000.0,
        "Interest Expense": 1072000.0,
        "Interest Income": 1221000.0,
        "Normalized Income": -10429918.693035,
        "Net Income From Continuing And Discontinued Operation": 28090000.0,
        "Total Expenses": 27243000.0,
        "Total Operating Income As Reported": -11365000.0,
        "Diluted Average Shares": 71164236.0,
        "Basic Average Shares": 38052426.0,
        "Diluted EPS": 0.02,
        "Basic EPS": 0.54,
        "Diluted NI Availto Com Stockholders": 1539000.0,
        "Average Dilution Earnings": -19056000.0,
        "Net Income Common Stockholders": 20587000.0,
        "Otherunder Preferred Stock Dividend": 5466000.0,
        "Preferred Stock Dividends": 2037000.0,
        "Net Income": 28090000.0,
        "Minority Interests": -306000.0,
        "Net Income Including Noncontrolling Interests": 28396000.0,
        "Net Income Continuous Operations": 28396000.0,
        "Tax Provision": 679000.0,
        "Pretax Income": 29075000.0,
        "Other Income Expense": 40291000.0,
        "Earnings From Equity Interest": 850000.0,
        "Gain On Sale Of Security": 39441000.0,
        "Net Non Operating Interest Income Expense": 149000.0,
        "Interest Expense Non Operating": 1072000.0,
        "Interest Income Non Operating": 1221000.0,
        "Operating Income": -11365000.0,
        "Operating Expense": 17313000.0,
        "Research And Development": 156000.0,
        "Selling General And Administration": 17157000.0,
        "Selling And Marketing Expense": 2119000.0,
        "General And Administrative Expense": 15038000.0,
        "Other Gand A": 15038000.0,
        "Gross Profit": 5948000.0,
        "Cost Of Revenue": 9930000.0,
        "Total Revenue": 15878000.0,
        "Operating Revenue": 15878000.0
    },
    "2022-06-30": {
        "Tax Effect Of Unusual Items": 0.0,
        "Tax Rate For Calcs": 0.0,
        "Normalized EBITDA": 40686000.0,
        "Total Unusual Items": -83109000.0,
        "Total Unusual Items Excluding Goodwill": -83109000.0,
        "Net Income From Continuing Operation Net Minority Interest": -61503000.0,
        "Reconciled Depreciation": 3408000.0,
        "Reconciled Cost Of Revenue": 9226000.0,
        "EBIT": -45831000.0,
        "Net Interest Income": -996000.0,
        "Interest Expense": 1859000.0,
        "Interest Income": 863000.0,
        "Normalized Income": 21606000.0,
        "Net Income From Continuing And Discontinued Operation": -61503000.0,
        "Total Expenses": 22387000.0,
        "Total Operating Income As Reported": -5670000.0,
        "Diluted Average Shares": 43988677.0,
        "Basic Average Shares": 43988677.0,
        "Diluted EPS": -1.44,
        "Basic EPS": -1.44,
        "Diluted NI Availto Com Stockholders": -63443000.0,
        "Average Dilution Earnings": 0.0,
        "Net Income Common Stockholders": -63443000.0,
        "Otherunder Preferred Stock Dividend": 0.0,
        "Preferred Stock Dividends": 1940000.0,
        "Net Income": -61503000.0,
        "Minority Interests": -14013000.0,
        "Net Income Including Noncontrolling Interests": -47490000.0,
        "Net Income Continuous Operations": -47490000.0,
        "Tax Provision": -200000.0,
        "Pretax Income": -47690000.0,
        "Other Income Expense": -41024000.0,
        "Earnings From Equity Interest": 42085000.0,
        "Gain On Sale Of Security": -83109000.0,
        "Net Non Operating Interest Income Expense": -996000.0,
        "Interest Expense Non Operating": 1859000.0,
        "Interest Income Non Operating": 863000.0,
        "Operating Income": -5670000.0,
        "Operating Expense": 13161000.0,
        "Research And Development": 145000.0,
        "Selling General And Administration": 13016000.0,
        "Selling And Marketing Expense": 2294000.0,
        "General And Administrative Expense": 10722000.0,
        "Other Gand A": 10722000.0,
        "Gross Profit": 7491000.0,
        "Cost Of Revenue": 9226000.0,
        "Total Revenue": 16717000.0,
        "Operating Revenue": 16717000.0
    },
    "2022-03-31": {
        "Diluted EPS": -1.61,
        "Total Revenue": 14,
        "Gross Profit": 5,
        "Operating Income": -9,
        "EBIT": -5,
        "Net Income": -75
    },
    "2021-12-31": {
        "Diluted EPS": 3.63,
        "Total Revenue": 63,
        "Gross Profit": 46,
        "Operating Income": 31,
        "EBIT": 35,
        "Net Income": 167
    },
    "2021-09-30": {
        "Diluted EPS": 0.86,
        "Total Revenue": 2,
        "Gross Profit": -2,
        "Operating Income": -13,
        "EBIT": -10,
        "Net Income": 73
    },
    "2021-06-30": {
        "Diluted EPS": 0.23,
        "Total Revenue": 17,
        "Gross Profit": 8,
        "Operating Income": 2,
        "EBIT": 4,
        "Net Income": 15
    },
    "2021-03-31": {
        "Diluted EPS": -2.81,
        "Total Revenue": 6,
        "Gross Profit": 0,
        "Operating Income": -6,
        "EBIT": -3,
        "Net Income": -137
    },
    "2020-12-31": {
        "Diluted EPS": 1.31,
        "Total Revenue": 4,
        "Gross Profit": 0,
        "Operating Income": -6,
        "EBIT": 1,
        "Net Income": 64
    },
    "2020-09-30": {
        "Diluted EPS": 0.32,
        "Total Revenue": 19,
        "Gross Profit": 5,
        "Operating Income": -3,
        "EBIT": -1,
        "Net Income": 31
    },
    "2020-06-30": {
        "Diluted EPS": 0.09,
        "Total Revenue": 2,
        "Gross Profit": -1,
        "Operating Income": -7,
        "EBIT": -5,
        "Net Income": 4
    },
    "2020-03-31": {
        "Diluted EPS": -0.24,
        "Total Revenue": 4,
        "Gross Profit": 2,
        "Operating Income": -4,
        "EBIT": -3,
        "Net Income": -12
    },
    "2019-12-31": {
        "Diluted EPS": -0.04,
        "Total Revenue": 1,
        "Gross Profit": -2,
        "Operating Income": -7,
        "EBIT": -7,
        "Net Income": 0
    },
    "2019-09-30": {
        "Diluted EPS": -0.15,
        "Total Revenue": 2,
        "Gross Profit": 0,
        "Operating Income": -5,
        "EBIT": -4,
        "Net Income": -8
    },
    "2019-06-30": {
        "Diluted EPS": -0.12,
        "Total Revenue": 5,
        "Gross Profit": 0,
        "Operating Income": -4,
        "EBIT": -3,
        "Net Income": -6
    },
    "2019-03-31": {
        "Diluted EPS": -0.09,
        "Total Revenue": 3,
        "Gross Profit": -3,
        "Operating Income": -7,
        "EBIT": -6,
        "Net Income": -4
    },
    "2018-12-31": {
        "Diluted EPS": -0.23,
        "Total Revenue": 49,
        "Gross Profit": 17,
        "Operating Income": 10,
        "EBIT": 22,
        "Net Income": -11
    },
    "2018-09-30": {
        "Diluted EPS": -0.67,
        "Total Revenue": 14,
        "Gross Profit": 3,
        "Operating Income": -5,
        "EBIT": 0,
        "Net Income": -33
    },
    "2018-06-30": {
        "Diluted EPS": -0.57,
        "Total Revenue": 6,
        "Gross Profit": -4,
        "Operating Income": -39,
        "EBIT": -34,
        "Net Income": -28
    },
    "2018-03-31": {
        "Diluted EPS": -0.63,
        "Total Revenue": 62,
        "Gross Profit": 12,
        "Operating Income": 9,
        "EBIT": 14,
        "Net Income": -32
    },
    "2017-12-31": {
        "Diluted EPS": -2.17,
        "Total Revenue": 3,
        "Gross Profit": -12,
        "Operating Income": -7,
        "EBIT": -4,
        "Net Income": -110
    },
    "2017-09-30": {
        "Diluted EPS": 3.13,
        "Total Revenue": 37,
        "Gross Profit": 15,
        "Operating Income": 0,
        "EBIT": 7,
        "Net Income": 158
    },
    "2017-06-30": {
        "Diluted EPS": -0.28,
        "Total Revenue": 16,
        "Gross Profit": -1,
        "Operating Income": -8,
        "EBIT": -2,
        "Net Income": -14
    },
    "2017-03-31": {
        "Diluted EPS": -0.24,
        "Total Revenue": 9,
        "Gross Profit": 1,
        "Operating Income": -12,
        "EBIT": -6,
        "Net Income": -12
    },
    "2016-12-31": {
        "Diluted EPS": -0.21,
        "Total Revenue": 22,
        "Gross Profit": -8,
        "Operating Income": -9,
        "EBIT": -3,
        "Net Income": -11
    },
    "2016-09-30": {
        "Diluted EPS": 0.14,
        "Total Revenue": 65,
        "Gross Profit": 25,
        "Operating Income": 16,
        "EBIT": 23,
        "Net Income": 7
    },
    "2016-06-30": {
        "Diluted EPS": -0.81,
        "Total Revenue": 41,
        "Gross Profit": 13,
        "Operating Income": -35,
        "EBIT": -24,
        "Net Income": -41
    },
    "2016-03-31": {
        "Diluted EPS": -0.2,
        "Total Revenue": 25,
        "Gross Profit": 11,
        "Operating Income": -10,
        "EBIT": 1,
        "Net Income": -10
    },
    "2015-12-31": {
        "Diluted EPS": -2.35,
        "Total Revenue": 37,
        "Gross Profit": -48,
        "Operating Income": -113,
        "EBIT": -70,
        "Net Income": -116
    },
    "2015-09-30": {
        "Diluted EPS": -0.55,
        "Total Revenue": 13,
        "Gross Profit": 1,
        "Operating Income": -27,
        "EBIT": -13,
        "Net Income": -27
    },
    "2015-06-30": {
        "Diluted EPS": -0.08,
        "Total Revenue": 40,
        "Gross Profit": 25,
        "Operating Income": 1,
        "EBIT": 14,
        "Net Income": -4
    },
    "2015-03-31": {
        "Diluted EPS": -0.27,
        "Total Revenue": 34,
        "Gross Profit": 21,
        "Operating Income": -14,
        "EBIT": -1,
        "Net Income": -13
    },
    "2014-12-31": {
        "Diluted EPS": -0.33,
        "Total Revenue": 31,
        "Gross Profit": 0,
        "Operating Income": -15,
        "EBIT": -5,
        "Net Income": -16
    },
    "2014-09-30": {
        "Diluted EPS": -0.26,
        "Total Revenue": 37,
        "Gross Profit": 2,
        "Operating Income": -13,
        "EBIT": 1,
        "Net Income": -13
    },
    "2014-06-30": {
        "Diluted EPS": -0.27,
        "Total Revenue": 50,
        "Gross Profit": 6,
        "Operating Income": -8,
        "EBIT": 7,
        "Net Income": -13
    },
    "2014-03-31": {
        "Diluted EPS": -0.51,
        "Total Revenue": 13,
        "Gross Profit": -12,
        "Operating Income": -26,
        "EBIT": -11,
        "Net Income": -25
    },
    "2013-12-31": {
        "Diluted EPS": -0.69,
        "Total Revenue": 15,
        "Gross Profit": -31,
        "Operating Income": -32,
        "EBIT": -20,
        "Net Income": -33
    },
    "2013-09-30": {
        "Diluted EPS": -0.33,
        "Total Revenue": 16,
        "Gross Profit": -13,
        "Operating Income": -35,
        "EBIT": -23,
        "Net Income": -16
    },
    "2013-06-30": {
        "Diluted EPS": -0.26,
        "Total Revenue": 23,
        "Gross Profit": -9,
        "Operating Income": -23,
        "EBIT": -10,
        "Net Income": -13
    },
    "2013-03-31": {
        "Diluted EPS": 0.1,
        "Total Revenue": 77,
        "Gross Profit": 40,
        "Operating Income": 7,
        "EBIT": 19,
        "Net Income": 5
    },
    "2012-12-31": {
        "Diluted EPS": 0.13,
        "Total Revenue": 66,
        "Gross Profit": 32,
        "Operating Income": 15,
        "EBIT": 33,
        "Net Income": 8
    },
    "2012-09-30": {
        "Diluted EPS": -0.14,
        "Total Revenue": 35,
        "Gross Profit": 5,
        "Operating Income": -8,
        "EBIT": 2,
        "Net Income": -7
    },
    "2012-06-30": {
        "Diluted EPS": 0.13,
        "Total Revenue": 50,
        "Gross Profit": 24,
        "Operating Income": 10,
        "EBIT": 15,
        "Net Income": 6
    },
    "2012-03-31": {
        "Diluted EPS": 1.09,
        "Total Revenue": 99,
        "Gross Profit": 79,
        "Operating Income": 64,
        "EBIT": 70,
        "Net Income": 50
    },
    "2011-12-31": {
        "Diluted EPS": -0.14,
        "Total Revenue": 21,
        "Gross Profit": 5,
        "Operating Income": -5,
        "EBIT": -3,
        "Net Income": -5
    },
    "2011-09-30": {
        "Diluted EPS": 0.25,
        "Total Revenue": 51,
        "Gross Profit": 17,
        "Operating Income": 12,
        "EBIT": 14,
        "Net Income": 11
    },
    "2011-06-30": {
        "Diluted EPS": 0.05,
        "Total Revenue": 40,
        "Gross Profit": 12,
        "Operating Income": 2,
        "EBIT": 5,
        "Net Income": 2
    },
    "2011-03-31": {
        "Diluted EPS": 0.34,
        "Total Revenue": 61,
        "Gross Profit": 31,
        "Operating Income": 21,
        "EBIT": 24,
        "Net Income": 12
    },
    "2010-12-31": {
        "Diluted EPS": -0.16,
        "Total Revenue": 13,
        "Gross Profit": 3,
        "Operating Income": -5,
        "EBIT": -3,
        "Net Income": -5
    },
    "2010-09-30": {
        "Diluted EPS": 0.7,
        "Total Revenue": 64,
        "Gross Profit": 35,
        "Operating Income": 28,
        "EBIT": 30,
        "Net Income": 25
    },
    "2010-06-30": {
        "Diluted EPS": -0.12,
        "Total Revenue": 15,
        "Gross Profit": 2,
        "Operating Income": -4,
        "EBIT": -2,
        "Net Income": -4
    },
    "2010-03-31": {
        "Diluted EPS": 0.55,
        "Total Revenue": 40,
        "Gross Profit": 26,
        "Operating Income": 19,
        "EBIT": 21,
        "Net Income": 19
    },
    "2009-12-31": {
        "Diluted EPS": -0.16,
        "Total Revenue": 20,
        "Gross Profit": 4,
        "Operating Income": -2,
        "EBIT": -1,
        "Net Income": -5
    },
    "2009-09-30": {
        "Diluted EPS": -0.11,
        "Total Revenue": 16,
        "Gross Profit": 2,
        "Operating Income": -3,
        "EBIT": -1,
        "Net Income": -3
    },
    "2009-06-30": {
        "Diluted EPS": -0.1,
        "Total Revenue": 14,
        "Gross Profit": 5,
        "Operating Income": -1,
        "EBIT": 0,
        "Net Income": -3
    },
    "2009-03-31": {
        "Diluted EPS": -0.01,
        "Total Revenue": 17,
        "Gross Profit": 5,
        "Operating Income": -1,
        "EBIT": 1,
        "Net Income": 0
    },
    "2023-06-30": {
        "Tax Effect Of Unusual Items": -910291.323933,
        "Tax Rate For Calcs": 0.080542,
        "Normalized EBITDA": -4814000.0,
        "Total Unusual Items": -11302000.0,
        "Total Unusual Items Excluding Goodwill": -11302000.0,
        "Net Income From Continuing Operation Net Minority Interest": -18779000.0,
        "Reconciled Depreciation": 3408000.0,
        "Reconciled Cost Of Revenue": 8943000.0,
        "EBIT": -19524000.0,
        "Net Interest Income": 3407000.0,
        "Interest Expense": 900000.0,
        "Interest Income": 4307000.0,
        "Normalized Income": -8387291.323933,
        "Net Income From Continuing And Discontinued Operation": -18779000.0,
        "Total Expenses": 20433000.0,
        "Total Operating Income As Reported": -12529000.0,
        "Diluted Average Shares": 58408711.0,
        "Basic Average Shares": 58408711.0,
        "Diluted EPS": -0.36,
        "Basic EPS": -0.36,
        "Diluted NI Availto Com Stockholders": -21155000.0,
        "Average Dilution Earnings": 0.0,
        "Net Income Common Stockholders": -21155000.0,
        "Otherunder Preferred Stock Dividend": 0.0,
        "Preferred Stock Dividends": 2376000.0,
        "Net Income": -18779000.0,
        "Minority Interests": 0.0,
        "Net Income Including Noncontrolling Interests": -18779000.0,
        "Net Income Continuous Operations": -18779000.0,
        "Tax Provision": -1645000.0,
        "Pretax Income": -20424000.0,
        "Other Income Expense": -11302000.0,
        "Earnings From Equity Interest": 0.0,
        "Gain On Sale Of Security": -11302000.0,
        "Net Non Operating Interest Income Expense": 3407000.0,
        "Interest Expense Non Operating": 900000.0,
        "Interest Income Non Operating": 4307000.0,
        "Operating Income": -12529000.0,
        "Operating Expense": 11490000.0,
        "Research And Development": 205000.0,
        "Selling General And Administration": 11285000.0,
        "Selling And Marketing Expense": 1859000.0,
        "General And Administrative Expense": 9426000.0,
        "Other Gand A": 9426000.0,
        "Gross Profit": -1039000.0,
        "Cost Of Revenue": 8943000.0,
        "Total Revenue": 7904000.0,
        "Operating Revenue": 7904000.0
    }
}