{
    "2023-03-31": {
        "Tax Effect Of Unusual Items": NaN,
        "Tax Rate For Calcs": NaN,
        "Normalized EBITDA": NaN,
        "Net Income From Continuing Operation Net Minority Interest": NaN,
        "EBITDA": NaN,
        "EBIT": NaN,
        "Normalized Income": NaN,
        "Net Income From Continuing And Discontinued Operation": NaN,
        "Total Expenses": NaN,
        "Diluted Average Shares": 11639395.0,
        "Basic Average Shares": 11639395.0,
        "Diluted EPS": -0.25,
        "Basic EPS": -0.25,
        "Diluted NI Availto Com Stockholders": NaN,
        "Net Income Common Stockholders": NaN,
        "Net Income": NaN,
        "Net Income Including Noncontrolling Interests": NaN,
        "Net Income Continuous Operations": NaN,
        "Pretax Income": NaN,
        "Operating Income": NaN,
        "Operating Expense": NaN,
        "Research And Development": NaN,
        "Selling General And Administration": NaN,
        "General And Administrative Expense": NaN,
        "Other Gand A": NaN,
        "Total Revenue": NaN,
        "Operating Revenue": NaN
    },
    "2022-12-31": {
        "Tax Effect Of Unusual Items": NaN,
        "Tax Rate For Calcs": NaN,
        "Normalized EBITDA": NaN,
        "Total Unusual Items": 0.0,
        "Total Unusual Items Excluding Goodwill": 0.0,
        "Net Income From Continuing Operation Net Minority Interest": NaN,
        "EBITDA": NaN,
        "EBIT": NaN,
        "Normalized Income": NaN,
        "Net Income From Continuing And Discontinued Operation": NaN,
        "Total Expenses": NaN,
        "Diluted Average Shares": NaN,
        "Basic Average Shares": NaN,
        "Diluted EPS": NaN,
        "Basic EPS": NaN,
        "Diluted NI Availto Com Stockholders": NaN,
        "Net Income Common Stockholders": NaN,
        "Net Income": NaN,
        "Net Income Including Noncontrolling Interests": NaN,
        "Net Income Continuous Operations": NaN,
        "Pretax Income": NaN,
        "Special Income Charges": 0.0,
        "Operating Income": NaN,
        "Operating Expense": NaN,
        "Research And Development": NaN,
        "Selling General And Administration": NaN,
        "General And Administrative Expense": NaN,
        "Other Gand A": NaN,
        "Total Revenue": NaN,
        "Operating Revenue": NaN
    },
    "2022-09-30": {
        "Tax Effect Of Unusual Items": NaN,
        "Tax Rate For Calcs": NaN,
        "Normalized EBITDA": NaN,
        "Total Unusual Items": 0.0,
        "Total Unusual Items Excluding Goodwill": 0.0,
        "Net Income From Continuing Operation Net Minority Interest": NaN,
        "EBITDA": NaN,
        "EBIT": NaN,
        "Normalized Income": NaN,
        "Net Income From Continuing And Discontinued Operation": NaN,
        "Total Expenses": NaN,
        "Diluted Average Shares": 11148402.0,
        "Basic Average Shares": 11148402.0,
        "Diluted EPS": -0.32,
        "Basic EPS": -0.32,
        "Diluted NI Availto Com Stockholders": NaN,
        "Net Income Common Stockholders": NaN,
        "Net Income": NaN,
        "Net Income Including Noncontrolling Interests": NaN,
        "Net Income Continuous Operations": NaN,
        "Pretax Income": NaN,
        "Special Income Charges": 0.0,
        "Operating Income": NaN,
        "Operating Expense": NaN,
        "Research And Development": NaN,
        "Selling General And Administration": NaN,
        "General And Administrative Expense": NaN,
        "Other Gand A": NaN,
        "Total Revenue": NaN,
        "Operating Revenue": NaN
    },
    "2022-06-30": {
        "Tax Effect Of Unusual Items": 0.0,
        "Tax Rate For Calcs": 0.0,
        "Normalized EBITDA": -2620533.0,
        "Total Unusual Items": 0.0,
        "Total Unusual Items Excluding Goodwill": 0.0,
        "Net Income From Continuing Operation Net Minority Interest": -2620533.0,
        "EBITDA": -2620533.0,
        "EBIT": -2620533.0,
        "Normalized Income": -2620533.0,
        "Net Income From Continuing And Discontinued Operation": -2620533.0,
        "Total Expenses": 2620533.0,
        "Diluted Average Shares": 10263202.0,
        "Basic Average Shares": 10263202.0,
        "Diluted EPS": -0.26,
        "Basic EPS": -0.26,
        "Diluted NI Availto Com Stockholders": -2620533.0,
        "Net Income Common Stockholders": -2620533.0,
        "Net Income": -2620533.0,
        "Net Income Including Noncontrolling Interests": -2620533.0,
        "Net Income Continuous Operations": -2620533.0,
        "Pretax Income": -2620533.0,
        "Special Income Charges": 0.0,
        "Operating Income": -2620533.0,
        "Operating Expense": 2620533.0,
        "Research And Development": 911692.0,
        "Selling General And Administration": 1708841.0,
        "General And Administrative Expense": 1708841.0,
        "Other Gand A": 1708841.0,
        "Total Revenue": 0.0,
        "Operating Revenue": 0.0
    },
    "2022-03-31": {
        "Diluted EPS": -0.26,
        "Total Revenue": NaN,
        "Gross Profit": NaN,
        "Operating Income": -3,
        "EBIT": -3,
        "Net Income": -3
    },
    "2021-12-31": {
        "Diluted EPS": -0.25,
        "Total Revenue": NaN,
        "Gross Profit": NaN,
        "Operating Income": -3,
        "EBIT": -3,
        "Net Income": -3
    },
    "2021-09-30": {
        "Diluted EPS": -0.46,
        "Total Revenue": NaN,
        "Gross Profit": NaN,
        "Operating Income": -5,
        "EBIT": -5,
        "Net Income": -5
    },
    "2021-06-30": {
        "Diluted EPS": -0.57,
        "Total Revenue": NaN,
        "Gross Profit": NaN,
        "Operating Income": -4,
        "EBIT": -4,
        "Net Income": -4
    },
    "2021-03-31": {
        "Diluted EPS": -0.21,
        "Total Revenue": NaN,
        "Gross Profit": NaN,
        "Operating Income": -1,
        "EBIT": -1,
        "Net Income": -1
    },
    "2020-12-31": {
        "Diluted EPS": -0.16,
        "Total Revenue": NaN,
        "Gross Profit": NaN,
        "Operating Income": -1,
        "EBIT": -1,
        "Net Income": -1
    },
    "2020-09-30": {
        "Diluted EPS": -0.21,
        "Total Revenue": NaN,
        "Gross Profit": NaN,
        "Operating Income": -1,
        "EBIT": -1,
        "Net Income": -1
    },
    "2020-06-30": {
        "Diluted EPS": -0.15,
        "Total Revenue": NaN,
        "Gross Profit": NaN,
        "Operating Income": -1,
        "EBIT": -1,
        "Net Income": -1
    },
    "2020-03-31": {
        "Diluted EPS": -0.22,
        "Total Revenue": NaN,
        "Gross Profit": NaN,
        "Operating Income": -1,
        "EBIT": -1,
        "Net Income": -1
    },
    "2019-12-31": {
        "Diluted EPS": 0.0,
        "Total Revenue": NaN,
        "Gross Profit": NaN,
        "Operating Income": NaN,
        "EBIT": NaN,
        "Net Income": NaN
    },
    "2023-06-30": {
        "Tax Effect Of Unusual Items": NaN,
        "Tax Rate For Calcs": NaN,
        "Normalized EBITDA": NaN,
        "Net Income From Continuing Operation Net Minority Interest": NaN,
        "EBITDA": NaN,
        "EBIT": NaN,
        "Normalized Income": NaN,
        "Net Income From Continuing And Discontinued Operation": NaN,
        "Total Expenses": NaN,
        "Diluted Average Shares": 12186481.0,
        "Basic Average Shares": 12186481.0,
        "Diluted EPS": -0.28,
        "Basic EPS": -0.28,
        "Diluted NI Availto Com Stockholders": NaN,
        "Net Income Common Stockholders": NaN,
        "Net Income": NaN,
        "Net Income Including Noncontrolling Interests": NaN,
        "Net Income Continuous Operations": NaN,
        "Pretax Income": NaN,
        "Operating Income": NaN,
        "Operating Expense": NaN,
        "Research And Development": NaN,
        "Selling General And Administration": NaN,
        "General And Administrative Expense": NaN,
        "Other Gand A": NaN,
        "Total Revenue": NaN,
        "Operating Revenue": NaN
    },
    "2023-09-30": {
        "Tax Effect Of Unusual Items": 0.0,
        "Tax Rate For Calcs": 0.0,
        "Normalized EBITDA": -3114981.0,
        "Net Income From Continuing Operation Net Minority Interest": -3114981.0,
        "EBITDA": -3114981.0,
        "EBIT": -3114981.0,
        "Normalized Income": -3114981.0,
        "Net Income From Continuing And Discontinued Operation": -3114981.0,
        "Total Expenses": 3114981.0,
        "Diluted Average Shares": 13005128.0,
        "Basic Average Shares": 13005128.0,
        "Diluted EPS": -0.24,
        "Basic EPS": -0.24,
        "Diluted NI Availto Com Stockholders": -3114981.0,
        "Net Income Common Stockholders": -3114981.0,
        "Net Income": -3114981.0,
        "Net Income Including Noncontrolling Interests": -3114981.0,
        "Net Income Continuous Operations": -3114981.0,
        "Pretax Income": -3114981.0,
        "Operating Income": -3114981.0,
        "Operating Expense": 3114981.0,
        "Research And Development": 1348985.0,
        "Selling General And Administration": 1765996.0,
        "General And Administrative Expense": 1765996.0,
        "Other Gand A": 1765996.0,
        "Total Revenue": 0.0,
        "Operating Revenue": 0.0
    },
    "2023-12-31": {
        "Tax Effect Of Unusual Items": 0.0,
        "Tax Rate For Calcs": 0.0,
        "Normalized EBITDA": -5114590.0,
        "Net Income From Continuing Operation Net Minority Interest": -5114590.0,
        "EBITDA": -5114590.0,
        "EBIT": -5114590.0,
        "Normalized Income": -5114590.0,
        "Net Income From Continuing And Discontinued Operation": -5114590.0,
        "Total Expenses": 5114590.0,
        "Diluted Average Shares": NaN,
        "Basic Average Shares": NaN,
        "Diluted EPS": NaN,
        "Basic EPS": NaN,
        "Diluted NI Availto Com Stockholders": -5114590.0,
        "Net Income Common Stockholders": -5114590.0,
        "Net Income": -5114590.0,
        "Net Income Including Noncontrolling Interests": -5114590.0,
        "Net Income Continuous Operations": -5114590.0,
        "Pretax Income": -5114590.0,
        "Operating Income": -5114590.0,
        "Operating Expense": 5114590.0,
        "Research And Development": 1942643.0,
        "Selling General And Administration": 3171947.0,
        "General And Administrative Expense": 3171947.0,
        "Other Gand A": 3171947.0,
        "Total Revenue": 0.0,
        "Operating Revenue": 0.0
    },
    "2024-03-31": {
        "Tax Effect Of Unusual Items": 0.0,
        "Tax Rate For Calcs": 0.0,
        "Normalized EBITDA": -4377889.0,
        "Net Income From Continuing Operation Net Minority Interest": -4377889.0,
        "EBITDA": -4377889.0,
        "EBIT": -4377889.0,
        "Normalized Income": -4377889.0,
        "Net Income From Continuing And Discontinued Operation": -4377889.0,
        "Total Expenses": 4377889.0,
        "Diluted Average Shares": 15472507.0,
        "Basic Average Shares": 15472507.0,
        "Diluted EPS": -0.28,
        "Basic EPS": -0.28,
        "Diluted NI Availto Com Stockholders": -4377889.0,
        "Net Income Common Stockholders": -4377889.0,
        "Net Income": -4377889.0,
        "Net Income Including Noncontrolling Interests": -4377889.0,
        "Net Income Continuous Operations": -4377889.0,
        "Pretax Income": -4377889.0,
        "Operating Income": -4377889.0,
        "Operating Expense": 4377889.0,
        "Research And Development": 1555011.0,
        "Selling General And Administration": 2822878.0,
        "General And Administrative Expense": 2822878.0,
        "Other Gand A": 2822878.0,
        "Total Revenue": 0.0,
        "Operating Revenue": 0.0
    },
    "2024-06-30": {
        "Tax Effect Of Unusual Items": 0.0,
        "Tax Rate For Calcs": 0.0,
        "Normalized EBITDA": -4121826.0,
        "Net Income From Continuing Operation Net Minority Interest": -4121826.0,
        "EBITDA": -4121826.0,
        "EBIT": -4121826.0,
        "Normalized Income": -4121826.0,
        "Net Income From Continuing And Discontinued Operation": -4121826.0,
        "Total Expenses": 4121826.0,
        "Diluted Average Shares": 15824654.0,
        "Basic Average Shares": 15824654.0,
        "Diluted EPS": -0.26,
        "Basic EPS": -0.26,
        "Diluted NI Availto Com Stockholders": -4121826.0,
        "Net Income Common Stockholders": -4121826.0,
        "Net Income": -4121826.0,
        "Net Income Including Noncontrolling Interests": -4121826.0,
        "Net Income Continuous Operations": -4121826.0,
        "Pretax Income": -4121826.0,
        "Operating Income": -4121826.0,
        "Operating Expense": 4121826.0,
        "Research And Development": 1825582.0,
        "Selling General And Administration": 2296244.0,
        "General And Administrative Expense": 2296244.0,
        "Other Gand A": 2296244.0,
        "Total Revenue": 0.0,
        "Operating Revenue": 0.0
    },
    "2024-09-30": {
        "Tax Effect Of Unusual Items": 0.0,
        "Tax Rate For Calcs": 0.0,
        "Normalized EBITDA": -2821597.0,
        "Net Income From Continuing Operation Net Minority Interest": -2821597.0,
        "EBITDA": -2821597.0,
        "EBIT": -2821597.0,
        "Normalized Income": -2821597.0,
        "Net Income From Continuing And Discontinued Operation": -2821597.0,
        "Total Expenses": 2821597.0,
        "Diluted Average Shares": 16363473.0,
        "Basic Average Shares": 16363473.0,
        "Diluted EPS": -0.17,
        "Basic EPS": -0.17,
        "Diluted NI Availto Com Stockholders": -2821597.0,
        "Net Income Common Stockholders": -2821597.0,
        "Net Income": -2821597.0,
        "Net Income Including Noncontrolling Interests": -2821597.0,
        "Net Income Continuous Operations": -2821597.0,
        "Pretax Income": -2821597.0,
        "Operating Income": -2821597.0,
        "Operating Expense": 2821597.0,
        "Research And Development": 1198184.0,
        "Selling General And Administration": 1623413.0,
        "General And Administrative Expense": 1623413.0,
        "Other Gand A": 1623413.0,
        "Total Revenue": 0.0,
        "Operating Revenue": 0.0
    }
}