{
    "2023-03-31": {
        "Tax Effect Of Unusual Items": NaN,
        "Tax Rate For Calcs": NaN,
        "Normalized EBITDA": NaN,
        "Total Unusual Items": NaN,
        "Total Unusual Items Excluding Goodwill": NaN,
        "Net Income From Continuing Operation Net Minority Interest": NaN,
        "Reconciled Depreciation": NaN,
        "EBITDA": NaN,
        "EBIT": NaN,
        "Net Interest Income": NaN,
        "Interest Expense": NaN,
        "Normalized Income": NaN,
        "Net Income From Continuing And Discontinued Operation": NaN,
        "Total Expenses": NaN,
        "Total Operating Income As Reported": NaN,
        "Diluted Average Shares": NaN,
        "Basic Average Shares": NaN,
        "Diluted EPS": NaN,
        "Basic EPS": NaN,
        "Diluted NI Availto Com Stockholders": NaN,
        "Net Income Common Stockholders": NaN,
        "Net Income": NaN,
        "Minority Interests": 0.0,
        "Net Income Including Noncontrolling Interests": NaN,
        "Net Income Discontinuous Operations": 0.0,
        "Net Income Continuous Operations": NaN,
        "Tax Provision": NaN,
        "Pretax Income": NaN,
        "Other Income Expense": NaN,
        "Other Non Operating Income Expenses": NaN,
        "Special Income Charges": NaN,
        "Other Special Charges": NaN,
        "Net Non Operating Interest Income Expense": NaN,
        "Interest Expense Non Operating": NaN,
        "Operating Income": NaN,
        "Operating Expense": NaN,
        "Depreciation Amortization Depletion Income Statement": NaN,
        "Depreciation And Amortization In Income Statement": NaN,
        "Amortization": NaN,
        "Amortization Of Intangibles Income Statement": NaN,
        "Research And Development": NaN,
        "Selling General And Administration": NaN,
        "Total Revenue": NaN,
        "Operating Revenue": NaN
    },
    "2022-12-31": {
        "Tax Effect Of Unusual Items": NaN,
        "Tax Rate For Calcs": NaN,
        "Normalized EBITDA": NaN,
        "Total Unusual Items": NaN,
        "Total Unusual Items Excluding Goodwill": NaN,
        "Net Income From Continuing Operation Net Minority Interest": NaN,
        "Reconciled Depreciation": NaN,
        "EBITDA": NaN,
        "EBIT": NaN,
        "Net Interest Income": NaN,
        "Interest Expense": NaN,
        "Normalized Income": NaN,
        "Net Income From Continuing And Discontinued Operation": NaN,
        "Total Expenses": NaN,
        "Total Operating Income As Reported": NaN,
        "Diluted Average Shares": NaN,
        "Basic Average Shares": NaN,
        "Diluted EPS": NaN,
        "Basic EPS": NaN,
        "Diluted NI Availto Com Stockholders": NaN,
        "Net Income Common Stockholders": NaN,
        "Net Income": NaN,
        "Minority Interests": 0.0,
        "Net Income Including Noncontrolling Interests": NaN,
        "Net Income Discontinuous Operations": NaN,
        "Net Income Continuous Operations": NaN,
        "Tax Provision": NaN,
        "Pretax Income": NaN,
        "Other Income Expense": NaN,
        "Other Non Operating Income Expenses": NaN,
        "Special Income Charges": NaN,
        "Other Special Charges": NaN,
        "Net Non Operating Interest Income Expense": NaN,
        "Interest Expense Non Operating": NaN,
        "Operating Income": NaN,
        "Operating Expense": NaN,
        "Depreciation Amortization Depletion Income Statement": NaN,
        "Depreciation And Amortization In Income Statement": NaN,
        "Amortization": NaN,
        "Amortization Of Intangibles Income Statement": NaN,
        "Research And Development": NaN,
        "Selling General And Administration": NaN,
        "Total Revenue": NaN,
        "Operating Revenue": NaN
    },
    "2022-09-30": {
        "Tax Effect Of Unusual Items": NaN,
        "Tax Rate For Calcs": NaN,
        "Normalized EBITDA": NaN,
        "Total Unusual Items": NaN,
        "Total Unusual Items Excluding Goodwill": NaN,
        "Net Income From Continuing Operation Net Minority Interest": NaN,
        "Reconciled Depreciation": NaN,
        "Reconciled Cost Of Revenue": 31554000.0,
        "EBITDA": NaN,
        "EBIT": NaN,
        "Net Interest Income": NaN,
        "Interest Expense": NaN,
        "Normalized Income": NaN,
        "Net Income From Continuing And Discontinued Operation": NaN,
        "Total Expenses": NaN,
        "Total Operating Income As Reported": NaN,
        "Diluted Average Shares": NaN,
        "Basic Average Shares": NaN,
        "Diluted EPS": NaN,
        "Basic EPS": NaN,
        "Diluted NI Availto Com Stockholders": NaN,
        "Net Income Common Stockholders": NaN,
        "Net Income": NaN,
        "Minority Interests": NaN,
        "Net Income Including Noncontrolling Interests": NaN,
        "Net Income Discontinuous Operations": -383476000.0,
        "Net Income Continuous Operations": NaN,
        "Tax Provision": NaN,
        "Pretax Income": NaN,
        "Other Income Expense": NaN,
        "Other Non Operating Income Expenses": NaN,
        "Special Income Charges": NaN,
        "Other Special Charges": NaN,
        "Impairment Of Capital Assets": 354000000.0,
        "Net Non Operating Interest Income Expense": NaN,
        "Interest Expense Non Operating": NaN,
        "Operating Income": NaN,
        "Operating Expense": NaN,
        "Depreciation Amortization Depletion Income Statement": NaN,
        "Depreciation And Amortization In Income Statement": NaN,
        "Amortization": NaN,
        "Amortization Of Intangibles Income Statement": NaN,
        "Depreciation Income Statement": 5388000.0,
        "Research And Development": NaN,
        "Selling General And Administration": NaN,
        "Gross Profit": 179387000.0,
        "Cost Of Revenue": 31554000.0,
        "Total Revenue": NaN,
        "Operating Revenue": NaN
    },
    "2022-06-30": {
        "Tax Effect Of Unusual Items": -1264400.0,
        "Tax Rate For Calcs": 0.4,
        "Normalized EBITDA": 72937000.0,
        "Total Unusual Items": -3161000.0,
        "Total Unusual Items Excluding Goodwill": -3161000.0,
        "Net Income From Continuing Operation Net Minority Interest": -5625000.0,
        "Reconciled Depreciation": 44671000.0,
        "Reconciled Cost Of Revenue": 27074000.0,
        "EBITDA": 69776000.0,
        "EBIT": 25105000.0,
        "Net Interest Income": -9440000.0,
        "Interest Expense": 9440000.0,
        "Normalized Income": -3728400.0,
        "Net Income From Continuing And Discontinued Operation": -5625000.0,
        "Total Expenses": 206006000.0,
        "Total Operating Income As Reported": 24851000.0,
        "Diluted Average Shares": 105160000.0,
        "Basic Average Shares": 104001000.0,
        "Diluted EPS": -0.06,
        "Basic EPS": -0.05,
        "Diluted NI Availto Com Stockholders": -5625000.0,
        "Net Income Common Stockholders": -5625000.0,
        "Net Income": -5625000.0,
        "Minority Interests": 848000.0,
        "Net Income Including Noncontrolling Interests": -6473000.0,
        "Net Income Discontinuous Operations": NaN,
        "Net Income Continuous Operations": -6473000.0,
        "Tax Provision": 22138000.0,
        "Pretax Income": 15665000.0,
        "Other Income Expense": -2907000.0,
        "Other Non Operating Income Expenses": 254000.0,
        "Special Income Charges": -3161000.0,
        "Other Special Charges": 3161000.0,
        "Impairment Of Capital Assets": NaN,
        "Net Non Operating Interest Income Expense": -9440000.0,
        "Interest Expense Non Operating": 9440000.0,
        "Operating Income": 28012000.0,
        "Operating Expense": 178932000.0,
        "Depreciation Amortization Depletion Income Statement": 44671000.0,
        "Depreciation And Amortization In Income Statement": 44671000.0,
        "Amortization": 39166000.0,
        "Amortization Of Intangibles Income Statement": 39166000.0,
        "Depreciation Income Statement": 5505000.0,
        "Research And Development": 62145000.0,
        "Selling General And Administration": 72116000.0,
        "Gross Profit": 206944000.0,
        "Cost Of Revenue": 27074000.0,
        "Total Revenue": 234018000.0,
        "Operating Revenue": 234018000.0
    },
    "2022-03-31": {
        "Diluted EPS": 0.24,
        "Total Revenue": 139,
        "Gross Profit": 139,
        "Operating Income": 69,
        "EBIT": 116,
        "Net Income": 25
    },
    "2021-12-31": {
        "Diluted EPS": -0.14,
        "Total Revenue": 90,
        "Gross Profit": 90,
        "Operating Income": 17,
        "EBIT": 69,
        "Net Income": -15
    },
    "2021-09-30": {
        "Diluted EPS": -0.43,
        "Total Revenue": 219,
        "Gross Profit": 187,
        "Operating Income": 4,
        "EBIT": 63,
        "Net Income": -45
    },
    "2021-06-30": {
        "Diluted EPS": -0.01,
        "Total Revenue": 222,
        "Gross Profit": 195,
        "Operating Income": 13,
        "EBIT": 71,
        "Net Income": -1
    },
    "2021-03-31": {
        "Diluted EPS": 0.05,
        "Total Revenue": 222,
        "Gross Profit": 193,
        "Operating Income": 10,
        "EBIT": 68,
        "Net Income": 5
    },
    "2020-12-31": {
        "Diluted EPS": 1.97,
        "Total Revenue": 58,
        "Gross Profit": 58,
        "Operating Income": 280,
        "EBIT": 337,
        "Net Income": 180
    },
    "2020-09-30": {
        "Diluted EPS": -0.28,
        "Total Revenue": 203,
        "Gross Profit": 169,
        "Operating Income": -19,
        "EBIT": 39,
        "Net Income": -30
    },
    "2020-06-30": {
        "Diluted EPS": -0.33,
        "Total Revenue": 138,
        "Gross Profit": 128,
        "Operating Income": -18,
        "EBIT": 18,
        "Net Income": -23
    },
    "2020-03-31": {
        "Diluted EPS": 0.39,
        "Total Revenue": 118,
        "Gross Profit": 116,
        "Operating Income": 25,
        "EBIT": 49,
        "Net Income": 19
    },
    "2019-12-31": {
        "Diluted EPS": -0.32,
        "Total Revenue": 91,
        "Gross Profit": 88,
        "Operating Income": -5,
        "EBIT": 21,
        "Net Income": -16
    },
    "2019-09-30": {
        "Diluted EPS": -0.32,
        "Total Revenue": 58,
        "Gross Profit": 56,
        "Operating Income": -26,
        "EBIT": 1,
        "Net Income": -16
    },
    "2019-06-30": {
        "Diluted EPS": -0.12,
        "Total Revenue": 75,
        "Gross Profit": 73,
        "Operating Income": -8,
        "EBIT": 19,
        "Net Income": -6
    },
    "2019-03-31": {
        "Diluted EPS": -0.51,
        "Total Revenue": 57,
        "Gross Profit": 54,
        "Operating Income": -30,
        "EBIT": -3,
        "Net Income": -25
    },
    "2018-12-31": {
        "Diluted EPS": 1.68,
        "Total Revenue": 204,
        "Gross Profit": 96,
        "Operating Income": 104,
        "EBIT": 132,
        "Net Income": 83
    },
    "2018-09-30": {
        "Diluted EPS": -0.44,
        "Total Revenue": 72,
        "Gross Profit": 67,
        "Operating Income": -20,
        "EBIT": 9,
        "Net Income": -22
    },
    "2018-06-30": {
        "Diluted EPS": -0.58,
        "Total Revenue": 64,
        "Gross Profit": 62,
        "Operating Income": -28,
        "EBIT": 0,
        "Net Income": -28
    },
    "2018-03-31": {
        "Diluted EPS": -0.67,
        "Total Revenue": 66,
        "Gross Profit": 63,
        "Operating Income": -32,
        "EBIT": -3,
        "Net Income": -33
    },
    "2017-12-31": {
        "Diluted EPS": 0.1,
        "Total Revenue": 127,
        "Gross Profit": 125,
        "Operating Income": 24,
        "EBIT": 51,
        "Net Income": 6
    },
    "2017-09-30": {
        "Diluted EPS": -0.24,
        "Total Revenue": 89,
        "Gross Profit": 87,
        "Operating Income": -10,
        "EBIT": 20,
        "Net Income": -12
    },
    "2017-06-30": {
        "Diluted EPS": -0.79,
        "Total Revenue": 91,
        "Gross Profit": 90,
        "Operating Income": -6,
        "EBIT": 26,
        "Net Income": -39
    },
    "2017-03-31": {
        "Diluted EPS": -0.22,
        "Total Revenue": 67,
        "Gross Profit": 66,
        "Operating Income": -40,
        "EBIT": -9,
        "Net Income": -11
    },
    "2016-12-31": {
        "Diluted EPS": -0.2,
        "Total Revenue": 70,
        "Gross Profit": 70,
        "Operating Income": -6,
        "EBIT": 11,
        "Net Income": -9
    },
    "2016-09-30": {
        "Diluted EPS": 0.48,
        "Total Revenue": 62,
        "Gross Profit": 62,
        "Operating Income": 35,
        "EBIT": 41,
        "Net Income": 24
    },
    "2016-06-30": {
        "Diluted EPS": 0.48,
        "Total Revenue": 67,
        "Gross Profit": 67,
        "Operating Income": 34,
        "EBIT": 41,
        "Net Income": 23
    },
    "2016-03-31": {
        "Diluted EPS": 0.36,
        "Total Revenue": 60,
        "Gross Profit": 60,
        "Operating Income": 26,
        "EBIT": 34,
        "Net Income": 18
    },
    "2015-12-31": {
        "Diluted EPS": 0.46,
        "Total Revenue": 62,
        "Gross Profit": 62,
        "Operating Income": 33,
        "EBIT": 40,
        "Net Income": 23
    },
    "2015-09-30": {
        "Diluted EPS": 0.62,
        "Total Revenue": 67,
        "Gross Profit": 67,
        "Operating Income": 40,
        "EBIT": 45,
        "Net Income": 32
    },
    "2015-06-30": {
        "Diluted EPS": 0.49,
        "Total Revenue": 64,
        "Gross Profit": 64,
        "Operating Income": 37,
        "EBIT": 42,
        "Net Income": 26
    },
    "2015-03-31": {
        "Diluted EPS": 0.66,
        "Total Revenue": 80,
        "Gross Profit": 80,
        "Operating Income": 52,
        "EBIT": 57,
        "Net Income": 36
    },
    "2014-12-31": {
        "Diluted EPS": 0.68,
        "Total Revenue": 60,
        "Gross Profit": 60,
        "Operating Income": 47,
        "EBIT": 52,
        "Net Income": 37
    },
    "2014-09-30": {
        "Diluted EPS": 2.04,
        "Total Revenue": 93,
        "Gross Profit": 93,
        "Operating Income": 62,
        "EBIT": 67,
        "Net Income": 109
    },
    "2014-06-30": {
        "Diluted EPS": 0.07,
        "Total Revenue": 37,
        "Gross Profit": 37,
        "Operating Income": 1,
        "EBIT": 7,
        "Net Income": 4
    },
    "2014-03-31": {
        "Diluted EPS": 0.39,
        "Total Revenue": 88,
        "Gross Profit": 88,
        "Operating Income": 56,
        "EBIT": 60,
        "Net Income": 21
    },
    "2013-12-31": {
        "Diluted EPS": -1.0,
        "Total Revenue": 56,
        "Gross Profit": 55,
        "Operating Income": 17,
        "EBIT": 28,
        "Net Income": -54
    },
    "2013-09-30": {
        "Diluted EPS": -1.31,
        "Total Revenue": 37,
        "Gross Profit": 36,
        "Operating Income": -1,
        "EBIT": 8,
        "Net Income": -71
    },
    "2013-06-30": {
        "Diluted EPS": -0.3,
        "Total Revenue": 47,
        "Gross Profit": 46,
        "Operating Income": -5,
        "EBIT": 5,
        "Net Income": -16
    },
    "2013-03-31": {
        "Diluted EPS": -0.85,
        "Total Revenue": 29,
        "Gross Profit": 28,
        "Operating Income": -18,
        "EBIT": 1,
        "Net Income": -45
    },
    "2012-12-31": {
        "Diluted EPS": -0.39,
        "Total Revenue": 48,
        "Gross Profit": 46,
        "Operating Income": -19,
        "EBIT": -8,
        "Net Income": -21
    },
    "2012-09-30": {
        "Diluted EPS": -0.02,
        "Total Revenue": 60,
        "Gross Profit": 58,
        "Operating Income": 4,
        "EBIT": 16,
        "Net Income": -1
    },
    "2012-06-30": {
        "Diluted EPS": -0.01,
        "Total Revenue": 58,
        "Gross Profit": 56,
        "Operating Income": 5,
        "EBIT": 14,
        "Net Income": 0
    },
    "2012-03-31": {
        "Diluted EPS": -0.16,
        "Total Revenue": 47,
        "Gross Profit": 41,
        "Operating Income": -11,
        "EBIT": -1,
        "Net Income": -8
    },
    "2011-12-31": {
        "Diluted EPS": 0.05,
        "Total Revenue": 57,
        "Gross Profit": 50,
        "Operating Income": 2,
        "EBIT": 9,
        "Net Income": 3
    },
    "2011-09-30": {
        "Diluted EPS": -0.87,
        "Total Revenue": 59,
        "Gross Profit": 54,
        "Operating Income": -47,
        "EBIT": 9,
        "Net Income": -45
    },
    "2011-06-30": {
        "Diluted EPS": 0.23,
        "Total Revenue": 71,
        "Gross Profit": 65,
        "Operating Income": 17,
        "EBIT": 23,
        "Net Income": 12
    },
    "2011-03-31": {
        "Diluted EPS": 0.22,
        "Total Revenue": 68,
        "Gross Profit": 62,
        "Operating Income": 16,
        "EBIT": 23,
        "Net Income": 11
    },
    "2010-12-31": {
        "Diluted EPS": 0.26,
        "Total Revenue": 80,
        "Gross Profit": 75,
        "Operating Income": 25,
        "EBIT": 32,
        "Net Income": 14
    },
    "2010-09-30": {
        "Diluted EPS": 0.38,
        "Total Revenue": 82,
        "Gross Profit": 77,
        "Operating Income": 32,
        "EBIT": 39,
        "Net Income": 19
    },
    "2010-06-30": {
        "Diluted EPS": 0.3,
        "Total Revenue": 75,
        "Gross Profit": 69,
        "Operating Income": 26,
        "EBIT": 33,
        "Net Income": 15
    },
    "2010-03-31": {
        "Diluted EPS": 0.2,
        "Total Revenue": 64,
        "Gross Profit": 59,
        "Operating Income": 17,
        "EBIT": 23,
        "Net Income": 10
    },
    "2009-12-31": {
        "Diluted EPS": 0.12,
        "Total Revenue": 56,
        "Gross Profit": 51,
        "Operating Income": 11,
        "EBIT": 17,
        "Net Income": 6
    },
    "2009-09-30": {
        "Diluted EPS": 0.24,
        "Total Revenue": 66,
        "Gross Profit": 62,
        "Operating Income": 20,
        "EBIT": 25,
        "Net Income": 12
    },
    "2009-06-30": {
        "Diluted EPS": 0.24,
        "Total Revenue": 62,
        "Gross Profit": 58,
        "Operating Income": 19,
        "EBIT": 24,
        "Net Income": 12
    },
    "2009-03-31": {
        "Diluted EPS": 0.82,
        "Total Revenue": 115,
        "Gross Profit": 110,
        "Operating Income": 68,
        "EBIT": 73,
        "Net Income": 39
    },
    "2023-06-30": {
        "Tax Effect Of Unusual Items": -490140.0,
        "Tax Rate For Calcs": 0.21,
        "Normalized EBITDA": 45709000.0,
        "Total Unusual Items": -2334000.0,
        "Total Unusual Items Excluding Goodwill": -2334000.0,
        "Net Income From Continuing Operation Net Minority Interest": 1419000.0,
        "Reconciled Depreciation": 24035000.0,
        "EBITDA": 43375000.0,
        "EBIT": 19340000.0,
        "Net Interest Income": -15540000.0,
        "Interest Expense": 15540000.0,
        "Normalized Income": 3262860.0,
        "Net Income From Continuing And Discontinued Operation": 1419000.0,
        "Total Expenses": 63160000.0,
        "Total Operating Income As Reported": 17723000.0,
        "Diluted Average Shares": 112775000.0,
        "Basic Average Shares": 106464000.0,
        "Diluted EPS": 0.01,
        "Basic EPS": 0.01,
        "Diluted NI Availto Com Stockholders": 1419000.0,
        "Net Income Common Stockholders": 1419000.0,
        "Net Income": 1419000.0,
        "Minority Interests": 0.0,
        "Net Income Including Noncontrolling Interests": 1419000.0,
        "Net Income Discontinuous Operations": 0.0,
        "Net Income Continuous Operations": 1419000.0,
        "Tax Provision": 2381000.0,
        "Pretax Income": 3800000.0,
        "Other Income Expense": -717000.0,
        "Other Non Operating Income Expenses": 1617000.0,
        "Special Income Charges": -2334000.0,
        "Other Special Charges": 2334000.0,
        "Net Non Operating Interest Income Expense": -15540000.0,
        "Interest Expense Non Operating": 15540000.0,
        "Operating Income": 20057000.0,
        "Operating Expense": 63160000.0,
        "Depreciation Amortization Depletion Income Statement": 23650000.0,
        "Depreciation And Amortization In Income Statement": 23650000.0,
        "Amortization": 23650000.0,
        "Amortization Of Intangibles Income Statement": 23650000.0,
        "Research And Development": 13116000.0,
        "Selling General And Administration": 26394000.0,
        "Total Revenue": 83217000.0,
        "Operating Revenue": 83217000.0
    },
    "2023-09-30": {
        "Tax Effect Of Unusual Items": -145530.0,
        "Tax Rate For Calcs": 0.066,
        "Normalized EBITDA": 67576000.0,
        "Total Unusual Items": -2205000.0,
        "Total Unusual Items Excluding Goodwill": -2205000.0,
        "Net Income From Continuing Operation Net Minority Interest": 24232000.0,
        "Reconciled Depreciation": 23768000.0,
        "EBITDA": 65371000.0,
        "EBIT": 41603000.0,
        "Net Interest Income": -15659000.0,
        "Interest Expense": 15659000.0,
        "Normalized Income": 26291470.0,
        "Net Income From Continuing And Discontinued Operation": 24232000.0,
        "Total Expenses": 59075000.0,
        "Total Operating Income As Reported": 40117000.0,
        "Diluted Average Shares": 112929000.0,
        "Basic Average Shares": 106902000.0,
        "Diluted EPS": 0.21,
        "Basic EPS": 0.23,
        "Diluted NI Availto Com Stockholders": 24232000.0,
        "Net Income Common Stockholders": 24232000.0,
        "Net Income": 24232000.0,
        "Minority Interests": 0.0,
        "Net Income Including Noncontrolling Interests": 24232000.0,
        "Net Income Discontinuous Operations": 0.0,
        "Net Income Continuous Operations": 24232000.0,
        "Tax Provision": 1712000.0,
        "Pretax Income": 25944000.0,
        "Other Income Expense": -719000.0,
        "Other Non Operating Income Expenses": 1486000.0,
        "Special Income Charges": -2205000.0,
        "Other Special Charges": 2205000.0,
        "Net Non Operating Interest Income Expense": -15659000.0,
        "Interest Expense Non Operating": 15659000.0,
        "Operating Income": 42322000.0,
        "Operating Expense": 59075000.0,
        "Depreciation Amortization Depletion Income Statement": 23386000.0,
        "Depreciation And Amortization In Income Statement": 23386000.0,
        "Amortization": 23386000.0,
        "Amortization Of Intangibles Income Statement": 23386000.0,
        "Research And Development": 13768000.0,
        "Selling General And Administration": 21921000.0,
        "Total Revenue": 101397000.0,
        "Operating Revenue": 101397000.0
    },
    "2023-12-31": {
        "Tax Effect Of Unusual Items": -456120.0,
        "Tax Rate For Calcs": 0.21,
        "Normalized EBITDA": 50434000.0,
        "Total Unusual Items": -2172000.0,
        "Total Unusual Items Excluding Goodwill": -2172000.0,
        "Net Income From Continuing Operation Net Minority Interest": 12700000.0,
        "Reconciled Depreciation": 23398000.0,
        "EBITDA": 48262000.0,
        "EBIT": 24864000.0,
        "Net Interest Income": -15437000.0,
        "Interest Expense": 15437000.0,
        "Normalized Income": 14415880.0,
        "Net Income From Continuing And Discontinued Operation": 12700000.0,
        "Total Expenses": 61428000.0,
        "Total Operating Income As Reported": 23267000.0,
        "Diluted Average Shares": 112833000.0,
        "Basic Average Shares": 107242000.0,
        "Diluted EPS": 0.11,
        "Basic EPS": 0.12,
        "Diluted NI Availto Com Stockholders": 12700000.0,
        "Net Income Common Stockholders": 12700000.0,
        "Net Income": 12700000.0,
        "Minority Interests": 0.0,
        "Net Income Including Noncontrolling Interests": 12700000.0,
        "Net Income Discontinuous Operations": 0.0,
        "Net Income Continuous Operations": 12700000.0,
        "Tax Provision": -3273000.0,
        "Pretax Income": 9427000.0,
        "Other Income Expense": -575000.0,
        "Other Non Operating Income Expenses": 1597000.0,
        "Special Income Charges": -2172000.0,
        "Other Special Charges": 2172000.0,
        "Net Non Operating Interest Income Expense": -15437000.0,
        "Interest Expense Non Operating": 15437000.0,
        "Operating Income": 25439000.0,
        "Operating Expense": 61428000.0,
        "Depreciation Amortization Depletion Income Statement": 23010000.0,
        "Depreciation And Amortization In Income Statement": 23010000.0,
        "Amortization": 23010000.0,
        "Amortization Of Intangibles Income Statement": 23010000.0,
        "Research And Development": 14369000.0,
        "Selling General And Administration": 24049000.0,
        "Total Revenue": 86867000.0,
        "Operating Revenue": 86867000.0
    },
    "2024-03-31": {
        "Tax Effect Of Unusual Items": -615300.0,
        "Tax Rate For Calcs": 0.21,
        "Normalized EBITDA": 47371000.0,
        "Total Unusual Items": -2930000.0,
        "Total Unusual Items Excluding Goodwill": -2930000.0,
        "Net Income From Continuing Operation Net Minority Interest": 899000.0,
        "Reconciled Depreciation": 23677000.0,
        "EBITDA": 44441000.0,
        "EBIT": 20764000.0,
        "Net Interest Income": -14175000.0,
        "Interest Expense": 14175000.0,
        "Normalized Income": 3213700.0,
        "Net Income From Continuing And Discontinued Operation": 899000.0,
        "Total Expenses": 61111000.0,
        "Total Operating Income As Reported": 19364000.0,
        "Diluted Average Shares": 112977000.0,
        "Basic Average Shares": 107765000.0,
        "Diluted EPS": 0.01,
        "Basic EPS": 0.01,
        "Diluted NI Availto Com Stockholders": 899000.0,
        "Net Income Common Stockholders": 899000.0,
        "Net Income": 899000.0,
        "Minority Interests": NaN,
        "Net Income Including Noncontrolling Interests": 899000.0,
        "Net Income Discontinuous Operations": NaN,
        "Net Income Continuous Operations": 899000.0,
        "Tax Provision": 5690000.0,
        "Pretax Income": 6589000.0,
        "Other Income Expense": -1530000.0,
        "Other Non Operating Income Expenses": 1400000.0,
        "Special Income Charges": -2930000.0,
        "Other Special Charges": 2930000.0,
        "Net Non Operating Interest Income Expense": -14175000.0,
        "Interest Expense Non Operating": 14175000.0,
        "Operating Income": 22294000.0,
        "Operating Expense": 61111000.0,
        "Depreciation Amortization Depletion Income Statement": 23157000.0,
        "Depreciation And Amortization In Income Statement": 23157000.0,
        "Amortization": 23157000.0,
        "Amortization Of Intangibles Income Statement": 23157000.0,
        "Research And Development": 13925000.0,
        "Selling General And Administration": 24029000.0,
        "Total Revenue": 83405000.0,
        "Operating Revenue": 83405000.0
    },
    "2024-06-30": {
        "Tax Effect Of Unusual Items": -1225900.0,
        "Tax Rate For Calcs": 0.26,
        "Normalized EBITDA": 49852000.0,
        "Total Unusual Items": -4715000.0,
        "Total Unusual Items Excluding Goodwill": -4715000.0,
        "Net Income From Continuing Operation Net Minority Interest": 8382000.0,
        "Reconciled Depreciation": 20520000.0,
        "EBITDA": 45137000.0,
        "EBIT": 24617000.0,
        "Net Interest Income": -13296000.0,
        "Interest Expense": 13296000.0,
        "Normalized Income": 11871100.0,
        "Net Income From Continuing And Discontinued Operation": 8382000.0,
        "Total Expenses": 59446000.0,
        "Total Operating Income As Reported": 23642000.0,
        "Diluted Average Shares": 112536000.0,
        "Basic Average Shares": 108667000.0,
        "Diluted EPS": 0.07,
        "Basic EPS": 0.08,
        "Diluted NI Availto Com Stockholders": 8382000.0,
        "Net Income Common Stockholders": 8382000.0,
        "Net Income": 8382000.0,
        "Minority Interests": NaN,
        "Net Income Including Noncontrolling Interests": 8382000.0,
        "Net Income Discontinuous Operations": NaN,
        "Net Income Continuous Operations": 8382000.0,
        "Tax Provision": 2939000.0,
        "Pretax Income": 11321000.0,
        "Other Income Expense": -3287000.0,
        "Other Non Operating Income Expenses": 1428000.0,
        "Special Income Charges": -4715000.0,
        "Other Special Charges": 4715000.0,
        "Net Non Operating Interest Income Expense": -13296000.0,
        "Interest Expense Non Operating": 13296000.0,
        "Operating Income": 27904000.0,
        "Operating Expense": 59446000.0,
        "Depreciation Amortization Depletion Income Statement": 20030000.0,
        "Depreciation And Amortization In Income Statement": 20030000.0,
        "Amortization": 20030000.0,
        "Amortization Of Intangibles Income Statement": 20030000.0,
        "Research And Development": 14799000.0,
        "Selling General And Administration": 24617000.0,
        "Total Revenue": 87350000.0,
        "Operating Revenue": 87350000.0
    }
}