{
    "2023-03-31": {
        "Tax Effect Of Unusual Items": 11793.52871,
        "Tax Rate For Calcs": 0.004376,
        "Normalized EBITDA": -7565000.0,
        "Total Unusual Items": 2695000.0,
        "Total Unusual Items Excluding Goodwill": 2695000.0,
        "Net Income From Continuing Operation Net Minority Interest": -7508000.0,
        "Reconciled Depreciation": 2137000.0,
        "Reconciled Cost Of Revenue": 17175000.0,
        "EBIT": -7007000.0,
        "Net Interest Income": -534000.0,
        "Interest Expense": 534000.0,
        "Normalized Income": -10191206.47129,
        "Net Income From Continuing And Discontinued Operation": -7508000.0,
        "Total Expenses": 31327000.0,
        "Total Operating Income As Reported": -7827000.0,
        "Diluted Average Shares": 23770000.0,
        "Basic Average Shares": 23770000.0,
        "Diluted EPS": -0.32,
        "Basic EPS": -0.32,
        "Diluted NI Availto Com Stockholders": -7508000.0,
        "Net Income Common Stockholders": -7508000.0,
        "Net Income": -7508000.0,
        "Net Income Including Noncontrolling Interests": -7508000.0,
        "Net Income Continuous Operations": -7508000.0,
        "Tax Provision": -33000.0,
        "Pretax Income": -7541000.0,
        "Other Income Expense": 3515000.0,
        "Other Non Operating Income Expenses": 182000.0,
        "Special Income Charges": 2695000.0,
        "Gain On Sale Of Business": 2695000.0,
        "Earnings From Equity Interest": 638000.0,
        "Net Non Operating Interest Income Expense": -534000.0,
        "Interest Expense Non Operating": 534000.0,
        "Operating Income": -10522000.0,
        "Operating Expense": 14152000.0,
        "Other Operating Expenses": NaN,
        "Depreciation Amortization Depletion Income Statement": 2137000.0,
        "Selling General And Administration": 12015000.0,
        "General And Administrative Expense": 12015000.0,
        "Other Gand A": 7316000.0,
        "Salaries And Wages": 4699000.0,
        "Gross Profit": 3630000.0,
        "Cost Of Revenue": 17175000.0,
        "Total Revenue": 20805000.0,
        "Operating Revenue": 20805000.0
    },
    "2022-12-31": {
        "Tax Effect Of Unusual Items": 0.0,
        "Tax Rate For Calcs": 0.4,
        "Normalized EBITDA": -1230000.0,
        "Total Unusual Items": 0.0,
        "Total Unusual Items Excluding Goodwill": 0.0,
        "Net Income From Continuing Operation Net Minority Interest": -3167000.0,
        "Reconciled Depreciation": 1651000.0,
        "Reconciled Cost Of Revenue": 17473000.0,
        "EBIT": -2881000.0,
        "Net Interest Income": 162000.0,
        "Interest Expense": 77000.0,
        "Normalized Income": -3167000.0,
        "Net Income From Continuing And Discontinued Operation": -3167000.0,
        "Total Expenses": 26783000.0,
        "Total Operating Income As Reported": -3374000.0,
        "Diluted Average Shares": 18507000.0,
        "Basic Average Shares": 18507000.0,
        "Diluted EPS": -0.17,
        "Basic EPS": -0.17,
        "Diluted NI Availto Com Stockholders": -3167000.0,
        "Net Income Common Stockholders": -3167000.0,
        "Net Income": -3167000.0,
        "Net Income Including Noncontrolling Interests": -3167000.0,
        "Net Income Continuous Operations": -3167000.0,
        "Tax Provision": 209000.0,
        "Pretax Income": -2958000.0,
        "Other Income Expense": 254000.0,
        "Other Non Operating Income Expenses": -65000.0,
        "Special Income Charges": 0.0,
        "Gain On Sale Of Business": NaN,
        "Earnings From Equity Interest": 319000.0,
        "Net Non Operating Interest Income Expense": 162000.0,
        "Interest Expense Non Operating": 77000.0,
        "Operating Income": -3374000.0,
        "Operating Expense": 9310000.0,
        "Other Operating Expenses": 0.0,
        "Depreciation Amortization Depletion Income Statement": 1651000.0,
        "Selling General And Administration": 7659000.0,
        "General And Administrative Expense": 7659000.0,
        "Other Gand A": 4577000.0,
        "Salaries And Wages": 3082000.0,
        "Gross Profit": 5936000.0,
        "Cost Of Revenue": 17473000.0,
        "Total Revenue": 23409000.0,
        "Operating Revenue": 23409000.0
    },
    "2022-09-30": {
        "Tax Effect Of Unusual Items": 0.0,
        "Tax Rate For Calcs": 0.0,
        "Normalized EBITDA": -637000.0,
        "Total Unusual Items": 0.0,
        "Total Unusual Items Excluding Goodwill": 0.0,
        "Net Income From Continuing Operation Net Minority Interest": -2391000.0,
        "Reconciled Depreciation": 1671000.0,
        "Reconciled Cost Of Revenue": 21575000.0,
        "EBIT": -2308000.0,
        "Net Interest Income": -83000.0,
        "Interest Expense": 83000.0,
        "Normalized Income": -2391000.0,
        "Net Income From Continuing And Discontinued Operation": -2391000.0,
        "Total Expenses": 31060000.0,
        "Total Operating Income As Reported": -2623000.0,
        "Diluted Average Shares": 18487000.0,
        "Basic Average Shares": 18487000.0,
        "Diluted EPS": -0.13,
        "Basic EPS": -0.13,
        "Diluted NI Availto Com Stockholders": -2391000.0,
        "Net Income Common Stockholders": -2391000.0,
        "Net Income": -2391000.0,
        "Net Income Including Noncontrolling Interests": -2391000.0,
        "Net Income Continuous Operations": -2391000.0,
        "Tax Provision": 0.0,
        "Pretax Income": -2391000.0,
        "Other Income Expense": 315000.0,
        "Other Non Operating Income Expenses": 315000.0,
        "Special Income Charges": 0.0,
        "Gain On Sale Of Business": NaN,
        "Earnings From Equity Interest": 0.0,
        "Net Non Operating Interest Income Expense": -83000.0,
        "Interest Expense Non Operating": 83000.0,
        "Operating Income": -2623000.0,
        "Operating Expense": 9485000.0,
        "Other Operating Expenses": NaN,
        "Depreciation Amortization Depletion Income Statement": 1671000.0,
        "Selling General And Administration": 7814000.0,
        "General And Administrative Expense": 7814000.0,
        "Other Gand A": 5501000.0,
        "Salaries And Wages": 2313000.0,
        "Gross Profit": 6862000.0,
        "Cost Of Revenue": 21575000.0,
        "Total Revenue": 28437000.0,
        "Operating Revenue": 28437000.0
    },
    "2022-06-30": {
        "Tax Effect Of Unusual Items": 0.0,
        "Tax Rate For Calcs": 0.0,
        "Normalized EBITDA": 1352000.0,
        "Total Unusual Items": NaN,
        "Total Unusual Items Excluding Goodwill": NaN,
        "Net Income From Continuing Operation Net Minority Interest": -326000.0,
        "Reconciled Depreciation": 1588000.0,
        "Reconciled Cost Of Revenue": 19910000.0,
        "EBIT": -236000.0,
        "Net Interest Income": -90000.0,
        "Interest Expense": 90000.0,
        "Normalized Income": -326000.0,
        "Net Income From Continuing And Discontinued Operation": -326000.0,
        "Total Expenses": 27475000.0,
        "Total Operating Income As Reported": -2736000.0,
        "Diluted Average Shares": 18473000.0,
        "Basic Average Shares": 18473000.0,
        "Diluted EPS": -0.02,
        "Basic EPS": -0.02,
        "Diluted NI Availto Com Stockholders": -326000.0,
        "Net Income Common Stockholders": -326000.0,
        "Net Income": -326000.0,
        "Net Income Including Noncontrolling Interests": -326000.0,
        "Net Income Continuous Operations": -326000.0,
        "Tax Provision": 0.0,
        "Pretax Income": -326000.0,
        "Other Income Expense": 2500000.0,
        "Other Non Operating Income Expenses": 111000.0,
        "Special Income Charges": NaN,
        "Gain On Sale Of Business": NaN,
        "Earnings From Equity Interest": 2389000.0,
        "Net Non Operating Interest Income Expense": -90000.0,
        "Interest Expense Non Operating": 90000.0,
        "Operating Income": -2736000.0,
        "Operating Expense": 7565000.0,
        "Other Operating Expenses": 34000.0,
        "Depreciation Amortization Depletion Income Statement": 1588000.0,
        "Selling General And Administration": 5943000.0,
        "General And Administrative Expense": 5943000.0,
        "Other Gand A": 3424000.0,
        "Salaries And Wages": 2519000.0,
        "Gross Profit": 4829000.0,
        "Cost Of Revenue": 19910000.0,
        "Total Revenue": 24739000.0,
        "Operating Revenue": 24739000.0
    },
    "2022-03-31": {
        "Diluted EPS": -0.17,
        "Total Revenue": 26,
        "Gross Profit": 5,
        "Operating Income": -3,
        "EBIT": -2,
        "Net Income": -3
    },
    "2021-12-31": {
        "Diluted EPS": 0.31,
        "Total Revenue": 26,
        "Gross Profit": 9,
        "Operating Income": 1,
        "EBIT": 3,
        "Net Income": 6
    },
    "2021-09-30": {
        "Diluted EPS": 1.31,
        "Total Revenue": 31,
        "Gross Profit": 11,
        "Operating Income": 3,
        "EBIT": 5,
        "Net Income": 24
    },
    "2021-06-30": {
        "Diluted EPS": 0.9,
        "Total Revenue": 21,
        "Gross Profit": 6,
        "Operating Income": 0,
        "EBIT": 3,
        "Net Income": 17
    },
    "2021-03-31": {
        "Diluted EPS": 0.75,
        "Total Revenue": 23,
        "Gross Profit": 9,
        "Operating Income": 0,
        "EBIT": 3,
        "Net Income": 14
    },
    "2020-12-31": {
        "Diluted EPS": 0.04,
        "Total Revenue": 24,
        "Gross Profit": 8,
        "Operating Income": 2,
        "EBIT": 5,
        "Net Income": 0
    },
    "2020-09-30": {
        "Diluted EPS": 0.27,
        "Total Revenue": 19,
        "Gross Profit": 4,
        "Operating Income": -3,
        "EBIT": -1,
        "Net Income": 5
    },
    "2020-06-30": {
        "Diluted EPS": -1.32,
        "Total Revenue": 11,
        "Gross Profit": 4,
        "Operating Income": -31,
        "EBIT": -29,
        "Net Income": -24
    },
    "2020-03-31": {
        "Diluted EPS": -0.11,
        "Total Revenue": 12,
        "Gross Profit": 1,
        "Operating Income": -9,
        "EBIT": -6,
        "Net Income": -2
    },
    "2019-12-31": {
        "Diluted EPS": 0.5,
        "Total Revenue": 16,
        "Gross Profit": 5,
        "Operating Income": -5,
        "EBIT": -2,
        "Net Income": 9
    },
    "2019-09-30": {
        "Diluted EPS": 0.21,
        "Total Revenue": 19,
        "Gross Profit": 7,
        "Operating Income": -2,
        "EBIT": 0,
        "Net Income": 4
    },
    "2019-06-30": {
        "Diluted EPS": 0.44,
        "Total Revenue": 16,
        "Gross Profit": 3,
        "Operating Income": -4,
        "EBIT": -3,
        "Net Income": 8
    },
    "2019-03-31": {
        "Diluted EPS": 0.78,
        "Total Revenue": 19,
        "Gross Profit": 5,
        "Operating Income": -4,
        "EBIT": -1,
        "Net Income": 14
    },
    "2018-12-31": {
        "Diluted EPS": 0.36,
        "Total Revenue": 11,
        "Gross Profit": 7,
        "Operating Income": -3,
        "EBIT": -3,
        "Net Income": 7
    },
    "2018-09-30": {
        "Diluted EPS": 0.28,
        "Total Revenue": 5,
        "Gross Profit": 4,
        "Operating Income": 0,
        "EBIT": 0,
        "Net Income": 6
    },
    "2018-06-30": {
        "Diluted EPS": 0.75,
        "Total Revenue": 4,
        "Gross Profit": 4,
        "Operating Income": -2,
        "EBIT": -1,
        "Net Income": 15
    },
    "2018-03-31": {
        "Diluted EPS": 0.37,
        "Total Revenue": 4,
        "Gross Profit": 3,
        "Operating Income": -2,
        "EBIT": -2,
        "Net Income": 8
    },
    "2017-12-31": {
        "Diluted EPS": 0.33,
        "Total Revenue": 4,
        "Gross Profit": 3,
        "Operating Income": -1,
        "EBIT": -1,
        "Net Income": 7
    },
    "2017-09-30": {
        "Diluted EPS": 0.28,
        "Total Revenue": 5,
        "Gross Profit": 3,
        "Operating Income": -1,
        "EBIT": -1,
        "Net Income": 6
    },
    "2017-06-30": {
        "Diluted EPS": 0.29,
        "Total Revenue": 27,
        "Gross Profit": 4,
        "Operating Income": 0,
        "EBIT": 0,
        "Net Income": 6
    },
    "2017-03-31": {
        "Diluted EPS": 0.39,
        "Total Revenue": 9,
        "Gross Profit": 3,
        "Operating Income": -2,
        "EBIT": -1,
        "Net Income": 9
    },
    "2016-12-31": {
        "Diluted EPS": 3.36,
        "Total Revenue": 4,
        "Gross Profit": 0,
        "Operating Income": -5,
        "EBIT": -3,
        "Net Income": 76
    },
    "2016-09-30": {
        "Diluted EPS": 0.43,
        "Total Revenue": 16,
        "Gross Profit": 2,
        "Operating Income": -3,
        "EBIT": -3,
        "Net Income": 10
    },
    "2016-06-30": {
        "Diluted EPS": 0.35,
        "Total Revenue": 9,
        "Gross Profit": 3,
        "Operating Income": -5,
        "EBIT": -3,
        "Net Income": 8
    },
    "2016-03-31": {
        "Diluted EPS": 0.2,
        "Total Revenue": 22,
        "Gross Profit": 5,
        "Operating Income": -3,
        "EBIT": -3,
        "Net Income": 4
    },
    "2015-12-31": {
        "Diluted EPS": -0.12,
        "Total Revenue": 13,
        "Gross Profit": 6,
        "Operating Income": -7,
        "EBIT": -4,
        "Net Income": -3
    },
    "2015-09-30": {
        "Diluted EPS": -0.4,
        "Total Revenue": 13,
        "Gross Profit": 2,
        "Operating Income": -10,
        "EBIT": -9,
        "Net Income": -9
    },
    "2015-06-30": {
        "Diluted EPS": -0.57,
        "Total Revenue": 15,
        "Gross Profit": 1,
        "Operating Income": -18,
        "EBIT": -17,
        "Net Income": -12
    },
    "2015-03-31": {
        "Diluted EPS": -0.28,
        "Total Revenue": 22,
        "Gross Profit": 6,
        "Operating Income": -7,
        "EBIT": -6,
        "Net Income": -6
    },
    "2014-12-31": {
        "Diluted EPS": 0.22,
        "Total Revenue": 4,
        "Gross Profit": 1,
        "Operating Income": -16,
        "EBIT": -15,
        "Net Income": 5
    },
    "2014-09-30": {
        "Diluted EPS": -0.17,
        "Total Revenue": 9,
        "Gross Profit": 3,
        "Operating Income": -10,
        "EBIT": -10,
        "Net Income": -4
    },
    "2014-06-30": {
        "Diluted EPS": 0.04,
        "Total Revenue": 3,
        "Gross Profit": 1,
        "Operating Income": -8,
        "EBIT": -8,
        "Net Income": 1
    },
    "2014-03-31": {
        "Diluted EPS": -0.03,
        "Total Revenue": 1,
        "Gross Profit": 1,
        "Operating Income": -8,
        "EBIT": -7,
        "Net Income": -1
    },
    "2013-12-31": {
        "Diluted EPS": -0.59,
        "Total Revenue": -189,
        "Gross Profit": -40,
        "Operating Income": -41,
        "EBIT": -43,
        "Net Income": -12
    },
    "2013-09-30": {
        "Diluted EPS": 0.08,
        "Total Revenue": 75,
        "Gross Profit": 19,
        "Operating Income": 8,
        "EBIT": 9,
        "Net Income": 2
    },
    "2013-06-30": {
        "Diluted EPS": -0.16,
        "Total Revenue": 59,
        "Gross Profit": 11,
        "Operating Income": 1,
        "EBIT": 2,
        "Net Income": -3
    },
    "2013-03-31": {
        "Diluted EPS": -0.11,
        "Total Revenue": 68,
        "Gross Profit": 10,
        "Operating Income": 0,
        "EBIT": 2,
        "Net Income": -2
    },
    "2012-12-31": {
        "Diluted EPS": -0.27,
        "Total Revenue": -129,
        "Gross Profit": -10,
        "Operating Income": -12,
        "EBIT": -14,
        "Net Income": -5
    },
    "2012-09-30": {
        "Diluted EPS": -0.2,
        "Total Revenue": 74,
        "Gross Profit": 4,
        "Operating Income": -3,
        "EBIT": -2,
        "Net Income": -4
    },
    "2012-06-30": {
        "Diluted EPS": -0.07,
        "Total Revenue": 53,
        "Gross Profit": 7,
        "Operating Income": 2,
        "EBIT": 3,
        "Net Income": -1
    },
    "2012-03-31": {
        "Diluted EPS": -0.12,
        "Total Revenue": 18,
        "Gross Profit": 4,
        "Operating Income": -1,
        "EBIT": 0,
        "Net Income": -2
    },
    "2011-12-31": {
        "Diluted EPS": 1.22,
        "Total Revenue": 25,
        "Gross Profit": 5,
        "Operating Income": 0,
        "EBIT": 1,
        "Net Income": 17
    },
    "2011-09-30": {
        "Diluted EPS": -0.3,
        "Total Revenue": 13,
        "Gross Profit": 7,
        "Operating Income": 4,
        "EBIT": 4,
        "Net Income": -5
    },
    "2011-06-30": {
        "Diluted EPS": 0.41,
        "Total Revenue": 7,
        "Gross Profit": 5,
        "Operating Income": -2,
        "EBIT": -2,
        "Net Income": 6
    },
    "2011-03-31": {
        "Diluted EPS": -2.76,
        "Total Revenue": 8,
        "Gross Profit": 7,
        "Operating Income": 2,
        "EBIT": 2,
        "Net Income": -42
    },
    "2010-12-31": {
        "Diluted EPS": -1.27,
        "Total Revenue": 9,
        "Gross Profit": 6,
        "Operating Income": -5,
        "EBIT": -5,
        "Net Income": -19
    },
    "2010-09-30": {
        "Diluted EPS": -0.39,
        "Total Revenue": 8,
        "Gross Profit": 6,
        "Operating Income": -5,
        "EBIT": -5,
        "Net Income": -6
    },
    "2010-06-30": {
        "Diluted EPS": -0.25,
        "Total Revenue": 2,
        "Gross Profit": 0,
        "Operating Income": -7,
        "EBIT": -6,
        "Net Income": -4
    },
    "2010-03-31": {
        "Diluted EPS": -0.2,
        "Total Revenue": 4,
        "Gross Profit": 1,
        "Operating Income": -4,
        "EBIT": -3,
        "Net Income": -3
    },
    "2009-12-31": {
        "Diluted EPS": -0.09,
        "Total Revenue": 7,
        "Gross Profit": 1,
        "Operating Income": -1,
        "EBIT": -1,
        "Net Income": -1
    },
    "2009-09-30": {
        "Diluted EPS": -0.38,
        "Total Revenue": 4,
        "Gross Profit": 1,
        "Operating Income": -7,
        "EBIT": -7,
        "Net Income": -5
    },
    "2009-06-30": {
        "Diluted EPS": -0.12,
        "Total Revenue": 5,
        "Gross Profit": 2,
        "Operating Income": -2,
        "EBIT": -2,
        "Net Income": -2
    },
    "2009-03-31": {
        "Diluted EPS": -0.04,
        "Total Revenue": 5,
        "Gross Profit": 2,
        "Operating Income": -2,
        "EBIT": -1,
        "Net Income": -1
    },
    "2023-06-30": {
        "Tax Effect Of Unusual Items": 0.0,
        "Tax Rate For Calcs": 0.0,
        "Normalized EBITDA": -2594000.0,
        "Total Unusual Items": 0.0,
        "Total Unusual Items Excluding Goodwill": 0.0,
        "Net Income From Continuing Operation Net Minority Interest": -5856000.0,
        "Reconciled Depreciation": 2428000.0,
        "Reconciled Cost Of Revenue": 15336000.0,
        "EBIT": -5022000.0,
        "Net Interest Income": -834000.0,
        "Interest Expense": 834000.0,
        "Normalized Income": -5856000.0,
        "Net Income From Continuing And Discontinued Operation": -5856000.0,
        "Total Expenses": 26532000.0,
        "Total Operating Income As Reported": -6087000.0,
        "Diluted Average Shares": 27360000.0,
        "Basic Average Shares": 27360000.0,
        "Diluted EPS": -0.21,
        "Basic EPS": -0.21,
        "Diluted NI Availto Com Stockholders": -5856000.0,
        "Net Income Common Stockholders": -5856000.0,
        "Net Income": -5856000.0,
        "Net Income Including Noncontrolling Interests": -5856000.0,
        "Net Income Continuous Operations": -5856000.0,
        "Tax Provision": 0.0,
        "Pretax Income": -5856000.0,
        "Other Income Expense": 1065000.0,
        "Other Non Operating Income Expenses": 603000.0,
        "Special Income Charges": 0.0,
        "Gain On Sale Of Business": 0.0,
        "Earnings From Equity Interest": 462000.0,
        "Net Non Operating Interest Income Expense": -834000.0,
        "Interest Expense Non Operating": 834000.0,
        "Operating Income": -6087000.0,
        "Operating Expense": 11196000.0,
        "Other Operating Expenses": NaN,
        "Depreciation Amortization Depletion Income Statement": 2428000.0,
        "Selling General And Administration": 8768000.0,
        "General And Administrative Expense": 8768000.0,
        "Other Gand A": 5213000.0,
        "Salaries And Wages": 3555000.0,
        "Gross Profit": 5109000.0,
        "Cost Of Revenue": 15336000.0,
        "Total Revenue": 20445000.0,
        "Operating Revenue": 20445000.0
    }
}