{
    "2023-04-30": {
        "Tax Effect Of Unusual Items": NaN,
        "Tax Rate For Calcs": NaN,
        "Normalized EBITDA": NaN,
        "Total Unusual Items": NaN,
        "Total Unusual Items Excluding Goodwill": NaN,
        "Net Income From Continuing Operation Net Minority Interest": NaN,
        "Reconciled Depreciation": NaN,
        "Reconciled Cost Of Revenue": NaN,
        "EBITDA": NaN,
        "EBIT": NaN,
        "Net Interest Income": NaN,
        "Interest Expense": NaN,
        "Interest Income": NaN,
        "Normalized Income": NaN,
        "Net Income From Continuing And Discontinued Operation": NaN,
        "Total Expenses": NaN,
        "Total Operating Income As Reported": NaN,
        "Diluted Average Shares": NaN,
        "Basic Average Shares": NaN,
        "Diluted EPS": NaN,
        "Basic EPS": NaN,
        "Diluted NI Availto Com Stockholders": NaN,
        "Net Income Common Stockholders": NaN,
        "Net Income": NaN,
        "Net Income Including Noncontrolling Interests": NaN,
        "Net Income Continuous Operations": NaN,
        "Tax Provision": NaN,
        "Pretax Income": NaN,
        "Other Income Expense": NaN,
        "Other Non Operating Income Expenses": NaN,
        "Special Income Charges": NaN,
        "Other Special Charges": NaN,
        "Restructuring And Mergern Acquisition": 23136000.0,
        "Net Non Operating Interest Income Expense": NaN,
        "Interest Expense Non Operating": NaN,
        "Interest Income Non Operating": NaN,
        "Operating Income": NaN,
        "Operating Expense": NaN,
        "Depreciation Amortization Depletion Income Statement": NaN,
        "Depreciation And Amortization In Income Statement": NaN,
        "Amortization": NaN,
        "Amortization Of Intangibles Income Statement": NaN,
        "Research And Development": NaN,
        "Selling General And Administration": NaN,
        "Gross Profit": NaN,
        "Cost Of Revenue": NaN,
        "Total Revenue": NaN,
        "Operating Revenue": NaN
    },
    "2023-01-31": {
        "Tax Effect Of Unusual Items": NaN,
        "Tax Rate For Calcs": NaN,
        "Normalized EBITDA": NaN,
        "Total Unusual Items": NaN,
        "Total Unusual Items Excluding Goodwill": NaN,
        "Net Income From Continuing Operation Net Minority Interest": NaN,
        "Reconciled Depreciation": NaN,
        "Reconciled Cost Of Revenue": NaN,
        "EBITDA": NaN,
        "EBIT": NaN,
        "Net Interest Income": NaN,
        "Interest Expense": NaN,
        "Interest Income": NaN,
        "Normalized Income": NaN,
        "Net Income From Continuing And Discontinued Operation": NaN,
        "Total Expenses": NaN,
        "Total Operating Income As Reported": NaN,
        "Diluted Average Shares": NaN,
        "Basic Average Shares": NaN,
        "Diluted EPS": NaN,
        "Basic EPS": NaN,
        "Diluted NI Availto Com Stockholders": NaN,
        "Net Income Common Stockholders": NaN,
        "Net Income": NaN,
        "Net Income Including Noncontrolling Interests": NaN,
        "Net Income Continuous Operations": NaN,
        "Tax Provision": NaN,
        "Pretax Income": NaN,
        "Other Income Expense": NaN,
        "Other Non Operating Income Expenses": NaN,
        "Special Income Charges": NaN,
        "Other Special Charges": NaN,
        "Restructuring And Mergern Acquisition": 0.0,
        "Net Non Operating Interest Income Expense": NaN,
        "Interest Expense Non Operating": NaN,
        "Interest Income Non Operating": NaN,
        "Operating Income": NaN,
        "Operating Expense": NaN,
        "Depreciation Amortization Depletion Income Statement": NaN,
        "Depreciation And Amortization In Income Statement": NaN,
        "Amortization": NaN,
        "Amortization Of Intangibles Income Statement": NaN,
        "Research And Development": NaN,
        "Selling General And Administration": NaN,
        "Gross Profit": NaN,
        "Cost Of Revenue": NaN,
        "Total Revenue": NaN,
        "Operating Revenue": NaN
    },
    "2022-10-31": {
        "Tax Effect Of Unusual Items": -3189917.783384,
        "Tax Rate For Calcs": 0.106665,
        "Normalized EBITDA": 1698239000.0,
        "Total Unusual Items": -29906000.0,
        "Total Unusual Items Excluding Goodwill": -29906000.0,
        "Net Income From Continuing Operation Net Minority Interest": 936226000.0,
        "Reconciled Depreciation": 572614000.0,
        "Reconciled Cost Of Revenue": 785152000.0,
        "EBITDA": 1668333000.0,
        "EBIT": 1095719000.0,
        "Net Interest Income": -43379000.0,
        "Interest Expense": 47707000.0,
        "Interest Income": 4328000.0,
        "Normalized Income": 962942082.216616,
        "Net Income From Continuing And Discontinued Operation": 936226000.0,
        "Total Expenses": 2115334000.0,
        "Total Operating Income As Reported": 1102476000.0,
        "Diluted Average Shares": 515757000.0,
        "Basic Average Shares": 512231000.0,
        "Diluted EPS": 1.82,
        "Basic EPS": 1.83,
        "Diluted NI Availto Com Stockholders": 936226000.0,
        "Net Income Common Stockholders": 936226000.0,
        "Net Income": 936226000.0,
        "Net Income Including Noncontrolling Interests": 936226000.0,
        "Net Income Continuous Operations": 936226000.0,
        "Tax Provision": 111786000.0,
        "Pretax Income": 1048012000.0,
        "Other Income Expense": -40991000.0,
        "Other Non Operating Income Expenses": -11085000.0,
        "Special Income Charges": -29906000.0,
        "Restructuring And Mergern Acquisition": 29906000.0,
        "Net Non Operating Interest Income Expense": -43379000.0,
        "Interest Expense Non Operating": 47707000.0,
        "Interest Income Non Operating": 4328000.0,
        "Operating Income": 1132382000.0,
        "Operating Expense": 1010433000.0,
        "Depreciation Amortization Depletion Income Statement": 252865000.0,
        "Depreciation And Amortization In Income Statement": 252865000.0,
        "Amortization": 252865000.0,
        "Amortization Of Intangibles Income Statement": 252865000.0,
        "Research And Development": 421008000.0,
        "Selling General And Administration": 336560000.0,
        "Gross Profit": 2142815000.0,
        "Cost Of Revenue": 1104901000.0,
        "Total Revenue": 3247716000.0,
        "Operating Revenue": 3247716000.0
    },
    "2022-07-31": {
        "Tax Effect Of Unusual Items": -16169517.0,
        "Tax Rate For Calcs": 0.117,
        "Normalized EBITDA": 1616296000.0,
        "Total Unusual Items": -138201000.0,
        "Total Unusual Items Excluding Goodwill": -138201000.0,
        "Net Income From Continuing Operation Net Minority Interest": 748985000.0,
        "Reconciled Depreciation": 578969000.0,
        "Reconciled Cost Of Revenue": 740633000.0,
        "EBITDA": 1478095000.0,
        "EBIT": 899126000.0,
        "Net Interest Income": -49392000.0,
        "Interest Expense": 51189000.0,
        "Interest Income": 1797000.0,
        "Normalized Income": 871016483.0,
        "Net Income From Continuing And Discontinued Operation": 748985000.0,
        "Total Expenses": 2078373000.0,
        "Total Operating Income As Reported": 893306000.0,
        "Diluted Average Shares": 520550000.0,
        "Basic Average Shares": 517011000.0,
        "Diluted EPS": 1.44,
        "Basic EPS": 1.45,
        "Diluted NI Availto Com Stockholders": 748985000.0,
        "Net Income Common Stockholders": 748985000.0,
        "Net Income": 748985000.0,
        "Net Income Including Noncontrolling Interests": 748985000.0,
        "Net Income Continuous Operations": 748985000.0,
        "Tax Provision": 98952000.0,
        "Pretax Income": 847937000.0,
        "Other Income Expense": -134178000.0,
        "Other Non Operating Income Expenses": 4023000.0,
        "Special Income Charges": -138201000.0,
        "Restructuring And Mergern Acquisition": 138201000.0,
        "Net Non Operating Interest Income Expense": -49392000.0,
        "Interest Expense Non Operating": 51189000.0,
        "Interest Income Non Operating": 1797000.0,
        "Operating Income": 1031507000.0,
        "Operating Expense": 1011635000.0,
        "Depreciation Amortization Depletion Income Statement": 252864000.0,
        "Depreciation And Amortization In Income Statement": 252864000.0,
        "Amortization": 252864000.0,
        "Amortization Of Intangibles Income Statement": 252864000.0,
        "Research And Development": 431829000.0,
        "Selling General And Administration": 326942000.0,
        "Gross Profit": 2043142000.0,
        "Cost Of Revenue": 1066738000.0,
        "Total Revenue": 3109880000.0,
        "Operating Revenue": 3109880000.0
    },
    "2022-04-30": {
        "Diluted EPS": 1.49,
        "Total Revenue": NaN,
        "Gross Profit": NaN,
        "Operating Income": 918,
        "EBIT": NaN,
        "Net Income": 783
    },
    "2022-01-31": {
        "Diluted EPS": 0.53,
        "Total Revenue": NaN,
        "Gross Profit": NaN,
        "Operating Income": 365,
        "EBIT": 935,
        "Net Income": 280
    },
    "2021-10-31": {
        "Diluted EPS": -0.07,
        "Total Revenue": NaN,
        "Gross Profit": NaN,
        "Operating Income": 99,
        "EBIT": 578,
        "Net Income": 76
    },
    "2021-07-31": {
        "Diluted EPS": 1.35,
        "Total Revenue": NaN,
        "Gross Profit": NaN,
        "Operating Income": 610,
        "EBIT": 806,
        "Net Income": 503
    },
    "2021-04-30": {
        "Diluted EPS": 1.14,
        "Total Revenue": NaN,
        "Gross Profit": NaN,
        "Operating Income": 520,
        "EBIT": 718,
        "Net Income": 423
    },
    "2021-01-31": {
        "Diluted EPS": 1.04,
        "Total Revenue": NaN,
        "Gross Profit": NaN,
        "Operating Income": 464,
        "EBIT": 665,
        "Net Income": 389
    },
    "2020-10-31": {
        "Diluted EPS": 1.04,
        "Total Revenue": NaN,
        "Gross Profit": NaN,
        "Operating Income": 462,
        "EBIT": 664,
        "Net Income": 387
    },
    "2020-07-31": {
        "Diluted EPS": 0.97,
        "Total Revenue": NaN,
        "Gross Profit": 973,
        "Operating Income": 419,
        "EBIT": 621,
        "Net Income": 363
    },
    "2020-04-30": {
        "Diluted EPS": 0.72,
        "Total Revenue": NaN,
        "Gross Profit": 847,
        "Operating Income": 344,
        "EBIT": 547,
        "Net Income": 268
    },
    "2020-01-31": {
        "Diluted EPS": 0.55,
        "Total Revenue": NaN,
        "Gross Profit": 848,
        "Operating Income": 273,
        "EBIT": 477,
        "Net Income": 204
    },
    "2019-10-31": {
        "Diluted EPS": 0.75,
        "Total Revenue": NaN,
        "Gross Profit": 942,
        "Operating Income": 338,
        "EBIT": 544,
        "Net Income": 278
    },
    "2019-07-31": {
        "Diluted EPS": 0.97,
        "Total Revenue": NaN,
        "Gross Profit": 998,
        "Operating Income": 447,
        "EBIT": 651,
        "Net Income": 362
    },
    "2019-04-30": {
        "Diluted EPS": 0.98,
        "Total Revenue": NaN,
        "Gross Profit": NaN,
        "Operating Income": 470,
        "EBIT": 671,
        "Net Income": 368
    },
    "2019-01-31": {
        "Diluted EPS": 0.95,
        "Total Revenue": NaN,
        "Gross Profit": NaN,
        "Operating Income": 456,
        "EBIT": 656,
        "Net Income": 355
    },
    "2018-10-31": {
        "Diluted EPS": 1.08,
        "Total Revenue": NaN,
        "Gross Profit": NaN,
        "Operating Income": 466,
        "EBIT": 667,
        "Net Income": 399
    },
    "2018-07-31": {
        "Diluted EPS": 1.08,
        "Total Revenue": NaN,
        "Gross Profit": NaN,
        "Operating Income": 489,
        "EBIT": 689,
        "Net Income": 409
    },
    "2018-04-30": {
        "Diluted EPS": 1.06,
        "Total Revenue": NaN,
        "Gross Profit": NaN,
        "Operating Income": 503,
        "EBIT": 702,
        "Net Income": 400
    },
    "2018-01-31": {
        "Diluted EPS": 0.78,
        "Total Revenue": NaN,
        "Gross Profit": NaN,
        "Operating Income": 442,
        "EBIT": 640,
        "Net Income": 293
    },
    "2017-10-31": {
        "Diluted EPS": 1.15,
        "Total Revenue": NaN,
        "Gross Profit": NaN,
        "Operating Income": 556,
        "EBIT": 746,
        "Net Income": 426
    },
    "2017-07-31": {
        "Diluted EPS": 0.18,
        "Total Revenue": NaN,
        "Gross Profit": 767,
        "Operating Income": 195,
        "EBIT": 397,
        "Net Income": 69
    },
    "2017-04-30": {
        "Diluted EPS": 0.27,
        "Total Revenue": NaN,
        "Gross Profit": 640,
        "Operating Income": 146,
        "EBIT": 283,
        "Net Income": 94
    },
    "2017-01-31": {
        "Diluted EPS": 0.69,
        "Total Revenue": 984,
        "Gross Profit": 649,
        "Operating Income": 266,
        "EBIT": 321,
        "Net Income": 217
    },
    "2016-10-31": {
        "Diluted EPS": 0.95,
        "Total Revenue": NaN,
        "Gross Profit": 667,
        "Operating Income": 357,
        "EBIT": 411,
        "Net Income": 296
    },
    "2016-07-31": {
        "Diluted EPS": 0.74,
        "Total Revenue": 870,
        "Gross Profit": 572,
        "Operating Income": 269,
        "EBIT": 321,
        "Net Income": 230
    },
    "2016-04-30": {
        "Diluted EPS": 0.55,
        "Total Revenue": 779,
        "Gross Profit": 511,
        "Operating Income": 207,
        "EBIT": 259,
        "Net Income": 171
    },
    "2016-01-31": {
        "Diluted EPS": 0.52,
        "Total Revenue": 769,
        "Gross Profit": 477,
        "Operating Income": 195,
        "EBIT": 247,
        "Net Income": 165
    },
    "2015-10-31": {
        "Diluted EPS": 0.3,
        "Total Revenue": 979,
        "Gross Profit": 642,
        "Operating Income": 109,
        "EBIT": 160,
        "Net Income": 96
    },
    "2015-07-31": {
        "Diluted EPS": 0.68,
        "Total Revenue": 863,
        "Gross Profit": 569,
        "Operating Income": 265,
        "EBIT": 323,
        "Net Income": 216
    },
    "2015-04-30": {
        "Diluted EPS": 0.65,
        "Total Revenue": 821,
        "Gross Profit": 545,
        "Operating Income": 249,
        "EBIT": 306,
        "Net Income": 205
    },
    "2015-01-31": {
        "Diluted EPS": 0.57,
        "Total Revenue": 772,
        "Gross Profit": 504,
        "Operating Income": 208,
        "EBIT": 264,
        "Net Income": 179
    },
    "2014-10-31": {
        "Diluted EPS": 0.34,
        "Total Revenue": 814,
        "Gross Profit": 486,
        "Operating Income": 150,
        "EBIT": 207,
        "Net Income": 109
    },
    "2014-07-31": {
        "Diluted EPS": 0.57,
        "Total Revenue": 728,
        "Gross Profit": 476,
        "Operating Income": 203,
        "EBIT": 233,
        "Net Income": 181
    },
    "2014-04-30": {
        "Diluted EPS": 0.59,
        "Total Revenue": 695,
        "Gross Profit": 459,
        "Operating Income": 220,
        "EBIT": 248,
        "Net Income": 187
    },
    "2014-01-31": {
        "Diluted EPS": 0.48,
        "Total Revenue": 628,
        "Gross Profit": 409,
        "Operating Income": 180,
        "EBIT": 207,
        "Net Income": 153
    },
    "2013-10-31": {
        "Diluted EPS": 0.64,
        "Total Revenue": 678,
        "Gross Profit": 445,
        "Operating Income": 200,
        "EBIT": 227,
        "Net Income": 202
    },
    "2013-07-31": {
        "Diluted EPS": 0.56,
        "Total Revenue": 674,
        "Gross Profit": 435,
        "Operating Income": 208,
        "EBIT": 236,
        "Net Income": 176
    },
    "2013-04-30": {
        "Diluted EPS": 0.52,
        "Total Revenue": 659,
        "Gross Profit": 422,
        "Operating Income": 191,
        "EBIT": 219,
        "Net Income": 164
    },
    "2013-01-31": {
        "Diluted EPS": 0.42,
        "Total Revenue": 622,
        "Gross Profit": 390,
        "Operating Income": 153,
        "EBIT": 181,
        "Net Income": 131
    },
    "2012-10-31": {
        "Diluted EPS": 0.58,
        "Total Revenue": 695,
        "Gross Profit": 443,
        "Operating Income": 215,
        "EBIT": 243,
        "Net Income": 179
    },
    "2012-07-31": {
        "Diluted EPS": 0.56,
        "Total Revenue": 683,
        "Gross Profit": 448,
        "Operating Income": 212,
        "EBIT": 240,
        "Net Income": 170
    },
    "2012-04-30": {
        "Diluted EPS": 0.53,
        "Total Revenue": 675,
        "Gross Profit": 440,
        "Operating Income": 213,
        "EBIT": 240,
        "Net Income": 163
    },
    "2012-01-31": {
        "Diluted EPS": 0.46,
        "Total Revenue": 648,
        "Gross Profit": 409,
        "Operating Income": 183,
        "EBIT": 212,
        "Net Income": 139
    },
    "2011-10-31": {
        "Diluted EPS": 0.6,
        "Total Revenue": 716,
        "Gross Profit": 461,
        "Operating Income": 235,
        "EBIT": 264,
        "Net Income": 184
    },
    "2011-07-31": {
        "Diluted EPS": 0.71,
        "Total Revenue": 758,
        "Gross Profit": 510,
        "Operating Income": 279,
        "EBIT": 308,
        "Net Income": 220
    },
    "2011-04-30": {
        "Diluted EPS": 0.78,
        "Total Revenue": 791,
        "Gross Profit": 534,
        "Operating Income": 298,
        "EBIT": 328,
        "Net Income": 242
    },
    "2011-01-31": {
        "Diluted EPS": 0.72,
        "Total Revenue": 729,
        "Gross Profit": 482,
        "Operating Income": 259,
        "EBIT": 289,
        "Net Income": 222
    },
    "2010-10-31": {
        "Diluted EPS": 0.73,
        "Total Revenue": 770,
        "Gross Profit": 516,
        "Operating Income": 286,
        "EBIT": 316,
        "Net Income": 225
    },
    "2010-07-31": {
        "Diluted EPS": 0.65,
        "Total Revenue": 720,
        "Gross Profit": 480,
        "Operating Income": 251,
        "EBIT": 280,
        "Net Income": 199
    },
    "2010-04-30": {
        "Diluted EPS": 0.55,
        "Total Revenue": 668,
        "Gross Profit": 435,
        "Operating Income": 214,
        "EBIT": 245,
        "Net Income": 167
    },
    "2010-01-31": {
        "Diluted EPS": 0.4,
        "Total Revenue": 603,
        "Gross Profit": 368,
        "Operating Income": 149,
        "EBIT": 180,
        "Net Income": 120
    },
    "2009-10-31": {
        "Diluted EPS": 0.36,
        "Total Revenue": 572,
        "Gross Profit": 322,
        "Operating Income": 128,
        "EBIT": 161,
        "Net Income": 106
    },
    "2009-07-31": {
        "Diluted EPS": 0.22,
        "Total Revenue": 492,
        "Gross Profit": 266,
        "Operating Income": 79,
        "EBIT": 111,
        "Net Income": 65
    },
    "2009-04-30": {
        "Diluted EPS": 0.18,
        "Total Revenue": 475,
        "Gross Profit": 262,
        "Operating Income": 58,
        "EBIT": 93,
        "Net Income": 52
    },
    "2009-01-31": {
        "Diluted EPS": 0.09,
        "Total Revenue": 477,
        "Gross Profit": 269,
        "Operating Income": 20,
        "EBIT": 60,
        "Net Income": 25
    },
    "2023-07-31": {
        "Tax Effect Of Unusual Items": NaN,
        "Tax Rate For Calcs": NaN,
        "Normalized EBITDA": NaN,
        "Total Unusual Items": NaN,
        "Total Unusual Items Excluding Goodwill": NaN,
        "Net Income From Continuing Operation Net Minority Interest": NaN,
        "Reconciled Depreciation": NaN,
        "Reconciled Cost Of Revenue": NaN,
        "EBITDA": NaN,
        "EBIT": NaN,
        "Net Interest Income": NaN,
        "Interest Expense": NaN,
        "Interest Income": NaN,
        "Normalized Income": NaN,
        "Net Income From Continuing And Discontinued Operation": NaN,
        "Total Expenses": NaN,
        "Total Operating Income As Reported": NaN,
        "Diluted Average Shares": 503503000.0,
        "Basic Average Shares": 500018000.0,
        "Diluted EPS": 1.74,
        "Basic EPS": 1.75,
        "Diluted NI Availto Com Stockholders": NaN,
        "Net Income Common Stockholders": NaN,
        "Net Income": NaN,
        "Net Income Including Noncontrolling Interests": NaN,
        "Net Income Continuous Operations": NaN,
        "Tax Provision": NaN,
        "Pretax Income": NaN,
        "Other Income Expense": NaN,
        "Other Non Operating Income Expenses": NaN,
        "Special Income Charges": NaN,
        "Other Special Charges": NaN,
        "Restructuring And Mergern Acquisition": 23539000.0,
        "Net Non Operating Interest Income Expense": NaN,
        "Interest Expense Non Operating": NaN,
        "Interest Income Non Operating": NaN,
        "Operating Income": NaN,
        "Operating Expense": NaN,
        "Depreciation Amortization Depletion Income Statement": NaN,
        "Depreciation And Amortization In Income Statement": NaN,
        "Amortization": NaN,
        "Amortization Of Intangibles Income Statement": NaN,
        "Research And Development": NaN,
        "Selling General And Administration": NaN,
        "Gross Profit": NaN,
        "Cost Of Revenue": NaN,
        "Total Revenue": NaN,
        "Operating Revenue": NaN
    },
    "2023-10-31": {
        "Tax Effect Of Unusual Items": -14629864.075021,
        "Tax Rate For Calcs": 0.128293,
        "Normalized EBITDA": 1293528000.0,
        "Total Unusual Items": -114035000.0,
        "Total Unusual Items Excluding Goodwill": -114035000.0,
        "Net Income From Continuing Operation Net Minority Interest": 498430000.0,
        "Reconciled Depreciation": 536117000.0,
        "Reconciled Cost Of Revenue": 736387000.0,
        "EBITDA": 1179493000.0,
        "EBIT": 643376000.0,
        "Net Interest Income": -62501000.0,
        "Interest Expense": 71590000.0,
        "Interest Income": 9089000.0,
        "Normalized Income": 597835135.924979,
        "Net Income From Continuing And Discontinued Operation": 498430000.0,
        "Total Expenses": 1968034000.0,
        "Total Operating Income As Reported": 634415000.0,
        "Diluted Average Shares": 500424000.0,
        "Basic Average Shares": 497073000.0,
        "Diluted EPS": 1.0,
        "Basic EPS": 1.0,
        "Diluted NI Availto Com Stockholders": 498430000.0,
        "Net Income Common Stockholders": 498430000.0,
        "Net Income": 498430000.0,
        "Net Income Including Noncontrolling Interests": 498430000.0,
        "Net Income Continuous Operations": 498430000.0,
        "Tax Provision": 73356000.0,
        "Pretax Income": 571786000.0,
        "Other Income Expense": -114163000.0,
        "Other Non Operating Income Expenses": -128000.0,
        "Special Income Charges": -114035000.0,
        "Other Special Charges": 114035000.0,
        "Restructuring And Mergern Acquisition": 114035000.0,
        "Net Non Operating Interest Income Expense": -62501000.0,
        "Interest Expense Non Operating": 71590000.0,
        "Interest Income Non Operating": 9089000.0,
        "Operating Income": 748450000.0,
        "Operating Expense": 898266000.0,
        "Depreciation Amortization Depletion Income Statement": 202736000.0,
        "Depreciation And Amortization In Income Statement": 202736000.0,
        "Amortization": 202736000.0,
        "Amortization Of Intangibles Income Statement": 202736000.0,
        "Research And Development": 406594000.0,
        "Selling General And Administration": 288936000.0,
        "Gross Profit": 1646716000.0,
        "Cost Of Revenue": 1069768000.0,
        "Total Revenue": 2716484000.0,
        "Operating Revenue": 2716484000.0
    },
    "2024-01-31": {
        "Tax Effect Of Unusual Items": -1597860.0,
        "Tax Rate For Calcs": 0.099,
        "Normalized EBITDA": 1131950000.0,
        "Total Unusual Items": -16140000.0,
        "Total Unusual Items Excluding Goodwill": -16140000.0,
        "Net Income From Continuing Operation Net Minority Interest": 462727000.0,
        "Reconciled Depreciation": 525251000.0,
        "Reconciled Cost Of Revenue": 703844000.0,
        "EBITDA": 1115810000.0,
        "EBIT": 590559000.0,
        "Net Interest Income": -67972000.0,
        "Interest Expense": 77141000.0,
        "Interest Income": 9169000.0,
        "Normalized Income": 477269140.0,
        "Net Income From Continuing And Discontinued Operation": 462727000.0,
        "Total Expenses": 1910600000.0,
        "Total Operating Income As Reported": 585964000.0,
        "Diluted Average Shares": 498741000.0,
        "Basic Average Shares": 495765000.0,
        "Diluted EPS": 0.93,
        "Basic EPS": 0.93,
        "Diluted NI Availto Com Stockholders": 462727000.0,
        "Net Income Common Stockholders": 462727000.0,
        "Net Income": 462727000.0,
        "Net Income Including Noncontrolling Interests": 462727000.0,
        "Net Income Continuous Operations": 462727000.0,
        "Tax Provision": 50691000.0,
        "Pretax Income": 513418000.0,
        "Other Income Expense": -20714000.0,
        "Other Non Operating Income Expenses": -4574000.0,
        "Special Income Charges": -16140000.0,
        "Other Special Charges": 16140000.0,
        "Restructuring And Mergern Acquisition": 16140000.0,
        "Net Non Operating Interest Income Expense": -67972000.0,
        "Interest Expense Non Operating": 77141000.0,
        "Interest Income Non Operating": 9169000.0,
        "Operating Income": 602104000.0,
        "Operating Expense": 871837000.0,
        "Depreciation Amortization Depletion Income Statement": 190332000.0,
        "Depreciation And Amortization In Income Statement": 190332000.0,
        "Amortization": 190332000.0,
        "Amortization Of Intangibles Income Statement": 190332000.0,
        "Research And Development": 391427000.0,
        "Selling General And Administration": 290078000.0,
        "Gross Profit": 1473941000.0,
        "Cost Of Revenue": 1038763000.0,
        "Total Revenue": 2512704000.0,
        "Operating Revenue": 2512704000.0
    },
    "2024-04-30": {
        "Tax Effect Of Unusual Items": -412413.0,
        "Tax Rate For Calcs": 0.069,
        "Normalized EBITDA": 935980000.0,
        "Total Unusual Items": -5977000.0,
        "Total Unusual Items Excluding Goodwill": -5977000.0,
        "Net Income From Continuing Operation Net Minority Interest": 302242000.0,
        "Reconciled Depreciation": 528297000.0,
        "Reconciled Cost Of Revenue": 639651000.0,
        "EBITDA": 930003000.0,
        "EBIT": 401706000.0,
        "Net Interest Income": -61834000.0,
        "Interest Expense": 77103000.0,
        "Interest Income": 15269000.0,
        "Normalized Income": 307806587.0,
        "Net Income From Continuing And Discontinued Operation": 302242000.0,
        "Total Expenses": 1766939000.0,
        "Total Operating Income As Reported": 386123000.0,
        "Diluted Average Shares": 498533000.0,
        "Basic Average Shares": 496130000.0,
        "Diluted EPS": 0.61,
        "Basic EPS": 0.61,
        "Diluted NI Availto Com Stockholders": 302242000.0,
        "Net Income Common Stockholders": 302242000.0,
        "Net Income": 302242000.0,
        "Net Income Including Noncontrolling Interests": 302242000.0,
        "Net Income Continuous Operations": 302242000.0,
        "Tax Provision": 22361000.0,
        "Pretax Income": 324603000.0,
        "Other Income Expense": -5663000.0,
        "Other Non Operating Income Expenses": 314000.0,
        "Special Income Charges": -5977000.0,
        "Other Special Charges": 5977000.0,
        "Restructuring And Mergern Acquisition": NaN,
        "Net Non Operating Interest Income Expense": -61834000.0,
        "Interest Expense Non Operating": 77103000.0,
        "Interest Income Non Operating": 15269000.0,
        "Operating Income": 392100000.0,
        "Operating Expense": 787935000.0,
        "Depreciation Amortization Depletion Income Statement": 188944000.0,
        "Depreciation And Amortization In Income Statement": 188944000.0,
        "Amortization": 188944000.0,
        "Amortization Of Intangibles Income Statement": 188944000.0,
        "Research And Development": 354862000.0,
        "Selling General And Administration": 244129000.0,
        "Gross Profit": 1180035000.0,
        "Cost Of Revenue": 979004000.0,
        "Total Revenue": 2159039000.0,
        "Operating Revenue": 2159039000.0
    },
    "2024-07-31": {
        "Tax Effect Of Unusual Items": -896586.0,
        "Tax Rate For Calcs": 0.073,
        "Normalized EBITDA": 1050759000.0,
        "Total Unusual Items": -12282000.0,
        "Total Unusual Items Excluding Goodwill": -12282000.0,
        "Net Income From Continuing Operation Net Minority Interest": 392232000.0,
        "Reconciled Depreciation": 530307000.0,
        "Reconciled Cost Of Revenue": 658417000.0,
        "EBITDA": 1038477000.0,
        "EBIT": 508170000.0,
        "Net Interest Income": -58747000.0,
        "Interest Expense": 85179000.0,
        "Interest Income": 26432000.0,
        "Normalized Income": 403617414.0,
        "Net Income From Continuing And Discontinued Operation": 392232000.0,
        "Total Expenses": 1808608000.0,
        "Total Operating Income As Reported": 491319000.0,
        "Diluted Average Shares": 498794000.0,
        "Basic Average Shares": 496338000.0,
        "Diluted EPS": 0.79,
        "Basic EPS": 0.79,
        "Diluted NI Availto Com Stockholders": 392232000.0,
        "Net Income Common Stockholders": 392232000.0,
        "Net Income": 392232000.0,
        "Net Income Including Noncontrolling Interests": 392232000.0,
        "Net Income Continuous Operations": 392232000.0,
        "Tax Provision": 30759000.0,
        "Pretax Income": 422991000.0,
        "Other Income Expense": -21863000.0,
        "Other Non Operating Income Expenses": -9581000.0,
        "Special Income Charges": -12282000.0,
        "Other Special Charges": 12282000.0,
        "Restructuring And Mergern Acquisition": NaN,
        "Net Non Operating Interest Income Expense": -58747000.0,
        "Interest Expense Non Operating": 85179000.0,
        "Interest Income Non Operating": 26432000.0,
        "Operating Income": 503601000.0,
        "Operating Expense": 807638000.0,
        "Depreciation Amortization Depletion Income Statement": 187754000.0,
        "Depreciation And Amortization In Income Statement": 187754000.0,
        "Amortization": 187754000.0,
        "Amortization Of Intangibles Income Statement": 187754000.0,
        "Research And Development": 362671000.0,
        "Selling General And Administration": 257213000.0,
        "Gross Profit": 1311239000.0,
        "Cost Of Revenue": 1000970000.0,
        "Total Revenue": 2312209000.0,
        "Operating Revenue": 2312209000.0
    },
    "2024-10-31": {
        "Tax Effect Of Unusual Items": -211830.278428,
        "Tax Rate For Calcs": 0.074092,
        "Normalized EBITDA": 1122452000.0,
        "Total Unusual Items": -2859000.0,
        "Total Unusual Items Excluding Goodwill": -2859000.0,
        "Net Income From Continuing Operation Net Minority Interest": 478072000.0,
        "Reconciled Depreciation": 520461000.0,
        "Reconciled Cost Of Revenue": 694370000.0,
        "EBITDA": 1119593000.0,
        "EBIT": 599132000.0,
        "Net Interest Income": -54857000.0,
        "Interest Expense": 82804000.0,
        "Interest Income": 27947000.0,
        "Normalized Income": 480719169.721572,
        "Net Income From Continuing And Discontinued Operation": 478072000.0,
        "Total Expenses": 1870954000.0,
        "Total Operating Income As Reported": 569392000.0,
        "Diluted Average Shares": NaN,
        "Basic Average Shares": NaN,
        "Diluted EPS": NaN,
        "Basic EPS": NaN,
        "Diluted NI Availto Com Stockholders": 478072000.0,
        "Net Income Common Stockholders": 478072000.0,
        "Net Income": 478072000.0,
        "Net Income Including Noncontrolling Interests": 478072000.0,
        "Net Income Continuous Operations": 478072000.0,
        "Tax Provision": 38256000.0,
        "Pretax Income": 516328000.0,
        "Other Income Expense": -1066000.0,
        "Other Non Operating Income Expenses": 1793000.0,
        "Special Income Charges": -2859000.0,
        "Other Special Charges": 2859000.0,
        "Restructuring And Mergern Acquisition": NaN,
        "Net Non Operating Interest Income Expense": -54857000.0,
        "Interest Expense Non Operating": 82804000.0,
        "Interest Income Non Operating": 27947000.0,
        "Operating Income": 572251000.0,
        "Operating Expense": 843877000.0,
        "Depreciation Amortization Depletion Income Statement": 187754000.0,
        "Depreciation And Amortization In Income Statement": 187754000.0,
        "Amortization": 187754000.0,
        "Amortization Of Intangibles Income Statement": 187754000.0,
        "Research And Development": 378903000.0,
        "Selling General And Administration": 277220000.0,
        "Gross Profit": 1416128000.0,
        "Cost Of Revenue": 1027077000.0,
        "Total Revenue": 2443205000.0,
        "Operating Revenue": 2443205000.0
    }
}