{
    "2023-03-31": {
        "Tax Effect Of Unusual Items": NaN,
        "Tax Rate For Calcs": NaN,
        "Normalized EBITDA": NaN,
        "Total Unusual Items": NaN,
        "Total Unusual Items Excluding Goodwill": NaN,
        "Net Income From Continuing Operation Net Minority Interest": NaN,
        "Reconciled Depreciation": NaN,
        "Reconciled Cost Of Revenue": NaN,
        "EBITDA": NaN,
        "EBIT": NaN,
        "Net Interest Income": NaN,
        "Interest Expense": NaN,
        "Interest Income": NaN,
        "Normalized Income": NaN,
        "Net Income From Continuing And Discontinued Operation": NaN,
        "Total Expenses": NaN,
        "Total Operating Income As Reported": NaN,
        "Diluted Average Shares": NaN,
        "Basic Average Shares": NaN,
        "Diluted EPS": NaN,
        "Basic EPS": NaN,
        "Diluted NI Availto Com Stockholders": NaN,
        "Net Income Common Stockholders": NaN,
        "Otherunder Preferred Stock Dividend": -1000.0,
        "Net Income": NaN,
        "Minority Interests": NaN,
        "Net Income Including Noncontrolling Interests": NaN,
        "Net Income Continuous Operations": NaN,
        "Pretax Income": NaN,
        "Other Income Expense": NaN,
        "Special Income Charges": NaN,
        "Impairment Of Capital Assets": NaN,
        "Net Non Operating Interest Income Expense": NaN,
        "Interest Expense Non Operating": NaN,
        "Interest Income Non Operating": NaN,
        "Operating Income": NaN,
        "Operating Expense": NaN,
        "Depreciation Amortization Depletion Income Statement": NaN,
        "Depreciation And Amortization In Income Statement": NaN,
        "Amortization": NaN,
        "Amortization Of Intangibles Income Statement": NaN,
        "Research And Development": NaN,
        "Selling General And Administration": NaN,
        "Selling And Marketing Expense": NaN,
        "General And Administrative Expense": NaN,
        "Other Gand A": NaN,
        "Gross Profit": NaN,
        "Cost Of Revenue": NaN,
        "Total Revenue": NaN,
        "Operating Revenue": NaN
    },
    "2022-12-31": {
        "Tax Effect Of Unusual Items": NaN,
        "Tax Rate For Calcs": NaN,
        "Normalized EBITDA": NaN,
        "Net Income From Continuing Operation Net Minority Interest": NaN,
        "Reconciled Depreciation": NaN,
        "Reconciled Cost Of Revenue": NaN,
        "EBITDA": NaN,
        "EBIT": NaN,
        "Net Interest Income": NaN,
        "Interest Expense": NaN,
        "Interest Income": NaN,
        "Normalized Income": NaN,
        "Net Income From Continuing And Discontinued Operation": NaN,
        "Total Expenses": NaN,
        "Total Operating Income As Reported": NaN,
        "Diluted Average Shares": 143054722.0,
        "Basic Average Shares": 143054722.0,
        "Diluted EPS": -0.28,
        "Basic EPS": -0.28,
        "Diluted NI Availto Com Stockholders": NaN,
        "Net Income Common Stockholders": NaN,
        "Otherunder Preferred Stock Dividend": NaN,
        "Net Income": NaN,
        "Minority Interests": NaN,
        "Net Income Including Noncontrolling Interests": NaN,
        "Net Income Continuous Operations": NaN,
        "Pretax Income": NaN,
        "Net Non Operating Interest Income Expense": NaN,
        "Interest Expense Non Operating": NaN,
        "Interest Income Non Operating": NaN,
        "Operating Income": NaN,
        "Operating Expense": NaN,
        "Depreciation Amortization Depletion Income Statement": NaN,
        "Depreciation And Amortization In Income Statement": NaN,
        "Amortization": NaN,
        "Amortization Of Intangibles Income Statement": NaN,
        "Research And Development": NaN,
        "Selling General And Administration": NaN,
        "Selling And Marketing Expense": NaN,
        "General And Administrative Expense": NaN,
        "Other Gand A": NaN,
        "Gross Profit": NaN,
        "Cost Of Revenue": NaN,
        "Total Revenue": NaN,
        "Operating Revenue": NaN
    },
    "2022-09-30": {
        "Tax Effect Of Unusual Items": 0.0,
        "Tax Rate For Calcs": 0.0,
        "Normalized EBITDA": -39283000.0,
        "Net Income From Continuing Operation Net Minority Interest": -45281000.0,
        "Reconciled Depreciation": 5383000.0,
        "Reconciled Cost Of Revenue": 9952000.0,
        "EBITDA": -39283000.0,
        "EBIT": -44666000.0,
        "Net Interest Income": 112000.0,
        "Interest Expense": 653000.0,
        "Interest Income": 765000.0,
        "Normalized Income": -45281000.0,
        "Net Income From Continuing And Discontinued Operation": -45281000.0,
        "Total Expenses": 93261000.0,
        "Total Operating Income As Reported": -45431000.0,
        "Diluted Average Shares": 142928654.0,
        "Basic Average Shares": 142928654.0,
        "Diluted EPS": -0.32,
        "Basic EPS": -0.32,
        "Diluted NI Availto Com Stockholders": -45281000.0,
        "Net Income Common Stockholders": -45281000.0,
        "Otherunder Preferred Stock Dividend": NaN,
        "Net Income": -45281000.0,
        "Minority Interests": 38000.0,
        "Net Income Including Noncontrolling Interests": -45319000.0,
        "Net Income Continuous Operations": -45319000.0,
        "Pretax Income": -45319000.0,
        "Net Non Operating Interest Income Expense": 112000.0,
        "Interest Expense Non Operating": 653000.0,
        "Interest Income Non Operating": 765000.0,
        "Operating Income": -45431000.0,
        "Operating Expense": 78354000.0,
        "Depreciation Amortization Depletion Income Statement": 428000.0,
        "Depreciation And Amortization In Income Statement": 428000.0,
        "Amortization": 428000.0,
        "Amortization Of Intangibles Income Statement": 428000.0,
        "Research And Development": 35658000.0,
        "Selling General And Administration": 42268000.0,
        "Selling And Marketing Expense": 21513000.0,
        "General And Administrative Expense": 20755000.0,
        "Other Gand A": 20755000.0,
        "Gross Profit": 32923000.0,
        "Cost Of Revenue": 14907000.0,
        "Total Revenue": 47830000.0,
        "Operating Revenue": 47830000.0
    },
    "2022-06-30": {
        "Tax Effect Of Unusual Items": 0.0,
        "Tax Rate For Calcs": 0.0,
        "Normalized EBITDA": -47307000.0,
        "Net Income From Continuing Operation Net Minority Interest": -52046000.0,
        "Reconciled Depreciation": 5195000.0,
        "Reconciled Cost Of Revenue": 8449000.0,
        "EBITDA": -47307000.0,
        "EBIT": -52502000.0,
        "Net Interest Income": 418000.0,
        "Interest Expense": NaN,
        "Interest Income": 418000.0,
        "Normalized Income": -52046000.0,
        "Net Income From Continuing And Discontinued Operation": -52046000.0,
        "Total Expenses": 96162000.0,
        "Total Operating Income As Reported": -52502000.0,
        "Diluted Average Shares": 142363589.0,
        "Basic Average Shares": 142363589.0,
        "Diluted EPS": -0.37,
        "Basic EPS": -0.37,
        "Diluted NI Availto Com Stockholders": -52046000.0,
        "Net Income Common Stockholders": -52046000.0,
        "Otherunder Preferred Stock Dividend": NaN,
        "Net Income": -52046000.0,
        "Minority Interests": 38000.0,
        "Net Income Including Noncontrolling Interests": -52084000.0,
        "Net Income Continuous Operations": -52084000.0,
        "Pretax Income": -52084000.0,
        "Net Non Operating Interest Income Expense": 418000.0,
        "Interest Expense Non Operating": NaN,
        "Interest Income Non Operating": 418000.0,
        "Operating Income": -52502000.0,
        "Operating Expense": 82941000.0,
        "Depreciation Amortization Depletion Income Statement": 423000.0,
        "Depreciation And Amortization In Income Statement": 423000.0,
        "Amortization": 423000.0,
        "Amortization Of Intangibles Income Statement": 423000.0,
        "Research And Development": 37037000.0,
        "Selling General And Administration": 45481000.0,
        "Selling And Marketing Expense": 24281000.0,
        "General And Administrative Expense": 21200000.0,
        "Other Gand A": 21200000.0,
        "Gross Profit": 30439000.0,
        "Cost Of Revenue": 13221000.0,
        "Total Revenue": 43660000.0,
        "Operating Revenue": 43660000.0
    },
    "2023-06-30": {
        "Tax Effect Of Unusual Items": NaN,
        "Tax Rate For Calcs": NaN,
        "Normalized EBITDA": NaN,
        "Total Unusual Items": 0.0,
        "Total Unusual Items Excluding Goodwill": 0.0,
        "Net Income From Continuing Operation Net Minority Interest": NaN,
        "Reconciled Depreciation": NaN,
        "Reconciled Cost Of Revenue": NaN,
        "EBITDA": NaN,
        "EBIT": NaN,
        "Net Interest Income": NaN,
        "Interest Expense": NaN,
        "Interest Income": NaN,
        "Normalized Income": NaN,
        "Net Income From Continuing And Discontinued Operation": NaN,
        "Total Expenses": NaN,
        "Total Operating Income As Reported": NaN,
        "Diluted Average Shares": 144397693.0,
        "Basic Average Shares": 144397693.0,
        "Diluted EPS": -0.33,
        "Basic EPS": -0.33,
        "Diluted NI Availto Com Stockholders": NaN,
        "Net Income Common Stockholders": NaN,
        "Net Income": NaN,
        "Minority Interests": NaN,
        "Net Income Including Noncontrolling Interests": NaN,
        "Net Income Continuous Operations": NaN,
        "Pretax Income": NaN,
        "Other Income Expense": NaN,
        "Special Income Charges": 0.0,
        "Impairment Of Capital Assets": 0.0,
        "Net Non Operating Interest Income Expense": NaN,
        "Interest Expense Non Operating": NaN,
        "Interest Income Non Operating": NaN,
        "Operating Income": NaN,
        "Operating Expense": NaN,
        "Depreciation Amortization Depletion Income Statement": NaN,
        "Depreciation And Amortization In Income Statement": NaN,
        "Amortization": NaN,
        "Amortization Of Intangibles Income Statement": NaN,
        "Research And Development": NaN,
        "Selling General And Administration": NaN,
        "Selling And Marketing Expense": NaN,
        "General And Administrative Expense": NaN,
        "Other Gand A": NaN,
        "Gross Profit": NaN,
        "Cost Of Revenue": NaN,
        "Total Revenue": NaN,
        "Operating Revenue": NaN
    },
    "2022-03-31": {
        "Diluted EPS": -0.44,
        "Total Revenue": 39,
        "Gross Profit": 25,
        "Operating Income": -63,
        "EBIT": -57,
        "Net Income": -63
    },
    "2021-12-31": {
        "Diluted EPS": -0.44,
        "Total Revenue": 38,
        "Gross Profit": 24,
        "Operating Income": -62,
        "EBIT": -55,
        "Net Income": -61
    },
    "2021-09-30": {
        "Diluted EPS": -0.4,
        "Total Revenue": 39,
        "Gross Profit": 25,
        "Operating Income": -56,
        "EBIT": -51,
        "Net Income": -56
    },
    "2021-06-30": {
        "Diluted EPS": -0.35,
        "Total Revenue": 39,
        "Gross Profit": 28,
        "Operating Income": -50,
        "EBIT": -45,
        "Net Income": -49
    },
    "2021-03-31": {
        "Diluted EPS": -0.29,
        "Total Revenue": 38,
        "Gross Profit": 28,
        "Operating Income": -41,
        "EBIT": -37,
        "Net Income": -41
    },
    "2020-12-31": {
        "Diluted EPS": -0.33,
        "Total Revenue": 30,
        "Gross Profit": 24,
        "Operating Income": -44,
        "EBIT": -41,
        "Net Income": -45
    },
    "2020-09-30": {
        "Diluted EPS": -0.27,
        "Total Revenue": 26,
        "Gross Profit": 20,
        "Operating Income": -37,
        "EBIT": -35,
        "Net Income": -37
    },
    "2020-06-30": {
        "Diluted EPS": -0.26,
        "Total Revenue": 21,
        "Gross Profit": 16,
        "Operating Income": -37,
        "EBIT": -35,
        "Net Income": -34
    },
    "2020-03-31": {
        "Diluted EPS": -0.25,
        "Total Revenue": 21,
        "Gross Profit": 16,
        "Operating Income": -35,
        "EBIT": -33,
        "Net Income": -31
    },
    "2019-12-31": {
        "Diluted EPS": 1.78,
        "Total Revenue": 24,
        "Gross Profit": 18,
        "Operating Income": -24,
        "EBIT": -23,
        "Net Income": -21
    },
    "2019-09-30": {
        "Diluted EPS": -0.11,
        "Total Revenue": 26,
        "Gross Profit": 20,
        "Operating Income": -18,
        "EBIT": -18,
        "Net Income": -14
    },
    "2019-06-30": {
        "Diluted EPS": -1.23,
        "Total Revenue": 22,
        "Gross Profit": 16,
        "Operating Income": -16,
        "EBIT": -16,
        "Net Income": -16
    },
    "2019-03-31": {
        "Diluted EPS": -1.45,
        "Total Revenue": 13,
        "Gross Profit": 8,
        "Operating Income": -20,
        "EBIT": -19,
        "Net Income": -19
    },
    "2018-12-31": {
        "Diluted EPS": 0.0,
        "Total Revenue": NaN,
        "Gross Profit": NaN,
        "Operating Income": NaN,
        "EBIT": NaN,
        "Net Income": NaN
    },
    "2018-09-30": {
        "Diluted EPS": -0.66,
        "Total Revenue": 17,
        "Gross Profit": 12,
        "Operating Income": -9,
        "EBIT": -8,
        "Net Income": -8
    },
    "2018-06-30": {
        "Diluted EPS": -1.01,
        "Total Revenue": 12,
        "Gross Profit": 7,
        "Operating Income": -13,
        "EBIT": -13,
        "Net Income": -12
    },
    "2017-12-31": {
        "Diluted EPS": 0.0,
        "Total Revenue": NaN,
        "Gross Profit": NaN,
        "Operating Income": NaN,
        "EBIT": NaN,
        "Net Income": NaN
    },
    "2023-09-30": {
        "Tax Effect Of Unusual Items": 0.0,
        "Tax Rate For Calcs": 0.0,
        "Normalized EBITDA": -40911000.0,
        "Total Unusual Items": 0.0,
        "Total Unusual Items Excluding Goodwill": 0.0,
        "Net Income From Continuing Operation Net Minority Interest": -50300000.0,
        "Reconciled Depreciation": 5763000.0,
        "Reconciled Cost Of Revenue": 14011000.0,
        "EBITDA": -40911000.0,
        "EBIT": -46674000.0,
        "Net Interest Income": 630000.0,
        "Interest Expense": 3652000.0,
        "Interest Income": 4282000.0,
        "Normalized Income": -50300000.0,
        "Net Income From Continuing And Discontinued Operation": -50300000.0,
        "Total Expenses": 88875000.0,
        "Total Operating Income As Reported": -50956000.0,
        "Diluted Average Shares": 144704868.0,
        "Basic Average Shares": 144704868.0,
        "Diluted EPS": -0.35,
        "Basic EPS": -0.35,
        "Diluted NI Availto Com Stockholders": -50300000.0,
        "Net Income Common Stockholders": -50300000.0,
        "Net Income": -50300000.0,
        "Minority Interests": 26000.0,
        "Net Income Including Noncontrolling Interests": -50326000.0,
        "Net Income Continuous Operations": -50326000.0,
        "Pretax Income": -50326000.0,
        "Other Income Expense": NaN,
        "Special Income Charges": 0.0,
        "Impairment Of Capital Assets": 0.0,
        "Net Non Operating Interest Income Expense": 630000.0,
        "Interest Expense Non Operating": 3652000.0,
        "Interest Income Non Operating": 4282000.0,
        "Operating Income": -50956000.0,
        "Operating Expense": 69529000.0,
        "Depreciation Amortization Depletion Income Statement": 428000.0,
        "Depreciation And Amortization In Income Statement": 428000.0,
        "Amortization": 428000.0,
        "Amortization Of Intangibles Income Statement": 428000.0,
        "Research And Development": 28533000.0,
        "Selling General And Administration": 40568000.0,
        "Selling And Marketing Expense": 20493000.0,
        "General And Administrative Expense": 20075000.0,
        "Other Gand A": 20075000.0,
        "Gross Profit": 18573000.0,
        "Cost Of Revenue": 19346000.0,
        "Total Revenue": 37919000.0,
        "Operating Revenue": 37919000.0
    },
    "2023-12-31": {
        "Tax Effect Of Unusual Items": 0.0,
        "Tax Rate For Calcs": 0.0,
        "Normalized EBITDA": -61063000.0,
        "Total Unusual Items": NaN,
        "Total Unusual Items Excluding Goodwill": NaN,
        "Net Income From Continuing Operation Net Minority Interest": -69441000.0,
        "Reconciled Depreciation": 5392000.0,
        "Reconciled Cost Of Revenue": 14653000.0,
        "EBITDA": -61063000.0,
        "EBIT": -66455000.0,
        "Net Interest Income": 1601000.0,
        "Interest Expense": 3012000.0,
        "Interest Income": 4613000.0,
        "Normalized Income": -69441000.0,
        "Net Income From Continuing And Discontinued Operation": -69441000.0,
        "Total Expenses": 91423000.0,
        "Total Operating Income As Reported": -71068000.0,
        "Diluted Average Shares": NaN,
        "Basic Average Shares": NaN,
        "Diluted EPS": NaN,
        "Basic EPS": NaN,
        "Diluted NI Availto Com Stockholders": -69441000.0,
        "Net Income Common Stockholders": -69441000.0,
        "Net Income": -69441000.0,
        "Minority Interests": 26000.0,
        "Net Income Including Noncontrolling Interests": -69467000.0,
        "Net Income Continuous Operations": -69467000.0,
        "Pretax Income": -69467000.0,
        "Other Income Expense": NaN,
        "Special Income Charges": NaN,
        "Impairment Of Capital Assets": NaN,
        "Net Non Operating Interest Income Expense": 1601000.0,
        "Interest Expense Non Operating": 3012000.0,
        "Interest Income Non Operating": 4613000.0,
        "Operating Income": -45639000.0,
        "Operating Expense": 71807000.0,
        "Depreciation Amortization Depletion Income Statement": 429000.0,
        "Depreciation And Amortization In Income Statement": 429000.0,
        "Amortization": 429000.0,
        "Amortization Of Intangibles Income Statement": 429000.0,
        "Research And Development": 28746000.0,
        "Selling General And Administration": 42632000.0,
        "Selling And Marketing Expense": 21906000.0,
        "General And Administrative Expense": 20726000.0,
        "Other Gand A": 20726000.0,
        "Gross Profit": 26168000.0,
        "Cost Of Revenue": 19616000.0,
        "Total Revenue": 45784000.0,
        "Operating Revenue": 45784000.0
    },
    "2024-03-31": {
        "Tax Effect Of Unusual Items": 0.0,
        "Tax Rate For Calcs": 0.0,
        "Normalized EBITDA": -39326000.0,
        "Total Unusual Items": NaN,
        "Total Unusual Items Excluding Goodwill": NaN,
        "Net Income From Continuing Operation Net Minority Interest": -47507000.0,
        "Reconciled Depreciation": 5214000.0,
        "Reconciled Cost Of Revenue": 13260000.0,
        "EBITDA": -39326000.0,
        "EBIT": -44540000.0,
        "Net Interest Income": 1229000.0,
        "Interest Expense": 2993000.0,
        "Interest Income": 4222000.0,
        "Normalized Income": -47507000.0,
        "Net Income From Continuing And Discontinued Operation": -47507000.0,
        "Total Expenses": 90635000.0,
        "Total Operating Income As Reported": -48762000.0,
        "Diluted Average Shares": 145787527.0,
        "Basic Average Shares": 145787527.0,
        "Diluted EPS": -0.33,
        "Basic EPS": -0.33,
        "Diluted NI Availto Com Stockholders": -47507000.0,
        "Net Income Common Stockholders": -47507000.0,
        "Net Income": -47507000.0,
        "Minority Interests": 26000.0,
        "Net Income Including Noncontrolling Interests": -47533000.0,
        "Net Income Continuous Operations": -47533000.0,
        "Pretax Income": -47533000.0,
        "Other Income Expense": NaN,
        "Special Income Charges": NaN,
        "Impairment Of Capital Assets": NaN,
        "Net Non Operating Interest Income Expense": 1229000.0,
        "Interest Expense Non Operating": 2993000.0,
        "Interest Income Non Operating": 4222000.0,
        "Operating Income": -48762000.0,
        "Operating Expense": 72584000.0,
        "Depreciation Amortization Depletion Income Statement": 423000.0,
        "Depreciation And Amortization In Income Statement": 423000.0,
        "Amortization": 423000.0,
        "Amortization Of Intangibles Income Statement": 423000.0,
        "Research And Development": 30245000.0,
        "Selling General And Administration": 41916000.0,
        "Selling And Marketing Expense": 22319000.0,
        "General And Administrative Expense": 19597000.0,
        "Other Gand A": 19597000.0,
        "Gross Profit": 23822000.0,
        "Cost Of Revenue": 18051000.0,
        "Total Revenue": 41873000.0,
        "Operating Revenue": 41873000.0
    },
    "2024-06-30": {
        "Tax Effect Of Unusual Items": 0.0,
        "Tax Rate For Calcs": 0.0,
        "Normalized EBITDA": -31344000.0,
        "Total Unusual Items": -7205000.0,
        "Total Unusual Items Excluding Goodwill": -7205000.0,
        "Net Income From Continuing Operation Net Minority Interest": -46222000.0,
        "Reconciled Depreciation": 5003000.0,
        "Reconciled Cost Of Revenue": 14738000.0,
        "EBITDA": -38549000.0,
        "EBIT": -43552000.0,
        "Net Interest Income": 1070000.0,
        "Interest Expense": 2696000.0,
        "Interest Income": 3766000.0,
        "Normalized Income": -39017000.0,
        "Net Income From Continuing And Discontinued Operation": -46222000.0,
        "Total Expenses": 83303000.0,
        "Total Operating Income As Reported": -47318000.0,
        "Diluted Average Shares": 147414095.0,
        "Basic Average Shares": 147414095.0,
        "Diluted EPS": -0.31,
        "Basic EPS": -0.31,
        "Diluted NI Availto Com Stockholders": -46222000.0,
        "Net Income Common Stockholders": -46222000.0,
        "Net Income": -46222000.0,
        "Minority Interests": 26000.0,
        "Net Income Including Noncontrolling Interests": -46248000.0,
        "Net Income Continuous Operations": -46248000.0,
        "Pretax Income": -46248000.0,
        "Other Income Expense": -7205000.0,
        "Special Income Charges": -7205000.0,
        "Impairment Of Capital Assets": 7205000.0,
        "Net Non Operating Interest Income Expense": 1070000.0,
        "Interest Expense Non Operating": 2696000.0,
        "Interest Income Non Operating": 3766000.0,
        "Operating Income": -40113000.0,
        "Operating Expense": 63986000.0,
        "Depreciation Amortization Depletion Income Statement": 424000.0,
        "Depreciation And Amortization In Income Statement": 424000.0,
        "Amortization": 424000.0,
        "Amortization Of Intangibles Income Statement": 424000.0,
        "Research And Development": 25353000.0,
        "Selling General And Administration": 38209000.0,
        "Selling And Marketing Expense": 20314000.0,
        "General And Administrative Expense": 17895000.0,
        "Other Gand A": 17895000.0,
        "Gross Profit": 23873000.0,
        "Cost Of Revenue": 19317000.0,
        "Total Revenue": 43190000.0,
        "Operating Revenue": 43190000.0
    },
    "2024-09-30": {
        "Tax Effect Of Unusual Items": 0.0,
        "Tax Rate For Calcs": 0.0,
        "Normalized EBITDA": -24567000.0,
        "Total Unusual Items": 0.0,
        "Total Unusual Items Excluding Goodwill": 0.0,
        "Net Income From Continuing Operation Net Minority Interest": -32071000.0,
        "Reconciled Depreciation": 4591000.0,
        "Reconciled Cost Of Revenue": 12504000.0,
        "EBITDA": -24567000.0,
        "EBIT": -29158000.0,
        "Net Interest Income": 535000.0,
        "Interest Expense": 2939000.0,
        "Interest Income": 3474000.0,
        "Normalized Income": -32071000.0,
        "Net Income From Continuing And Discontinued Operation": -32071000.0,
        "Total Expenses": 79067000.0,
        "Total Operating Income As Reported": -32632000.0,
        "Diluted Average Shares": 147516398.0,
        "Basic Average Shares": 147516398.0,
        "Diluted EPS": -0.22,
        "Basic EPS": -0.22,
        "Diluted NI Availto Com Stockholders": -32071000.0,
        "Net Income Common Stockholders": -32071000.0,
        "Net Income": -32071000.0,
        "Minority Interests": 26000.0,
        "Net Income Including Noncontrolling Interests": -32097000.0,
        "Net Income Continuous Operations": -32097000.0,
        "Pretax Income": -32097000.0,
        "Other Income Expense": NaN,
        "Special Income Charges": 0.0,
        "Impairment Of Capital Assets": 0.0,
        "Net Non Operating Interest Income Expense": 535000.0,
        "Interest Expense Non Operating": 2939000.0,
        "Interest Income Non Operating": 3474000.0,
        "Operating Income": -32632000.0,
        "Operating Expense": 62400000.0,
        "Depreciation Amortization Depletion Income Statement": 428000.0,
        "Depreciation And Amortization In Income Statement": 428000.0,
        "Amortization": 428000.0,
        "Amortization Of Intangibles Income Statement": 428000.0,
        "Research And Development": 24163000.0,
        "Selling General And Administration": 37809000.0,
        "Selling And Marketing Expense": 20551000.0,
        "General And Administrative Expense": 17258000.0,
        "Other Gand A": 17258000.0,
        "Gross Profit": 29768000.0,
        "Cost Of Revenue": 16667000.0,
        "Total Revenue": 46435000.0,
        "Operating Revenue": 46435000.0
    }
}