{
    "2023-04-30": {
        "Tax Effect Of Unusual Items": 271493.21267,
        "Tax Rate For Calcs": 0.271493,
        "Normalized EBITDA": 249000000.0,
        "Total Unusual Items": 1000000.0,
        "Total Unusual Items Excluding Goodwill": 1000000.0,
        "Net Income From Continuing Operation Net Minority Interest": 161000000.0,
        "Reconciled Depreciation": 33000000.0,
        "Reconciled Cost Of Revenue": 104000000.0,
        "EBITDA": 250000000.0,
        "EBIT": 217000000.0,
        "Net Interest Income": 2000000.0,
        "Interest Income": 2000000.0,
        "Normalized Income": 160271493.21267,
        "Net Income From Continuing And Discontinued Operation": 161000000.0,
        "Total Expenses": 1052000000.0,
        "Total Operating Income As Reported": 217000000.0,
        "Diluted Average Shares": 216000000.0,
        "Basic Average Shares": 215000000.0,
        "Diluted EPS": 0.75,
        "Basic EPS": 0.75,
        "Diluted NI Availto Com Stockholders": 161000000.0,
        "Net Income Common Stockholders": 161000000.0,
        "Net Income": 161000000.0,
        "Net Income Including Noncontrolling Interests": 161000000.0,
        "Net Income Continuous Operations": 161000000.0,
        "Tax Provision": 60000000.0,
        "Pretax Income": 221000000.0,
        "Other Income Expense": 2000000.0,
        "Other Non Operating Income Expenses": 1000000.0,
        "Gain On Sale Of Security": 1000000.0,
        "Net Non Operating Interest Income Expense": 2000000.0,
        "Total Other Finance Cost": NaN,
        "Interest Income Non Operating": 2000000.0,
        "Operating Income": 217000000.0,
        "Operating Expense": 925000000.0,
        "Depreciation Amortization Depletion Income Statement": 10000000.0,
        "Depreciation And Amortization In Income Statement": 10000000.0,
        "Amortization": 10000000.0,
        "Amortization Of Intangibles Income Statement": 10000000.0,
        "Research And Development": 327000000.0,
        "Selling General And Administration": 588000000.0,
        "Selling And Marketing Expense": 394000000.0,
        "General And Administrative Expense": 194000000.0,
        "Other Gand A": 110000000.0,
        "Salaries And Wages": 84000000.0,
        "Gross Profit": 1142000000.0,
        "Cost Of Revenue": 127000000.0,
        "Total Revenue": 1269000000.0,
        "Operating Revenue": 1207000000.0
    },
    "2023-01-31": {
        "Tax Effect Of Unusual Items": -1050000.0,
        "Tax Rate For Calcs": 0.21,
        "Normalized EBITDA": 321000000.0,
        "Total Unusual Items": -5000000.0,
        "Total Unusual Items Excluding Goodwill": -5000000.0,
        "Net Income From Continuing Operation Net Minority Interest": 293000000.0,
        "Reconciled Depreciation": 37000000.0,
        "Reconciled Cost Of Revenue": 97000000.0,
        "EBITDA": 316000000.0,
        "EBIT": 279000000.0,
        "Net Interest Income": -2000000.0,
        "Interest Expense": 2000000.0,
        "Interest Income": NaN,
        "Normalized Income": 296950000.0,
        "Net Income From Continuing And Discontinued Operation": 293000000.0,
        "Total Expenses": 1041000000.0,
        "Total Operating Income As Reported": 277000000.0,
        "Diluted Average Shares": 217000000.0,
        "Basic Average Shares": 216000000.0,
        "Diluted EPS": 1.35,
        "Basic EPS": 1.36,
        "Diluted NI Availto Com Stockholders": 293000000.0,
        "Net Income Common Stockholders": 293000000.0,
        "Net Income": 293000000.0,
        "Net Income Including Noncontrolling Interests": 293000000.0,
        "Net Income Continuous Operations": 293000000.0,
        "Tax Provision": -16000000.0,
        "Pretax Income": 277000000.0,
        "Other Income Expense": 2000000.0,
        "Other Non Operating Income Expenses": 7000000.0,
        "Gain On Sale Of Security": -5000000.0,
        "Net Non Operating Interest Income Expense": -2000000.0,
        "Total Other Finance Cost": NaN,
        "Interest Expense Non Operating": 2000000.0,
        "Interest Income Non Operating": NaN,
        "Operating Income": 277000000.0,
        "Operating Expense": 917000000.0,
        "Depreciation Amortization Depletion Income Statement": 10000000.0,
        "Depreciation And Amortization In Income Statement": 10000000.0,
        "Amortization": 10000000.0,
        "Amortization Of Intangibles Income Statement": 10000000.0,
        "Research And Development": 313000000.0,
        "Selling General And Administration": 594000000.0,
        "Selling And Marketing Expense": 439000000.0,
        "General And Administrative Expense": 155000000.0,
        "Other Gand A": 155000000.0,
        "Salaries And Wages": NaN,
        "Gross Profit": 1194000000.0,
        "Cost Of Revenue": 124000000.0,
        "Total Revenue": 1318000000.0,
        "Operating Revenue": 1228000000.0
    },
    "2022-10-31": {
        "Tax Effect Of Unusual Items": 909090.909091,
        "Tax Rate For Calcs": 0.181818,
        "Normalized EBITDA": 288000000.0,
        "Total Unusual Items": 5000000.0,
        "Total Unusual Items Excluding Goodwill": 5000000.0,
        "Net Income From Continuing Operation Net Minority Interest": 198000000.0,
        "Reconciled Depreciation": 37000000.0,
        "Reconciled Cost Of Revenue": 93000000.0,
        "EBITDA": 293000000.0,
        "EBIT": 256000000.0,
        "Net Interest Income": -20000000.0,
        "Interest Expense": 20000000.0,
        "Interest Income": NaN,
        "Normalized Income": 193909090.909091,
        "Net Income From Continuing And Discontinued Operation": 198000000.0,
        "Total Expenses": 1024000000.0,
        "Total Operating Income As Reported": 256000000.0,
        "Diluted Average Shares": 217000000.0,
        "Basic Average Shares": 216000000.0,
        "Diluted EPS": 0.91,
        "Basic EPS": 0.92,
        "Diluted NI Availto Com Stockholders": 198000000.0,
        "Net Income Common Stockholders": 198000000.0,
        "Net Income": 198000000.0,
        "Net Income Including Noncontrolling Interests": 198000000.0,
        "Net Income Continuous Operations": 198000000.0,
        "Tax Provision": 44000000.0,
        "Pretax Income": 242000000.0,
        "Other Income Expense": 6000000.0,
        "Other Non Operating Income Expenses": 1000000.0,
        "Gain On Sale Of Security": 5000000.0,
        "Net Non Operating Interest Income Expense": -20000000.0,
        "Total Other Finance Cost": 20000000.0,
        "Interest Expense Non Operating": 20000000.0,
        "Interest Income Non Operating": NaN,
        "Operating Income": 256000000.0,
        "Operating Expense": 904000000.0,
        "Depreciation Amortization Depletion Income Statement": 10000000.0,
        "Depreciation And Amortization In Income Statement": 10000000.0,
        "Amortization": 10000000.0,
        "Amortization Of Intangibles Income Statement": 10000000.0,
        "Research And Development": 311000000.0,
        "Selling General And Administration": 583000000.0,
        "Selling And Marketing Expense": 454000000.0,
        "General And Administrative Expense": 129000000.0,
        "Other Gand A": 129000000.0,
        "Salaries And Wages": NaN,
        "Gross Profit": 1160000000.0,
        "Cost Of Revenue": 120000000.0,
        "Total Revenue": 1280000000.0,
        "Operating Revenue": 1204000000.0
    },
    "2022-07-31": {
        "Tax Effect Of Unusual Items": 0.0,
        "Tax Rate For Calcs": 0.198276,
        "Normalized EBITDA": 280000000.0,
        "Total Unusual Items": 6000000.0,
        "Total Unusual Items Excluding Goodwill": 6000000.0,
        "Net Income From Continuing Operation Net Minority Interest": 186000000.0,
        "Reconciled Depreciation": 38000000.0,
        "Reconciled Cost Of Revenue": 90000000.0,
        "EBITDA": 280000000.0,
        "EBIT": 242000000.0,
        "Net Interest Income": -10000000.0,
        "Interest Expense": 10000000.0,
        "Interest Income": 4000000.0,
        "Normalized Income": 186000000.0,
        "Net Income From Continuing And Discontinued Operation": 186000000.0,
        "Total Expenses": 995000000.0,
        "Total Operating Income As Reported": 242000000.0,
        "Diluted Average Shares": 218000000.0,
        "Basic Average Shares": 217000000.0,
        "Diluted EPS": 0.85,
        "Basic EPS": 0.86,
        "Diluted NI Availto Com Stockholders": 186000000.0,
        "Net Income Common Stockholders": 186000000.0,
        "Net Income": 186000000.0,
        "Net Income Including Noncontrolling Interests": 186000000.0,
        "Net Income Continuous Operations": 186000000.0,
        "Tax Provision": 46000000.0,
        "Pretax Income": 232000000.0,
        "Other Income Expense": 10000000.0,
        "Other Non Operating Income Expenses": 4000000.0,
        "Gain On Sale Of Security": 6000000.0,
        "Net Non Operating Interest Income Expense": -10000000.0,
        "Total Other Finance Cost": NaN,
        "Interest Expense Non Operating": 10000000.0,
        "Interest Income Non Operating": 4000000.0,
        "Operating Income": 242000000.0,
        "Operating Expense": 876000000.0,
        "Depreciation Amortization Depletion Income Statement": 9000000.0,
        "Depreciation And Amortization In Income Statement": 9000000.0,
        "Amortization": 9000000.0,
        "Amortization Of Intangibles Income Statement": 9000000.0,
        "Research And Development": 306000000.0,
        "Selling General And Administration": 561000000.0,
        "Selling And Marketing Expense": 433000000.0,
        "General And Administrative Expense": 128000000.0,
        "Other Gand A": 128000000.0,
        "Salaries And Wages": NaN,
        "Gross Profit": 1118000000.0,
        "Cost Of Revenue": 119000000.0,
        "Total Revenue": 1237000000.0,
        "Operating Revenue": 1177000000.0
    },
    "2022-04-30": {
        "Diluted EPS": 0.67,
        "Total Revenue": NaN,
        "Gross Profit": NaN,
        "Operating Income": 214,
        "EBIT": 252,
        "Net Income": 146
    },
    "2022-01-31": {
        "Diluted EPS": 0.4,
        "Total Revenue": NaN,
        "Gross Profit": NaN,
        "Operating Income": 143,
        "EBIT": 177,
        "Net Income": 89
    },
    "2021-10-31": {
        "Diluted EPS": 0.62,
        "Total Revenue": NaN,
        "Gross Profit": NaN,
        "Operating Income": 193,
        "EBIT": 235,
        "Net Income": 137
    },
    "2021-07-31": {
        "Diluted EPS": 0.52,
        "Total Revenue": NaN,
        "Gross Profit": 954,
        "Operating Income": 148,
        "EBIT": 187,
        "Net Income": 115
    },
    "2021-04-30": {
        "Diluted EPS": 0.7,
        "Total Revenue": 989,
        "Gross Profit": 897,
        "Operating Income": 134,
        "EBIT": 167,
        "Net Income": 156
    },
    "2021-01-31": {
        "Diluted EPS": 4.11,
        "Total Revenue": NaN,
        "Gross Profit": 948,
        "Operating Income": 184,
        "EBIT": 216,
        "Net Income": 911
    },
    "2020-10-31": {
        "Diluted EPS": 0.59,
        "Total Revenue": 952,
        "Gross Profit": 869,
        "Operating Income": 168,
        "EBIT": 200,
        "Net Income": 132
    },
    "2020-07-31": {
        "Diluted EPS": 0.44,
        "Total Revenue": 913,
        "Gross Profit": 832,
        "Operating Income": 146,
        "EBIT": 176,
        "Net Income": 98
    },
    "2020-04-30": {
        "Diluted EPS": 0.3,
        "Total Revenue": 886,
        "Gross Profit": 804,
        "Operating Income": 131,
        "EBIT": 161,
        "Net Income": 67
    },
    "2020-01-31": {
        "Diluted EPS": 0.59,
        "Total Revenue": 899,
        "Gross Profit": 816,
        "Operating Income": 134,
        "EBIT": 165,
        "Net Income": 132
    },
    "2019-10-31": {
        "Diluted EPS": 0.3,
        "Total Revenue": 843,
        "Gross Profit": 763,
        "Operating Income": 111,
        "EBIT": 142,
        "Net Income": 67
    },
    "2019-07-31": {
        "Diluted EPS": 0.18,
        "Total Revenue": 797,
        "Gross Profit": 717,
        "Operating Income": 74,
        "EBIT": 106,
        "Net Income": 40
    },
    "2019-04-30": {
        "Diluted EPS": -0.11,
        "Total Revenue": 736,
        "Gross Profit": 653,
        "Operating Income": 25,
        "EBIT": 58,
        "Net Income": -24
    },
    "2019-01-31": {
        "Diluted EPS": 0.3,
        "Total Revenue": 737,
        "Gross Profit": 660,
        "Operating Income": 40,
        "EBIT": 66,
        "Net Income": 65
    },
    "2018-10-31": {
        "Diluted EPS": -0.11,
        "Total Revenue": 661,
        "Gross Profit": 589,
        "Operating Income": 15,
        "EBIT": 38,
        "Net Income": -24
    },
    "2018-07-31": {
        "Diluted EPS": -0.18,
        "Total Revenue": 612,
        "Gross Profit": 542,
        "Operating Income": -25,
        "EBIT": -3,
        "Net Income": -39
    },
    "2018-04-30": {
        "Diluted EPS": -0.38,
        "Total Revenue": 560,
        "Gross Profit": 493,
        "Operating Income": -55,
        "EBIT": -31,
        "Net Income": -82
    },
    "2018-01-31": {
        "Diluted EPS": -0.78,
        "Total Revenue": 554,
        "Gross Profit": 481,
        "Operating Income": -182,
        "EBIT": -155,
        "Net Income": -174
    },
    "2017-10-31": {
        "Diluted EPS": -0.55,
        "Total Revenue": 515,
        "Gross Profit": 438,
        "Operating Income": -100,
        "EBIT": -75,
        "Net Income": -120
    },
    "2017-07-31": {
        "Diluted EPS": -0.66,
        "Total Revenue": 502,
        "Gross Profit": 427,
        "Operating Income": -108,
        "EBIT": -79,
        "Net Income": -144
    },
    "2017-04-30": {
        "Diluted EPS": -0.59,
        "Total Revenue": 486,
        "Gross Profit": 408,
        "Operating Income": -120,
        "EBIT": -91,
        "Net Income": -130
    },
    "2017-01-31": {
        "Diluted EPS": -0.78,
        "Total Revenue": 479,
        "Gross Profit": 396,
        "Operating Income": -167,
        "EBIT": -132,
        "Net Income": -173
    },
    "2016-10-31": {
        "Diluted EPS": -0.64,
        "Total Revenue": 490,
        "Gross Profit": 408,
        "Operating Income": -120,
        "EBIT": -86,
        "Net Income": -143
    },
    "2016-07-31": {
        "Diluted EPS": -0.44,
        "Total Revenue": 551,
        "Gross Profit": 466,
        "Operating Income": -63,
        "EBIT": -30,
        "Net Income": -98
    },
    "2016-04-30": {
        "Diluted EPS": -0.75,
        "Total Revenue": 512,
        "Gross Profit": 420,
        "Operating Income": -150,
        "EBIT": -112,
        "Net Income": -168
    },
    "2016-01-31": {
        "Diluted EPS": -0.17,
        "Total Revenue": 648,
        "Gross Profit": 553,
        "Operating Income": -10,
        "EBIT": 26,
        "Net Income": -37
    },
    "2015-10-31": {
        "Diluted EPS": -0.19,
        "Total Revenue": 600,
        "Gross Profit": 509,
        "Operating Income": -15,
        "EBIT": 21,
        "Net Income": -44
    },
    "2015-07-31": {
        "Diluted EPS": -1.18,
        "Total Revenue": 610,
        "Gross Profit": 517,
        "Operating Income": 4,
        "EBIT": 41,
        "Net Income": -269
    },
    "2015-04-30": {
        "Diluted EPS": 0.08,
        "Total Revenue": 647,
        "Gross Profit": 555,
        "Operating Income": 22,
        "EBIT": 59,
        "Net Income": 19
    },
    "2015-01-31": {
        "Diluted EPS": 0.05,
        "Total Revenue": 665,
        "Gross Profit": 575,
        "Operating Income": 14,
        "EBIT": 50,
        "Net Income": 12
    },
    "2014-10-31": {
        "Diluted EPS": 0.05,
        "Total Revenue": 618,
        "Gross Profit": 532,
        "Operating Income": 15,
        "EBIT": 51,
        "Net Income": 11
    },
    "2014-07-31": {
        "Diluted EPS": 0.13,
        "Total Revenue": 637,
        "Gross Profit": 549,
        "Operating Income": 50,
        "EBIT": 87,
        "Net Income": 31
    },
    "2014-04-30": {
        "Diluted EPS": 0.12,
        "Total Revenue": 593,
        "Gross Profit": 514,
        "Operating Income": 42,
        "EBIT": 78,
        "Net Income": 28
    },
    "2014-01-31": {
        "Diluted EPS": 0.24,
        "Total Revenue": 587,
        "Gross Profit": 515,
        "Operating Income": 52,
        "EBIT": 85,
        "Net Income": 54
    },
    "2013-10-31": {
        "Diluted EPS": 0.25,
        "Total Revenue": 555,
        "Gross Profit": 488,
        "Operating Income": 68,
        "EBIT": 99,
        "Net Income": 58
    },
    "2013-07-31": {
        "Diluted EPS": 0.27,
        "Total Revenue": 562,
        "Gross Profit": 494,
        "Operating Income": 84,
        "EBIT": 116,
        "Net Income": 62
    },
    "2013-04-30": {
        "Diluted EPS": 0.24,
        "Total Revenue": 570,
        "Gross Profit": 503,
        "Operating Income": 81,
        "EBIT": 115,
        "Net Income": 56
    },
    "2013-01-31": {
        "Diluted EPS": 0.32,
        "Total Revenue": 607,
        "Gross Profit": 545,
        "Operating Income": 85,
        "EBIT": 119,
        "Net Income": 75
    },
    "2012-10-31": {
        "Diluted EPS": 0.13,
        "Total Revenue": 548,
        "Gross Profit": 490,
        "Operating Income": 34,
        "EBIT": 69,
        "Net Income": 29
    },
    "2012-07-31": {
        "Diluted EPS": 0.28,
        "Total Revenue": 569,
        "Gross Profit": 509,
        "Operating Income": 93,
        "EBIT": 122,
        "Net Income": 65
    },
    "2012-04-30": {
        "Diluted EPS": 0.34,
        "Total Revenue": 589,
        "Gross Profit": 530,
        "Operating Income": 94,
        "EBIT": 123,
        "Net Income": 79
    },
    "2012-01-31": {
        "Diluted EPS": 0.31,
        "Total Revenue": 592,
        "Gross Profit": 535,
        "Operating Income": 92,
        "EBIT": 122,
        "Net Income": 72
    },
    "2011-10-31": {
        "Diluted EPS": 0.32,
        "Total Revenue": 549,
        "Gross Profit": 489,
        "Operating Income": 90,
        "EBIT": 121,
        "Net Income": 73
    },
    "2011-07-31": {
        "Diluted EPS": 0.3,
        "Total Revenue": 546,
        "Gross Profit": 489,
        "Operating Income": 95,
        "EBIT": 125,
        "Net Income": 71
    },
    "2011-04-30": {
        "Diluted EPS": 0.29,
        "Total Revenue": 528,
        "Gross Profit": 474,
        "Operating Income": 79,
        "EBIT": 103,
        "Net Income": 69
    },
    "2011-01-31": {
        "Diluted EPS": 0.26,
        "Total Revenue": 528,
        "Gross Profit": 479,
        "Operating Income": 72,
        "EBIT": 97,
        "Net Income": 62
    },
    "2010-10-31": {
        "Diluted EPS": 0.23,
        "Total Revenue": 477,
        "Gross Profit": 428,
        "Operating Income": 69,
        "EBIT": 96,
        "Net Income": 54
    },
    "2010-07-31": {
        "Diluted EPS": 0.25,
        "Total Revenue": 473,
        "Gross Profit": 424,
        "Operating Income": 80,
        "EBIT": 106,
        "Net Income": 60
    },
    "2010-04-30": {
        "Diluted EPS": 0.16,
        "Total Revenue": 475,
        "Gross Profit": 423,
        "Operating Income": 51,
        "EBIT": 78,
        "Net Income": 37
    },
    "2010-01-31": {
        "Diluted EPS": 0.21,
        "Total Revenue": 456,
        "Gross Profit": 412,
        "Operating Income": 56,
        "EBIT": 83,
        "Net Income": 50
    },
    "2009-10-31": {
        "Diluted EPS": 0.13,
        "Total Revenue": 417,
        "Gross Profit": 372,
        "Operating Income": 26,
        "EBIT": 55,
        "Net Income": 30
    },
    "2009-07-31": {
        "Diluted EPS": 0.05,
        "Total Revenue": 415,
        "Gross Profit": 365,
        "Operating Income": 3,
        "EBIT": 31,
        "Net Income": 11
    },
    "2009-04-30": {
        "Diluted EPS": -0.14,
        "Total Revenue": 426,
        "Gross Profit": 374,
        "Operating Income": -19,
        "EBIT": 29,
        "Net Income": -32
    },
    "2009-01-31": {
        "Diluted EPS": -0.45,
        "Total Revenue": 490,
        "Gross Profit": 441,
        "Operating Income": -134,
        "EBIT": 22,
        "Net Income": -105
    },
    "2023-07-31": {
        "Tax Effect Of Unusual Items": -2093023.255814,
        "Tax Rate For Calcs": 0.139535,
        "Normalized EBITDA": 310000000.0,
        "Total Unusual Items": -15000000.0,
        "Total Unusual Items Excluding Goodwill": -15000000.0,
        "Net Income From Continuing Operation Net Minority Interest": 222000000.0,
        "Reconciled Depreciation": 33000000.0,
        "Reconciled Cost Of Revenue": 105000000.0,
        "EBITDA": 295000000.0,
        "EBIT": 262000000.0,
        "Net Interest Income": 9000000.0,
        "Interest Income": 9000000.0,
        "Normalized Income": 234906976.744186,
        "Net Income From Continuing And Discontinued Operation": 222000000.0,
        "Total Expenses": 1083000000.0,
        "Total Operating Income As Reported": 262000000.0,
        "Diluted Average Shares": 215000000.0,
        "Basic Average Shares": 214000000.0,
        "Diluted EPS": 1.03,
        "Basic EPS": 1.04,
        "Diluted NI Availto Com Stockholders": 222000000.0,
        "Net Income Common Stockholders": 222000000.0,
        "Net Income": 222000000.0,
        "Net Income Including Noncontrolling Interests": 222000000.0,
        "Net Income Continuous Operations": 222000000.0,
        "Tax Provision": 36000000.0,
        "Pretax Income": 258000000.0,
        "Other Income Expense": -13000000.0,
        "Other Non Operating Income Expenses": 2000000.0,
        "Gain On Sale Of Security": -15000000.0,
        "Net Non Operating Interest Income Expense": 9000000.0,
        "Total Other Finance Cost": NaN,
        "Interest Income Non Operating": 9000000.0,
        "Operating Income": 262000000.0,
        "Operating Expense": 956000000.0,
        "Depreciation Amortization Depletion Income Statement": 11000000.0,
        "Depreciation And Amortization In Income Statement": 11000000.0,
        "Amortization": 11000000.0,
        "Amortization Of Intangibles Income Statement": 11000000.0,
        "Research And Development": 355000000.0,
        "Selling General And Administration": 590000000.0,
        "Selling And Marketing Expense": 449000000.0,
        "General And Administrative Expense": 141000000.0,
        "Other Gand A": 141000000.0,
        "Salaries And Wages": NaN,
        "Gross Profit": 1218000000.0,
        "Cost Of Revenue": 127000000.0,
        "Total Revenue": 1345000000.0,
        "Operating Revenue": 1284000000.0
    },
    "2023-10-31": {
        "Tax Effect Of Unusual Items": -2962500.0,
        "Tax Rate For Calcs": 0.246875,
        "Normalized EBITDA": 382000000.0,
        "Total Unusual Items": -12000000.0,
        "Total Unusual Items Excluding Goodwill": -12000000.0,
        "Net Income From Continuing Operation Net Minority Interest": 241000000.0,
        "Reconciled Depreciation": 36000000.0,
        "Reconciled Cost Of Revenue": 101000000.0,
        "EBITDA": 370000000.0,
        "EBIT": 334000000.0,
        "Net Interest Income": -1000000.0,
        "Interest Income": NaN,
        "Normalized Income": 250037500.0,
        "Net Income From Continuing And Discontinued Operation": 241000000.0,
        "Total Expenses": 1080000000.0,
        "Total Operating Income As Reported": 334000000.0,
        "Diluted Average Shares": 216000000.0,
        "Basic Average Shares": 214000000.0,
        "Diluted EPS": 1.12,
        "Basic EPS": 1.13,
        "Diluted NI Availto Com Stockholders": 241000000.0,
        "Net Income Common Stockholders": 241000000.0,
        "Net Income": 241000000.0,
        "Net Income Including Noncontrolling Interests": 241000000.0,
        "Net Income Continuous Operations": 241000000.0,
        "Tax Provision": 79000000.0,
        "Pretax Income": 320000000.0,
        "Other Income Expense": -13000000.0,
        "Other Non Operating Income Expenses": -1000000.0,
        "Gain On Sale Of Security": -12000000.0,
        "Net Non Operating Interest Income Expense": -1000000.0,
        "Total Other Finance Cost": 1000000.0,
        "Interest Income Non Operating": NaN,
        "Operating Income": 334000000.0,
        "Operating Expense": 953000000.0,
        "Depreciation Amortization Depletion Income Statement": 10000000.0,
        "Depreciation And Amortization In Income Statement": 10000000.0,
        "Amortization": 10000000.0,
        "Amortization Of Intangibles Income Statement": 10000000.0,
        "Research And Development": 339000000.0,
        "Selling General And Administration": 604000000.0,
        "Selling And Marketing Expense": 439000000.0,
        "General And Administrative Expense": 165000000.0,
        "Other Gand A": 165000000.0,
        "Salaries And Wages": NaN,
        "Gross Profit": 1287000000.0,
        "Cost Of Revenue": 127000000.0,
        "Total Revenue": 1414000000.0,
        "Operating Revenue": 1326000000.0
    },
    "2024-01-31": {
        "Tax Effect Of Unusual Items": NaN,
        "Tax Rate For Calcs": NaN,
        "Normalized EBITDA": NaN,
        "Total Unusual Items": NaN,
        "Total Unusual Items Excluding Goodwill": NaN,
        "Net Income From Continuing Operation Net Minority Interest": NaN,
        "Reconciled Depreciation": NaN,
        "Reconciled Cost Of Revenue": NaN,
        "EBITDA": NaN,
        "EBIT": NaN,
        "Net Interest Income": NaN,
        "Interest Income": NaN,
        "Normalized Income": NaN,
        "Net Income From Continuing And Discontinued Operation": NaN,
        "Total Expenses": NaN,
        "Total Operating Income As Reported": NaN,
        "Diluted Average Shares": 216000000.0,
        "Basic Average Shares": 214000000.0,
        "Diluted EPS": 1.31,
        "Basic EPS": 1.32,
        "Diluted NI Availto Com Stockholders": NaN,
        "Net Income Common Stockholders": NaN,
        "Net Income": NaN,
        "Net Income Including Noncontrolling Interests": NaN,
        "Net Income Continuous Operations": NaN,
        "Tax Provision": NaN,
        "Pretax Income": NaN,
        "Other Income Expense": NaN,
        "Other Non Operating Income Expenses": NaN,
        "Gain On Sale Of Security": NaN,
        "Net Non Operating Interest Income Expense": NaN,
        "Total Other Finance Cost": NaN,
        "Interest Income Non Operating": NaN,
        "Operating Income": NaN,
        "Operating Expense": NaN,
        "Depreciation Amortization Depletion Income Statement": NaN,
        "Depreciation And Amortization In Income Statement": NaN,
        "Amortization": NaN,
        "Amortization Of Intangibles Income Statement": NaN,
        "Research And Development": NaN,
        "Selling General And Administration": NaN,
        "Selling And Marketing Expense": NaN,
        "General And Administrative Expense": NaN,
        "Other Gand A": NaN,
        "Salaries And Wages": NaN,
        "Gross Profit": NaN,
        "Cost Of Revenue": NaN,
        "Total Revenue": NaN,
        "Operating Revenue": NaN
    }
}