{
    "2023-03-31": {
        "Tax Effect Of Unusual Items": -7560.0,
        "Tax Rate For Calcs": 0.21,
        "Normalized EBITDA": -1103000.0,
        "Total Unusual Items": -36000.0,
        "Total Unusual Items Excluding Goodwill": -36000.0,
        "Net Income From Continuing Operation Net Minority Interest": -5223000.0,
        "Reconciled Depreciation": 2108000.0,
        "Reconciled Cost Of Revenue": 18387000.0,
        "EBITDA": -1139000.0,
        "EBIT": -3247000.0,
        "Net Interest Income": 619000.0,
        "Normalized Income": -5194560.0,
        "Net Income From Continuing And Discontinued Operation": -5223000.0,
        "Total Expenses": 35921000.0,
        "Total Operating Income As Reported": -3247000.0,
        "Diluted Average Shares": 87551278.0,
        "Basic Average Shares": 87551278.0,
        "Diluted EPS": -0.06,
        "Basic EPS": -0.06,
        "Diluted NI Availto Com Stockholders": -5223000.0,
        "Net Income Common Stockholders": -5223000.0,
        "Net Income": -5223000.0,
        "Minority Interests": 0.0,
        "Net Income Including Noncontrolling Interests": -5223000.0,
        "Net Income Continuous Operations": -5223000.0,
        "Tax Provision": 2350000.0,
        "Pretax Income": -2873000.0,
        "Other Income Expense": -245000.0,
        "Other Non Operating Income Expenses": -41000.0,
        "Special Income Charges": 233000.0,
        "Gain On Sale Of Business": 0.0,
        "Restructuring And Mergern Acquisition": -233000.0,
        "Earnings From Equity Interest": -168000.0,
        "Gain On Sale Of Security": -269000.0,
        "Net Non Operating Interest Income Expense": 619000.0,
        "Total Other Finance Cost": -619000.0,
        "Operating Income": -3247000.0,
        "Operating Expense": 17534000.0,
        "Research And Development": 3291000.0,
        "Selling General And Administration": 14243000.0,
        "Selling And Marketing Expense": 10307000.0,
        "General And Administrative Expense": 3936000.0,
        "Other Gand A": 3936000.0,
        "Gross Profit": 14287000.0,
        "Cost Of Revenue": 18387000.0,
        "Total Revenue": 32674000.0,
        "Operating Revenue": 32674000.0
    },
    "2022-12-31": {
        "Tax Effect Of Unusual Items": 545642.355009,
        "Tax Rate For Calcs": 0.167838,
        "Normalized EBITDA": -20695000.0,
        "Total Unusual Items": 3251000.0,
        "Total Unusual Items Excluding Goodwill": 3251000.0,
        "Net Income From Continuing Operation Net Minority Interest": 7576000.0,
        "Reconciled Depreciation": 2008000.0,
        "Reconciled Cost Of Revenue": 25237000.0,
        "EBITDA": -17444000.0,
        "EBIT": -19452000.0,
        "Net Interest Income": 322000.0,
        "Normalized Income": 4870642.355009,
        "Net Income From Continuing And Discontinued Operation": 7576000.0,
        "Total Expenses": 46230000.0,
        "Total Operating Income As Reported": 5551000.0,
        "Diluted Average Shares": 91822577.0,
        "Basic Average Shares": 86874191.0,
        "Diluted EPS": 0.08,
        "Basic EPS": 0.09,
        "Diluted NI Availto Com Stockholders": 7576000.0,
        "Net Income Common Stockholders": 7576000.0,
        "Net Income": 7576000.0,
        "Minority Interests": 0.0,
        "Net Income Including Noncontrolling Interests": 7576000.0,
        "Net Income Continuous Operations": 7576000.0,
        "Tax Provision": 1528000.0,
        "Pretax Income": 9104000.0,
        "Other Income Expense": 3231000.0,
        "Other Non Operating Income Expenses": 3000.0,
        "Special Income Charges": 1644000.0,
        "Gain On Sale Of Business": 0.0,
        "Restructuring And Mergern Acquisition": -1644000.0,
        "Earnings From Equity Interest": -23000.0,
        "Gain On Sale Of Security": 1607000.0,
        "Net Non Operating Interest Income Expense": 322000.0,
        "Total Other Finance Cost": NaN,
        "Operating Income": 5551000.0,
        "Operating Expense": 20993000.0,
        "Research And Development": 4251000.0,
        "Selling General And Administration": 16742000.0,
        "Selling And Marketing Expense": 11478000.0,
        "General And Administrative Expense": 5264000.0,
        "Other Gand A": 5264000.0,
        "Gross Profit": 26544000.0,
        "Cost Of Revenue": 25237000.0,
        "Total Revenue": 51781000.0,
        "Operating Revenue": 51781000.0
    },
    "2022-09-30": {
        "Tax Effect Of Unusual Items": 1376777.859238,
        "Tax Rate For Calcs": 0.160557,
        "Normalized EBITDA": -8410000.0,
        "Total Unusual Items": 8575000.0,
        "Total Unusual Items Excluding Goodwill": 8575000.0,
        "Net Income From Continuing Operation Net Minority Interest": 5725000.0,
        "Reconciled Depreciation": 1973000.0,
        "Reconciled Cost Of Revenue": NaN,
        "EBITDA": 165000.0,
        "EBIT": -1808000.0,
        "Net Interest Income": 97000.0,
        "Interest Income": 97000.0,
        "Normalized Income": -1473222.140762,
        "Net Income From Continuing And Discontinued Operation": 5725000.0,
        "Total Expenses": 39392000.0,
        "Total Operating Income As Reported": -1808000.0,
        "Diluted Average Shares": 92122421.0,
        "Basic Average Shares": 86492025.0,
        "Diluted EPS": 0.06,
        "Basic EPS": 0.07,
        "Diluted NI Availto Com Stockholders": 5725000.0,
        "Net Income Common Stockholders": 5725000.0,
        "Net Income": 5725000.0,
        "Minority Interests": 0.0,
        "Net Income Including Noncontrolling Interests": 5725000.0,
        "Net Income Continuous Operations": 5725000.0,
        "Tax Provision": 1095000.0,
        "Pretax Income": 6820000.0,
        "Other Income Expense": 8531000.0,
        "Other Non Operating Income Expenses": -5000.0,
        "Special Income Charges": 2901000.0,
        "Gain On Sale Of Business": 0.0,
        "Restructuring And Mergern Acquisition": -2901000.0,
        "Earnings From Equity Interest": -39000.0,
        "Gain On Sale Of Security": 5674000.0,
        "Net Non Operating Interest Income Expense": 97000.0,
        "Total Other Finance Cost": NaN,
        "Interest Income Non Operating": 97000.0,
        "Operating Income": -1808000.0,
        "Operating Expense": 39392000.0,
        "Research And Development": 3955000.0,
        "Selling General And Administration": 35437000.0,
        "Selling And Marketing Expense": 11127000.0,
        "General And Administrative Expense": 24310000.0,
        "Other Gand A": 24310000.0,
        "Gross Profit": NaN,
        "Cost Of Revenue": NaN,
        "Total Revenue": 37584000.0,
        "Operating Revenue": 37584000.0
    },
    "2022-06-30": {
        "Tax Effect Of Unusual Items": 22376800.0,
        "Tax Rate For Calcs": 0.4,
        "Normalized EBITDA": 3226000.0,
        "Total Unusual Items": 55942000.0,
        "Total Unusual Items Excluding Goodwill": 55942000.0,
        "Net Income From Continuing Operation Net Minority Interest": 57777000.0,
        "Reconciled Depreciation": 1954000.0,
        "Reconciled Cost Of Revenue": NaN,
        "EBITDA": 59168000.0,
        "EBIT": 57214000.0,
        "Net Interest Income": -47000.0,
        "Interest Expense": 47000.0,
        "Interest Income": NaN,
        "Normalized Income": 24211800.0,
        "Net Income From Continuing And Discontinued Operation": 57777000.0,
        "Total Expenses": 41193000.0,
        "Total Operating Income As Reported": 1283000.0,
        "Diluted Average Shares": 93402650.0,
        "Basic Average Shares": 85766302.0,
        "Diluted EPS": 0.62,
        "Basic EPS": 0.67,
        "Diluted NI Availto Com Stockholders": 57777000.0,
        "Net Income Common Stockholders": 57777000.0,
        "Net Income": 57777000.0,
        "Minority Interests": 0.0,
        "Net Income Including Noncontrolling Interests": 57777000.0,
        "Net Income Continuous Operations": 57777000.0,
        "Tax Provision": -610000.0,
        "Pretax Income": 57167000.0,
        "Other Income Expense": 55931000.0,
        "Other Non Operating Income Expenses": -1000.0,
        "Special Income Charges": 37419000.0,
        "Gain On Sale Of Business": 0.0,
        "Restructuring And Mergern Acquisition": -37419000.0,
        "Earnings From Equity Interest": -10000.0,
        "Gain On Sale Of Security": 18523000.0,
        "Net Non Operating Interest Income Expense": -47000.0,
        "Total Other Finance Cost": NaN,
        "Interest Expense Non Operating": 47000.0,
        "Interest Income Non Operating": NaN,
        "Operating Income": 1283000.0,
        "Operating Expense": 41193000.0,
        "Research And Development": 4153000.0,
        "Selling General And Administration": 37040000.0,
        "Selling And Marketing Expense": 11083000.0,
        "General And Administrative Expense": 25957000.0,
        "Other Gand A": 25957000.0,
        "Gross Profit": NaN,
        "Cost Of Revenue": NaN,
        "Total Revenue": 42476000.0,
        "Operating Revenue": 42476000.0
    },
    "2022-03-31": {
        "Diluted EPS": -0.49,
        "Total Revenue": 34,
        "Gross Profit": 16,
        "Operating Income": -4,
        "EBIT": -2,
        "Net Income": -42
    },
    "2021-12-31": {
        "Diluted EPS": 0.29,
        "Total Revenue": 55,
        "Gross Profit": 30,
        "Operating Income": -10,
        "EBIT": -8,
        "Net Income": 20
    },
    "2021-09-30": {
        "Diluted EPS": 0.05,
        "Total Revenue": 40,
        "Gross Profit": 20,
        "Operating Income": 5,
        "EBIT": 7,
        "Net Income": 3
    },
    "2021-06-30": {
        "Diluted EPS": 0.02,
        "Total Revenue": 40,
        "Gross Profit": 22,
        "Operating Income": 3,
        "EBIT": 5,
        "Net Income": 2
    },
    "2021-03-31": {
        "Diluted EPS": 0.03,
        "Total Revenue": 31,
        "Gross Profit": 16,
        "Operating Income": 3,
        "EBIT": 6,
        "Net Income": 2
    },
    "2020-12-31": {
        "Diluted EPS": 0.0,
        "Total Revenue": NaN,
        "Gross Profit": NaN,
        "Operating Income": NaN,
        "EBIT": NaN,
        "Net Income": NaN
    },
    "2023-06-30": {
        "Tax Effect Of Unusual Items": 148470.0,
        "Tax Rate For Calcs": 0.21,
        "Normalized EBITDA": 758000.0,
        "Total Unusual Items": 707000.0,
        "Total Unusual Items Excluding Goodwill": 707000.0,
        "Net Income From Continuing Operation Net Minority Interest": 8082000.0,
        "Reconciled Depreciation": 2194000.0,
        "Reconciled Cost Of Revenue": 20735000.0,
        "EBITDA": 1465000.0,
        "EBIT": -729000.0,
        "Net Interest Income": 424000.0,
        "Normalized Income": 7523470.0,
        "Net Income From Continuing And Discontinued Operation": 8082000.0,
        "Total Expenses": 38316000.0,
        "Total Operating Income As Reported": -729000.0,
        "Diluted Average Shares": 92787955.0,
        "Basic Average Shares": 87874081.0,
        "Diluted EPS": 0.09,
        "Basic EPS": 0.09,
        "Diluted NI Availto Com Stockholders": 8082000.0,
        "Net Income Common Stockholders": 8082000.0,
        "Net Income": 8082000.0,
        "Minority Interests": 0.0,
        "Net Income Including Noncontrolling Interests": 8082000.0,
        "Net Income Continuous Operations": 8082000.0,
        "Tax Provision": -7666000.0,
        "Pretax Income": 416000.0,
        "Other Income Expense": 721000.0,
        "Other Non Operating Income Expenses": 4000.0,
        "Special Income Charges": 292000.0,
        "Gain On Sale Of Business": 0.0,
        "Restructuring And Mergern Acquisition": -292000.0,
        "Earnings From Equity Interest": 10000.0,
        "Gain On Sale Of Security": 415000.0,
        "Net Non Operating Interest Income Expense": 424000.0,
        "Total Other Finance Cost": -424000.0,
        "Operating Income": -729000.0,
        "Operating Expense": 17581000.0,
        "Research And Development": 3368000.0,
        "Selling General And Administration": 14213000.0,
        "Selling And Marketing Expense": 10624000.0,
        "General And Administrative Expense": 3589000.0,
        "Other Gand A": 3589000.0,
        "Gross Profit": 16852000.0,
        "Cost Of Revenue": 20735000.0,
        "Total Revenue": 37587000.0,
        "Operating Revenue": 37587000.0
    },
    "2023-09-30": {
        "Tax Effect Of Unusual Items": 318150.0,
        "Tax Rate For Calcs": 0.21,
        "Normalized EBITDA": 647000.0,
        "Total Unusual Items": 1515000.0,
        "Total Unusual Items Excluding Goodwill": 1515000.0,
        "Net Income From Continuing Operation Net Minority Interest": -4194000.0,
        "Reconciled Depreciation": 2317000.0,
        "Reconciled Cost Of Revenue": 22019000.0,
        "EBITDA": 2162000.0,
        "EBIT": -155000.0,
        "Net Interest Income": 707000.0,
        "Normalized Income": -5390850.0,
        "Net Income From Continuing And Discontinued Operation": -4194000.0,
        "Total Expenses": 41045000.0,
        "Total Operating Income As Reported": NaN,
        "Diluted Average Shares": 88175813.0,
        "Basic Average Shares": 88175813.0,
        "Diluted EPS": -0.05,
        "Basic EPS": -0.05,
        "Diluted NI Availto Com Stockholders": -4194000.0,
        "Net Income Common Stockholders": -4194000.0,
        "Net Income": -4194000.0,
        "Minority Interests": 0.0,
        "Net Income Including Noncontrolling Interests": -4194000.0,
        "Net Income Continuous Operations": -4194000.0,
        "Tax Provision": 6254000.0,
        "Pretax Income": 2060000.0,
        "Other Income Expense": 1508000.0,
        "Other Non Operating Income Expenses": -12000.0,
        "Special Income Charges": 225000.0,
        "Gain On Sale Of Business": 0.0,
        "Restructuring And Mergern Acquisition": -225000.0,
        "Earnings From Equity Interest": 5000.0,
        "Gain On Sale Of Security": 1290000.0,
        "Net Non Operating Interest Income Expense": 707000.0,
        "Total Other Finance Cost": -707000.0,
        "Operating Income": -155000.0,
        "Operating Expense": 19026000.0,
        "Research And Development": 3794000.0,
        "Selling General And Administration": 15232000.0,
        "Selling And Marketing Expense": 11119000.0,
        "General And Administrative Expense": 4113000.0,
        "Other Gand A": 4113000.0,
        "Gross Profit": 18871000.0,
        "Cost Of Revenue": 22019000.0,
        "Total Revenue": 40890000.0,
        "Operating Revenue": 40890000.0
    }
}