{
    "2022-06-30": {
        "Diluted EPS": 0.0,
        "Total Revenue": NaN,
        "Gross Profit": NaN,
        "Operating Income": NaN,
        "Net Income": NaN
    },
    "2016-12-31": {
        "Diluted EPS": -57.34,
        "Total Revenue": 29,
        "Gross Profit": -13,
        "Operating Income": -18,
        "EBIT": -16,
        "Net Income": -53
    },
    "2016-09-30": {
        "Diluted EPS": 0.18,
        "Total Revenue": 38,
        "Gross Profit": 1,
        "Operating Income": 0,
        "EBIT": 2,
        "Net Income": 0
    },
    "2016-06-30": {
        "Diluted EPS": 3.59,
        "Total Revenue": 32,
        "Gross Profit": 5,
        "Operating Income": 4,
        "EBIT": 6,
        "Net Income": 4
    },
    "2016-03-31": {
        "Diluted EPS": 0.96,
        "Total Revenue": 21,
        "Gross Profit": 3,
        "Operating Income": 2,
        "EBIT": 3,
        "Net Income": 1
    },
    "2015-12-31": {
        "Diluted EPS": -74.65,
        "Total Revenue": 32,
        "Gross Profit": 2,
        "Operating Income": 0,
        "EBIT": 3,
        "Net Income": -65
    },
    "2015-09-30": {
        "Diluted EPS": 5.04,
        "Total Revenue": 53,
        "Gross Profit": 7,
        "Operating Income": 6,
        "EBIT": 9,
        "Net Income": 4
    },
    "2015-06-30": {
        "Diluted EPS": 3.6,
        "Total Revenue": 42,
        "Gross Profit": 6,
        "Operating Income": 4,
        "EBIT": 7,
        "Net Income": 3
    },
    "2015-03-31": {
        "Diluted EPS": 0.48,
        "Total Revenue": 34,
        "Gross Profit": 2,
        "Operating Income": 1,
        "EBIT": 4,
        "Net Income": 0
    },
    "2014-12-31": {
        "Diluted EPS": 0.96,
        "Total Revenue": 39,
        "Gross Profit": 4,
        "Operating Income": 0,
        "EBIT": 3,
        "Net Income": 1
    },
    "2014-09-30": {
        "Diluted EPS": 6.72,
        "Total Revenue": 52,
        "Gross Profit": 7,
        "Operating Income": 5,
        "EBIT": 5,
        "Net Income": 6
    },
    "2014-06-30": {
        "Diluted EPS": 0.24,
        "Total Revenue": 43,
        "Gross Profit": 4,
        "Operating Income": 2,
        "EBIT": 2,
        "Net Income": 0
    },
    "2014-03-31": {
        "Diluted EPS": -13.44,
        "Total Revenue": 34,
        "Gross Profit": 2,
        "Operating Income": 0,
        "EBIT": 3,
        "Net Income": -12
    },
    "2013-12-31": {
        "Diluted EPS": 0.0,
        "Total Revenue": 35,
        "Gross Profit": -1,
        "Operating Income": -2,
        "EBIT": 0,
        "Net Income": -2
    },
    "2013-09-30": {
        "Diluted EPS": 0.72,
        "Total Revenue": 55,
        "Gross Profit": 5,
        "Operating Income": 4,
        "EBIT": 7,
        "Net Income": 1
    },
    "2013-06-30": {
        "Diluted EPS": 1.92,
        "Total Revenue": 36,
        "Gross Profit": 4,
        "Operating Income": 2,
        "EBIT": 5,
        "Net Income": 2
    },
    "2013-03-31": {
        "Diluted EPS": -0.96,
        "Total Revenue": 24,
        "Gross Profit": 1,
        "Operating Income": -1,
        "EBIT": 2,
        "Net Income": -1
    },
    "2012-12-31": {
        "Diluted EPS": 2.64,
        "Total Revenue": 40,
        "Gross Profit": 6,
        "Operating Income": 4,
        "EBIT": 7,
        "Net Income": 2
    },
    "2012-09-30": {
        "Diluted EPS": 13.68,
        "Total Revenue": 62,
        "Gross Profit": 18,
        "Operating Income": 17,
        "EBIT": 19,
        "Net Income": 12
    },
    "2012-06-30": {
        "Diluted EPS": 15.84,
        "Total Revenue": 69,
        "Gross Profit": 20,
        "Operating Income": 18,
        "EBIT": 21,
        "Net Income": 14
    },
    "2012-03-31": {
        "Diluted EPS": 13.44,
        "Total Revenue": 59,
        "Gross Profit": 18,
        "Operating Income": 16,
        "EBIT": 19,
        "Net Income": 11
    },
    "2011-12-31": {
        "Diluted EPS": 17.04,
        "Total Revenue": 64,
        "Gross Profit": 22,
        "Operating Income": 20,
        "EBIT": 22,
        "Net Income": 15
    },
    "2011-09-30": {
        "Diluted EPS": 15.6,
        "Total Revenue": 63,
        "Gross Profit": 19,
        "Operating Income": 17,
        "EBIT": 19,
        "Net Income": 12
    },
    "2011-06-30": {
        "Diluted EPS": 14.64,
        "Total Revenue": 57,
        "Gross Profit": 17,
        "Operating Income": 16,
        "EBIT": 17,
        "Net Income": 11
    },
    "2011-03-31": {
        "Diluted EPS": 10.8,
        "Total Revenue": 47,
        "Gross Profit": 14,
        "Operating Income": 12,
        "EBIT": 13,
        "Net Income": 8
    },
    "2010-12-31": {
        "Diluted EPS": 13.92,
        "Total Revenue": 42,
        "Gross Profit": 14,
        "Operating Income": 13,
        "EBIT": 15,
        "Net Income": 9
    },
    "2010-09-30": {
        "Diluted EPS": 20.16,
        "Total Revenue": 43,
        "Gross Profit": 14,
        "Operating Income": 12,
        "EBIT": 12,
        "Net Income": 9
    },
    "2010-06-30": {
        "Diluted EPS": 19.44,
        "Total Revenue": 40,
        "Gross Profit": 12,
        "Operating Income": 11,
        "EBIT": 11,
        "Net Income": 8
    },
    "2010-03-31": {
        "Diluted EPS": 15.6,
        "Total Revenue": 34,
        "Gross Profit": 10,
        "Operating Income": 9,
        "EBIT": 9,
        "Net Income": 7
    },
    "2009-12-31": {
        "Diluted EPS": 10.56,
        "Total Revenue": 34,
        "Gross Profit": 34,
        "Operating Income": 34,
        "EBIT": 36,
        "Net Income": 4
    },
    "2009-09-30": {
        "Diluted EPS": 32.16,
        "Total Revenue": 36,
        "Gross Profit": 36,
        "Operating Income": 36,
        "EBIT": 36,
        "Net Income": 8
    },
    "2009-06-30": {
        "Diluted EPS": 26.4,
        "Total Revenue": 31,
        "Gross Profit": 31,
        "Operating Income": 31,
        "EBIT": 31,
        "Net Income": 6
    },
    "2009-03-31": {
        "Diluted EPS": 18.96,
        "Total Revenue": 25,
        "Gross Profit": 25,
        "Operating Income": 25,
        "EBIT": 25,
        "Net Income": 5
    }
}