{
    "2023-04-30": {
        "Tax Effect Of Unusual Items": NaN,
        "Tax Rate For Calcs": NaN,
        "Normalized EBITDA": NaN,
        "Total Unusual Items": NaN,
        "Total Unusual Items Excluding Goodwill": NaN,
        "Net Income From Continuing Operation Net Minority Interest": NaN,
        "Reconciled Depreciation": NaN,
        "Reconciled Cost Of Revenue": NaN,
        "EBITDA": NaN,
        "EBIT": NaN,
        "Net Interest Income": NaN,
        "Interest Expense": 690000.0,
        "Normalized Income": NaN,
        "Net Income From Continuing And Discontinued Operation": NaN,
        "Total Expenses": NaN,
        "Total Operating Income As Reported": NaN,
        "Diluted Average Shares": NaN,
        "Basic Average Shares": NaN,
        "Diluted EPS": NaN,
        "Basic EPS": NaN,
        "Diluted NI Availto Com Stockholders": NaN,
        "Average Dilution Earnings": 58000.0,
        "Net Income Common Stockholders": NaN,
        "Net Income": NaN,
        "Net Income Including Noncontrolling Interests": NaN,
        "Net Income Continuous Operations": NaN,
        "Tax Provision": NaN,
        "Pretax Income": NaN,
        "Other Income Expense": NaN,
        "Other Non Operating Income Expenses": NaN,
        "Special Income Charges": NaN,
        "Write Off": 21275000.0,
        "Impairment Of Capital Assets": 10759000.0,
        "Restructuring And Mergern Acquisition": 5592000.0,
        "Net Non Operating Interest Income Expense": NaN,
        "Total Other Finance Cost": NaN,
        "Interest Expense Non Operating": 690000.0,
        "Operating Income": NaN,
        "Operating Expense": NaN,
        "Depreciation Amortization Depletion Income Statement": NaN,
        "Depreciation And Amortization In Income Statement": NaN,
        "Selling General And Administration": NaN,
        "Gross Profit": NaN,
        "Cost Of Revenue": NaN,
        "Total Revenue": NaN,
        "Operating Revenue": NaN
    },
    "2023-01-31": {
        "Tax Effect Of Unusual Items": NaN,
        "Tax Rate For Calcs": NaN,
        "Normalized EBITDA": NaN,
        "Total Unusual Items": NaN,
        "Total Unusual Items Excluding Goodwill": NaN,
        "Net Income From Continuing Operation Net Minority Interest": NaN,
        "Reconciled Depreciation": NaN,
        "Reconciled Cost Of Revenue": NaN,
        "EBITDA": NaN,
        "EBIT": NaN,
        "Net Interest Income": NaN,
        "Interest Expense": 2410000.0,
        "Normalized Income": NaN,
        "Net Income From Continuing And Discontinued Operation": NaN,
        "Total Expenses": NaN,
        "Total Operating Income As Reported": NaN,
        "Diluted Average Shares": NaN,
        "Basic Average Shares": NaN,
        "Diluted EPS": NaN,
        "Basic EPS": NaN,
        "Diluted NI Availto Com Stockholders": NaN,
        "Average Dilution Earnings": NaN,
        "Net Income Common Stockholders": NaN,
        "Net Income": NaN,
        "Net Income Including Noncontrolling Interests": NaN,
        "Net Income Continuous Operations": NaN,
        "Tax Provision": NaN,
        "Pretax Income": NaN,
        "Other Income Expense": NaN,
        "Other Non Operating Income Expenses": NaN,
        "Special Income Charges": NaN,
        "Write Off": NaN,
        "Impairment Of Capital Assets": NaN,
        "Restructuring And Mergern Acquisition": NaN,
        "Net Non Operating Interest Income Expense": NaN,
        "Total Other Finance Cost": NaN,
        "Interest Expense Non Operating": 2410000.0,
        "Operating Income": NaN,
        "Operating Expense": NaN,
        "Depreciation Amortization Depletion Income Statement": NaN,
        "Depreciation And Amortization In Income Statement": NaN,
        "Selling General And Administration": NaN,
        "Gross Profit": NaN,
        "Cost Of Revenue": NaN,
        "Total Revenue": NaN,
        "Operating Revenue": NaN
    },
    "2022-10-31": {
        "Tax Effect Of Unusual Items": NaN,
        "Tax Rate For Calcs": NaN,
        "Normalized EBITDA": NaN,
        "Total Unusual Items": NaN,
        "Total Unusual Items Excluding Goodwill": NaN,
        "Net Income From Continuing Operation Net Minority Interest": NaN,
        "Reconciled Depreciation": NaN,
        "Reconciled Cost Of Revenue": NaN,
        "EBITDA": NaN,
        "EBIT": NaN,
        "Net Interest Income": NaN,
        "Interest Expense": 3878000.0,
        "Normalized Income": NaN,
        "Net Income From Continuing And Discontinued Operation": NaN,
        "Total Expenses": NaN,
        "Total Operating Income As Reported": NaN,
        "Diluted Average Shares": NaN,
        "Basic Average Shares": NaN,
        "Diluted EPS": NaN,
        "Basic EPS": NaN,
        "Diluted NI Availto Com Stockholders": NaN,
        "Average Dilution Earnings": NaN,
        "Net Income Common Stockholders": NaN,
        "Net Income": NaN,
        "Net Income Including Noncontrolling Interests": NaN,
        "Net Income Continuous Operations": NaN,
        "Tax Provision": NaN,
        "Pretax Income": NaN,
        "Other Income Expense": NaN,
        "Other Non Operating Income Expenses": NaN,
        "Special Income Charges": NaN,
        "Write Off": 0.0,
        "Impairment Of Capital Assets": NaN,
        "Restructuring And Mergern Acquisition": NaN,
        "Net Non Operating Interest Income Expense": NaN,
        "Total Other Finance Cost": NaN,
        "Interest Expense Non Operating": 3878000.0,
        "Operating Income": NaN,
        "Operating Expense": NaN,
        "Depreciation Amortization Depletion Income Statement": NaN,
        "Depreciation And Amortization In Income Statement": NaN,
        "Selling General And Administration": NaN,
        "Gross Profit": NaN,
        "Cost Of Revenue": NaN,
        "Total Revenue": NaN,
        "Operating Revenue": NaN
    },
    "2022-07-31": {
        "Tax Effect Of Unusual Items": 0.0,
        "Tax Rate For Calcs": 0.109,
        "Normalized EBITDA": 3958000.0,
        "Total Unusual Items": NaN,
        "Total Unusual Items Excluding Goodwill": NaN,
        "Net Income From Continuing Operation Net Minority Interest": -42466000.0,
        "Reconciled Depreciation": 48171000.0,
        "Reconciled Cost Of Revenue": 828107000.0,
        "EBITDA": 3958000.0,
        "EBIT": -44213000.0,
        "Net Interest Income": -63487000.0,
        "Interest Expense": 3421000.0,
        "Normalized Income": -42466000.0,
        "Net Income From Continuing And Discontinued Operation": -42466000.0,
        "Total Expenses": 1184110000.0,
        "Total Operating Income As Reported": 14014000.0,
        "Diluted Average Shares": 180189000.0,
        "Basic Average Shares": 180189000.0,
        "Diluted EPS": -0.24,
        "Basic EPS": -0.24,
        "Diluted NI Availto Com Stockholders": -42466000.0,
        "Average Dilution Earnings": NaN,
        "Net Income Common Stockholders": -42466000.0,
        "Net Income": -42466000.0,
        "Net Income Including Noncontrolling Interests": -42466000.0,
        "Net Income Continuous Operations": -42466000.0,
        "Tax Provision": -5168000.0,
        "Pretax Income": -47634000.0,
        "Other Income Expense": 1839000.0,
        "Other Non Operating Income Expenses": 1839000.0,
        "Special Income Charges": NaN,
        "Write Off": NaN,
        "Impairment Of Capital Assets": NaN,
        "Restructuring And Mergern Acquisition": NaN,
        "Net Non Operating Interest Income Expense": -63487000.0,
        "Total Other Finance Cost": 60066000.0,
        "Interest Expense Non Operating": 3421000.0,
        "Operating Income": 14014000.0,
        "Operating Expense": 356003000.0,
        "Depreciation Amortization Depletion Income Statement": 48171000.0,
        "Depreciation And Amortization In Income Statement": 48171000.0,
        "Selling General And Administration": 307832000.0,
        "Gross Profit": 370017000.0,
        "Cost Of Revenue": 828107000.0,
        "Total Revenue": 1198124000.0,
        "Operating Revenue": 1198124000.0
    },
    "2022-04-30": {
        "Diluted EPS": 0.16,
        "Total Revenue": NaN,
        "Gross Profit": 388,
        "Operating Income": 42,
        "EBIT": 91,
        "Net Income": 32
    },
    "2022-01-31": {
        "Diluted EPS": 0.25,
        "Total Revenue": NaN,
        "Gross Profit": 489,
        "Operating Income": 80,
        "EBIT": 128,
        "Net Income": 50
    },
    "2021-10-31": {
        "Diluted EPS": 0.74,
        "Total Revenue": NaN,
        "Gross Profit": 565,
        "Operating Income": 210,
        "EBIT": 252,
        "Net Income": 152
    },
    "2021-07-31": {
        "Diluted EPS": 0.58,
        "Total Revenue": NaN,
        "Gross Profit": 502,
        "Operating Income": 168,
        "EBIT": 210,
        "Net Income": 122
    },
    "2021-04-30": {
        "Diluted EPS": 0.46,
        "Total Revenue": NaN,
        "Gross Profit": 436,
        "Operating Income": 133,
        "EBIT": 173,
        "Net Income": 95
    },
    "2021-01-31": {
        "Diluted EPS": 0.04,
        "Total Revenue": NaN,
        "Gross Profit": 440,
        "Operating Income": 4,
        "EBIT": 46,
        "Net Income": 4
    },
    "2020-10-31": {
        "Diluted EPS": 0.32,
        "Total Revenue": NaN,
        "Gross Profit": 415,
        "Operating Income": 96,
        "EBIT": 135,
        "Net Income": 58
    },
    "2020-07-31": {
        "Diluted EPS": -0.08,
        "Total Revenue": 884,
        "Gross Profit": 265,
        "Operating Income": -12,
        "EBIT": 28,
        "Net Income": -14
    },
    "2020-04-30": {
        "Diluted EPS": -1.54,
        "Total Revenue": 552,
        "Gross Profit": 28,
        "Operating Income": -358,
        "EBIT": -315,
        "Net Income": -257
    },
    "2020-01-31": {
        "Diluted EPS": 0.03,
        "Total Revenue": NaN,
        "Gross Profit": 408,
        "Operating Income": 0,
        "EBIT": 45,
        "Net Income": 5
    },
    "2019-10-31": {
        "Diluted EPS": 0.48,
        "Total Revenue": NaN,
        "Gross Profit": 407,
        "Operating Income": 103,
        "EBIT": 149,
        "Net Income": 81
    },
    "2019-07-31": {
        "Diluted EPS": 0.38,
        "Total Revenue": NaN,
        "Gross Profit": 383,
        "Operating Income": 82,
        "EBIT": 127,
        "Net Income": 65
    },
    "2019-04-30": {
        "Diluted EPS": 0.23,
        "Total Revenue": 886,
        "Gross Profit": 325,
        "Operating Income": 48,
        "EBIT": 93,
        "Net Income": 41
    },
    "2019-01-31": {
        "Diluted EPS": 0.43,
        "Total Revenue": NaN,
        "Gross Profit": 431,
        "Operating Income": 101,
        "EBIT": 140,
        "Net Income": 76
    },
    "2018-10-31": {
        "Diluted EPS": 0.48,
        "Total Revenue": NaN,
        "Gross Profit": 399,
        "Operating Income": 109,
        "EBIT": 155,
        "Net Income": 85
    },
    "2018-07-31": {
        "Diluted EPS": 0.34,
        "Total Revenue": 965,
        "Gross Profit": 353,
        "Operating Income": 76,
        "EBIT": 120,
        "Net Income": 60
    },
    "2018-04-30": {
        "Diluted EPS": 0.22,
        "Total Revenue": 823,
        "Gross Profit": 304,
        "Operating Income": 51,
        "EBIT": 93,
        "Net Income": 40
    },
    "2018-01-31": {
        "Diluted EPS": 0.51,
        "Total Revenue": NaN,
        "Gross Profit": 425,
        "Operating Income": 116,
        "EBIT": 160,
        "Net Income": 94
    },
    "2017-10-31": {
        "Diluted EPS": 0.36,
        "Total Revenue": 960,
        "Gross Profit": 375,
        "Operating Income": 111,
        "EBIT": 155,
        "Net Income": 64
    },
    "2017-07-31": {
        "Diluted EPS": 0.12,
        "Total Revenue": 845,
        "Gross Profit": 293,
        "Operating Income": 39,
        "EBIT": 80,
        "Net Income": 21
    },
    "2017-04-30": {
        "Diluted EPS": 0.14,
        "Total Revenue": 762,
        "Gross Profit": 278,
        "Operating Income": 37,
        "EBIT": 78,
        "Net Income": 25
    },
    "2017-01-31": {
        "Diluted EPS": 0.3,
        "Total Revenue": NaN,
        "Gross Profit": 389,
        "Operating Income": 86,
        "EBIT": 126,
        "Net Income": 55
    },
    "2016-10-31": {
        "Diluted EPS": 0.41,
        "Total Revenue": 941,
        "Gross Profit": 378,
        "Operating Income": 118,
        "EBIT": 158,
        "Net Income": 76
    },
    "2016-07-31": {
        "Diluted EPS": 0.23,
        "Total Revenue": 823,
        "Gross Profit": 307,
        "Operating Income": 69,
        "EBIT": 108,
        "Net Income": 42
    },
    "2016-04-30": {
        "Diluted EPS": 0.22,
        "Total Revenue": 749,
        "Gross Profit": 293,
        "Operating Income": 59,
        "EBIT": 98,
        "Net Income": 40
    },
    "2016-01-31": {
        "Diluted EPS": 0.41,
        "Total Revenue": NaN,
        "Gross Profit": 388,
        "Operating Income": 116,
        "EBIT": 155,
        "Net Income": 82
    },
    "2015-10-31": {
        "Diluted EPS": 0.38,
        "Total Revenue": 919,
        "Gross Profit": 368,
        "Operating Income": 109,
        "EBIT": 147,
        "Net Income": 74
    },
    "2015-07-31": {
        "Diluted EPS": 0.17,
        "Total Revenue": 797,
        "Gross Profit": 285,
        "Operating Income": 53,
        "EBIT": 89,
        "Net Income": 33
    },
    "2015-04-30": {
        "Diluted EPS": 0.15,
        "Total Revenue": 700,
        "Gross Profit": 262,
        "Operating Income": 42,
        "EBIT": 77,
        "Net Income": 29
    },
    "2015-01-31": {
        "Diluted EPS": 0.32,
        "Total Revenue": NaN,
        "Gross Profit": 376,
        "Operating Income": 112,
        "EBIT": 149,
        "Net Income": 62
    },
    "2014-10-31": {
        "Diluted EPS": 0.05,
        "Total Revenue": 854,
        "Gross Profit": 315,
        "Operating Income": 23,
        "EBIT": 60,
        "Net Income": 9
    },
    "2014-07-31": {
        "Diluted EPS": 0.03,
        "Total Revenue": 711,
        "Gross Profit": 238,
        "Operating Income": 12,
        "EBIT": 48,
        "Net Income": 6
    },
    "2014-04-30": {
        "Diluted EPS": 0.02,
        "Total Revenue": 646,
        "Gross Profit": 226,
        "Operating Income": 8,
        "EBIT": 41,
        "Net Income": 4
    },
    "2014-01-31": {
        "Diluted EPS": 0.06,
        "Total Revenue": NaN,
        "Gross Profit": 306,
        "Operating Income": 24,
        "EBIT": 59,
        "Net Income": 11
    },
    "2013-10-31": {
        "Diluted EPS": 0.13,
        "Total Revenue": 857,
        "Gross Profit": 299,
        "Operating Income": 42,
        "EBIT": 74,
        "Net Income": 25
    },
    "2013-07-31": {
        "Diluted EPS": 0.1,
        "Total Revenue": 727,
        "Gross Profit": 245,
        "Operating Income": 29,
        "EBIT": 60,
        "Net Income": 20
    },
    "2013-04-30": {
        "Diluted EPS": 0.14,
        "Total Revenue": 679,
        "Gross Profit": 264,
        "Operating Income": 46,
        "EBIT": 82,
        "Net Income": 28
    },
    "2013-01-31": {
        "Diluted EPS": 0.48,
        "Total Revenue": NaN,
        "Gross Profit": 460,
        "Operating Income": 140,
        "EBIT": 171,
        "Net Income": 95
    },
    "2012-10-31": {
        "Diluted EPS": 0.39,
        "Total Revenue": 910,
        "Gross Profit": 379,
        "Operating Income": 129,
        "EBIT": 161,
        "Net Income": 79
    },
    "2012-07-31": {
        "Diluted EPS": 0.09,
        "Total Revenue": 740,
        "Gross Profit": 277,
        "Operating Income": 62,
        "EBIT": 95,
        "Net Income": 19
    },
    "2012-04-30": {
        "Diluted EPS": 0.2,
        "Total Revenue": 709,
        "Gross Profit": 275,
        "Operating Income": 64,
        "EBIT": 97,
        "Net Income": 40
    },
    "2012-01-31": {
        "Diluted EPS": 0.26,
        "Total Revenue": NaN,
        "Gross Profit": 364,
        "Operating Income": 101,
        "EBIT": 135,
        "Net Income": 51
    },
    "2011-10-31": {
        "Diluted EPS": 0.27,
        "Total Revenue": 819,
        "Gross Profit": 312,
        "Operating Income": 92,
        "EBIT": 127,
        "Net Income": 52
    },
    "2011-07-31": {
        "Diluted EPS": 0.1,
        "Total Revenue": 669,
        "Gross Profit": 236,
        "Operating Income": 38,
        "EBIT": 73,
        "Net Income": 20
    },
    "2011-04-30": {
        "Diluted EPS": 0.14,
        "Total Revenue": 610,
        "Gross Profit": 232,
        "Operating Income": 38,
        "EBIT": 74,
        "Net Income": 28
    },
    "2011-01-31": {
        "Diluted EPS": 0.43,
        "Total Revenue": 894,
        "Gross Profit": 372,
        "Operating Income": 156,
        "EBIT": 188,
        "Net Income": 87
    },
    "2010-10-31": {
        "Diluted EPS": 0.17,
        "Total Revenue": 752,
        "Gross Profit": 312,
        "Operating Income": 91,
        "EBIT": 128,
        "Net Income": 33
    },
    "2010-07-31": {
        "Diluted EPS": 0.05,
        "Total Revenue": 652,
        "Gross Profit": 240,
        "Operating Income": 38,
        "EBIT": 75,
        "Net Income": 10
    },
    "2010-04-30": {
        "Diluted EPS": 0.05,
        "Total Revenue": 648,
        "Gross Profit": 258,
        "Operating Income": 54,
        "EBIT": 91,
        "Net Income": 11
    },
    "2010-01-31": {
        "Diluted EPS": 0.28,
        "Total Revenue": 945,
        "Gross Profit": 394,
        "Operating Income": 139,
        "EBIT": 176,
        "Net Income": 59
    },
    "2009-10-31": {
        "Diluted EPS": 0.28,
        "Total Revenue": 736,
        "Gross Profit": 304,
        "Operating Income": 85,
        "EBIT": 120,
        "Net Income": 59
    },
    "2009-07-31": {
        "Diluted EPS": 0.14,
        "Total Revenue": 647,
        "Gross Profit": 254,
        "Operating Income": 60,
        "EBIT": 92,
        "Net Income": 29
    },
    "2009-04-30": {
        "Diluted EPS": 0.11,
        "Total Revenue": 612,
        "Gross Profit": 221,
        "Operating Income": 27,
        "EBIT": 63,
        "Net Income": 22
    },
    "2009-01-31": {
        "Diluted EPS": 0.15,
        "Total Revenue": 866,
        "Gross Profit": 335,
        "Operating Income": 134,
        "EBIT": 165,
        "Net Income": 33
    },
    "2023-07-31": {
        "Tax Effect Of Unusual Items": NaN,
        "Tax Rate For Calcs": NaN,
        "Normalized EBITDA": NaN,
        "Total Unusual Items": NaN,
        "Total Unusual Items Excluding Goodwill": NaN,
        "Net Income From Continuing Operation Net Minority Interest": NaN,
        "Reconciled Depreciation": NaN,
        "Reconciled Cost Of Revenue": NaN,
        "EBITDA": NaN,
        "EBIT": NaN,
        "Net Interest Income": NaN,
        "Interest Expense": 951000.0,
        "Normalized Income": NaN,
        "Net Income From Continuing And Discontinued Operation": NaN,
        "Total Expenses": NaN,
        "Total Operating Income As Reported": NaN,
        "Diluted Average Shares": NaN,
        "Basic Average Shares": NaN,
        "Diluted EPS": NaN,
        "Basic EPS": NaN,
        "Diluted NI Availto Com Stockholders": NaN,
        "Average Dilution Earnings": 0.0,
        "Net Income Common Stockholders": NaN,
        "Net Income": NaN,
        "Net Income Including Noncontrolling Interests": NaN,
        "Net Income Continuous Operations": NaN,
        "Tax Provision": NaN,
        "Pretax Income": NaN,
        "Other Income Expense": NaN,
        "Other Non Operating Income Expenses": NaN,
        "Special Income Charges": NaN,
        "Write Off": NaN,
        "Impairment Of Capital Assets": 0.0,
        "Restructuring And Mergern Acquisition": NaN,
        "Net Non Operating Interest Income Expense": NaN,
        "Total Other Finance Cost": NaN,
        "Interest Expense Non Operating": 951000.0,
        "Operating Income": NaN,
        "Operating Expense": NaN,
        "Depreciation Amortization Depletion Income Statement": NaN,
        "Depreciation And Amortization In Income Statement": NaN,
        "Selling General And Administration": NaN,
        "Gross Profit": NaN,
        "Cost Of Revenue": NaN,
        "Total Revenue": NaN,
        "Operating Revenue": NaN
    },
    "2023-10-31": {
        "Tax Effect Of Unusual Items": 0.0,
        "Tax Rate For Calcs": 0.269,
        "Normalized EBITDA": 184624000.0,
        "Total Unusual Items": 0.0,
        "Total Unusual Items Excluding Goodwill": 0.0,
        "Net Income From Continuing Operation Net Minority Interest": 96700000.0,
        "Reconciled Depreciation": 59263000.0,
        "Reconciled Cost Of Revenue": 754439000.0,
        "EBITDA": 184624000.0,
        "EBIT": 125361000.0,
        "Net Interest Income": 2871000.0,
        "Interest Expense": NaN,
        "Normalized Income": 96700000.0,
        "Net Income From Continuing And Discontinued Operation": 96700000.0,
        "Total Expenses": 1175694000.0,
        "Total Operating Income As Reported": 125361000.0,
        "Diluted Average Shares": 198367000.0,
        "Basic Average Shares": 195343000.0,
        "Diluted EPS": 0.49,
        "Basic EPS": 0.5,
        "Diluted NI Availto Com Stockholders": 96700000.0,
        "Average Dilution Earnings": 0.0,
        "Net Income Common Stockholders": 96700000.0,
        "Net Income": 96700000.0,
        "Net Income Including Noncontrolling Interests": 96700000.0,
        "Net Income Continuous Operations": 96700000.0,
        "Tax Provision": 35516000.0,
        "Pretax Income": 132216000.0,
        "Other Income Expense": 3984000.0,
        "Other Non Operating Income Expenses": 3984000.0,
        "Special Income Charges": 0.0,
        "Write Off": 0.0,
        "Impairment Of Capital Assets": 0.0,
        "Restructuring And Mergern Acquisition": NaN,
        "Net Non Operating Interest Income Expense": 2871000.0,
        "Total Other Finance Cost": -2871000.0,
        "Interest Expense Non Operating": NaN,
        "Operating Income": 125361000.0,
        "Operating Expense": 418436000.0,
        "Depreciation Amortization Depletion Income Statement": 56444000.0,
        "Depreciation And Amortization In Income Statement": 56444000.0,
        "Selling General And Administration": 361992000.0,
        "Gross Profit": 543797000.0,
        "Cost Of Revenue": 757258000.0,
        "Total Revenue": 1301055000.0,
        "Operating Revenue": 1301055000.0
    },
    "2024-01-31": {
        "Tax Effect Of Unusual Items": -25288200.0,
        "Tax Rate For Calcs": 0.21,
        "Normalized EBITDA": 310730000.0,
        "Total Unusual Items": -120420000.0,
        "Total Unusual Items Excluding Goodwill": -120420000.0,
        "Net Income From Continuing Operation Net Minority Interest": 6316000.0,
        "Reconciled Depreciation": 60654000.0,
        "Reconciled Cost Of Revenue": 1061511000.0,
        "EBITDA": 190310000.0,
        "EBIT": 129656000.0,
        "Net Interest Income": 4961000.0,
        "Interest Expense": NaN,
        "Normalized Income": 101447800.0,
        "Net Income From Continuing And Discontinued Operation": 6316000.0,
        "Total Expenses": 1549255000.0,
        "Total Operating Income As Reported": 9236000.0,
        "Diluted Average Shares": 199589000.0,
        "Basic Average Shares": 197524000.0,
        "Diluted EPS": 0.03,
        "Basic EPS": 0.03,
        "Diluted NI Availto Com Stockholders": 6374000.0,
        "Average Dilution Earnings": NaN,
        "Net Income Common Stockholders": 6316000.0,
        "Net Income": 6316000.0,
        "Net Income Including Noncontrolling Interests": 6316000.0,
        "Net Income Continuous Operations": 6316000.0,
        "Tax Provision": 9386000.0,
        "Pretax Income": 15702000.0,
        "Other Income Expense": -118915000.0,
        "Other Non Operating Income Expenses": 1505000.0,
        "Special Income Charges": -120420000.0,
        "Write Off": NaN,
        "Impairment Of Capital Assets": NaN,
        "Restructuring And Mergern Acquisition": NaN,
        "Net Non Operating Interest Income Expense": 4961000.0,
        "Total Other Finance Cost": -4961000.0,
        "Interest Expense Non Operating": NaN,
        "Operating Income": 129656000.0,
        "Operating Expense": 484930000.0,
        "Depreciation Amortization Depletion Income Statement": 57840000.0,
        "Depreciation And Amortization In Income Statement": 57840000.0,
        "Selling General And Administration": 427090000.0,
        "Gross Profit": 614586000.0,
        "Cost Of Revenue": 1064325000.0,
        "Total Revenue": 1678911000.0,
        "Operating Revenue": 1678911000.0
    },
    "2024-04-30": {
        "Tax Effect Of Unusual Items": 0.0,
        "Tax Rate For Calcs": 0.18,
        "Normalized EBITDA": 132933000.0,
        "Total Unusual Items": 0.0,
        "Total Unusual Items Excluding Goodwill": 0.0,
        "Net Income From Continuing Operation Net Minority Interest": 67752000.0,
        "Reconciled Depreciation": 55097000.0,
        "Reconciled Cost Of Revenue": 677441000.0,
        "EBITDA": 132933000.0,
        "EBIT": 77836000.0,
        "Net Interest Income": 3439000.0,
        "Interest Expense": NaN,
        "Normalized Income": 67752000.0,
        "Net Income From Continuing And Discontinued Operation": 67752000.0,
        "Total Expenses": 1066031000.0,
        "Total Operating Income As Reported": 77836000.0,
        "Diluted Average Shares": 201310000.0,
        "Basic Average Shares": 196429000.0,
        "Diluted EPS": 0.34,
        "Basic EPS": 0.34,
        "Diluted NI Availto Com Stockholders": 67752000.0,
        "Average Dilution Earnings": NaN,
        "Net Income Common Stockholders": 67752000.0,
        "Net Income": 67752000.0,
        "Net Income Including Noncontrolling Interests": 67752000.0,
        "Net Income Continuous Operations": 67752000.0,
        "Tax Provision": 14919000.0,
        "Pretax Income": 82671000.0,
        "Other Income Expense": 1396000.0,
        "Other Non Operating Income Expenses": 1396000.0,
        "Special Income Charges": 0.0,
        "Write Off": 0.0,
        "Impairment Of Capital Assets": NaN,
        "Restructuring And Mergern Acquisition": NaN,
        "Net Non Operating Interest Income Expense": 3439000.0,
        "Total Other Finance Cost": -3439000.0,
        "Interest Expense Non Operating": NaN,
        "Operating Income": 77836000.0,
        "Operating Expense": 386403000.0,
        "Depreciation Amortization Depletion Income Statement": 52910000.0,
        "Depreciation And Amortization In Income Statement": 52910000.0,
        "Selling General And Administration": 333493000.0,
        "Gross Profit": 464239000.0,
        "Cost Of Revenue": 679628000.0,
        "Total Revenue": 1143867000.0,
        "Operating Revenue": 1143867000.0
    },
    "2024-07-31": {
        "Tax Effect Of Unusual Items": 0.0,
        "Tax Rate For Calcs": 0.254,
        "Normalized EBITDA": 155776000.0,
        "Total Unusual Items": 0.0,
        "Total Unusual Items Excluding Goodwill": 0.0,
        "Net Income From Continuing Operation Net Minority Interest": 77264000.0,
        "Reconciled Depreciation": 54667000.0,
        "Reconciled Cost Of Revenue": 789969000.0,
        "EBITDA": 155776000.0,
        "EBIT": 101109000.0,
        "Net Interest Income": 730000.0,
        "Interest Expense": NaN,
        "Normalized Income": 77264000.0,
        "Net Income From Continuing And Discontinued Operation": 77264000.0,
        "Total Expenses": 1189949000.0,
        "Total Operating Income As Reported": 101109000.0,
        "Diluted Average Shares": 197757000.0,
        "Basic Average Shares": 193661000.0,
        "Diluted EPS": 0.39,
        "Basic EPS": 0.4,
        "Diluted NI Availto Com Stockholders": 77264000.0,
        "Average Dilution Earnings": 0.0,
        "Net Income Common Stockholders": 77264000.0,
        "Net Income": 77264000.0,
        "Net Income Including Noncontrolling Interests": 77264000.0,
        "Net Income Continuous Operations": 77264000.0,
        "Tax Provision": 26290000.0,
        "Pretax Income": 103554000.0,
        "Other Income Expense": 1715000.0,
        "Other Non Operating Income Expenses": 1715000.0,
        "Special Income Charges": 0.0,
        "Write Off": NaN,
        "Impairment Of Capital Assets": 0.0,
        "Restructuring And Mergern Acquisition": NaN,
        "Net Non Operating Interest Income Expense": 730000.0,
        "Total Other Finance Cost": -730000.0,
        "Interest Expense Non Operating": NaN,
        "Operating Income": 101109000.0,
        "Operating Expense": 397787000.0,
        "Depreciation Amortization Depletion Income Statement": 52474000.0,
        "Depreciation And Amortization In Income Statement": 52474000.0,
        "Selling General And Administration": 345313000.0,
        "Gross Profit": 498896000.0,
        "Cost Of Revenue": 792162000.0,
        "Total Revenue": 1291058000.0,
        "Operating Revenue": 1291058000.0
    },
    "2024-10-31": {
        "Tax Effect Of Unusual Items": -4583421.0,
        "Tax Rate For Calcs": 0.261,
        "Normalized EBITDA": 194971000.0,
        "Total Unusual Items": -17561000.0,
        "Total Unusual Items Excluding Goodwill": -17561000.0,
        "Net Income From Continuing Operation Net Minority Interest": 80019000.0,
        "Reconciled Depreciation": 53760000.0,
        "Reconciled Cost Of Revenue": 760304000.0,
        "EBITDA": 177410000.0,
        "EBIT": 123650000.0,
        "Net Interest Income": 1246000.0,
        "Interest Expense": NaN,
        "Normalized Income": 92996579.0,
        "Net Income From Continuing And Discontinued Operation": 80019000.0,
        "Total Expenses": 1165444000.0,
        "Total Operating Income As Reported": 106089000.0,
        "Diluted Average Shares": 195782000.0,
        "Basic Average Shares": 191630000.0,
        "Diluted EPS": 0.41,
        "Basic EPS": 0.42,
        "Diluted NI Availto Com Stockholders": 80019000.0,
        "Average Dilution Earnings": 0.0,
        "Net Income Common Stockholders": 80019000.0,
        "Net Income": 80019000.0,
        "Net Income Including Noncontrolling Interests": 80019000.0,
        "Net Income Continuous Operations": 80019000.0,
        "Tax Provision": 28211000.0,
        "Pretax Income": 108230000.0,
        "Other Income Expense": -16666000.0,
        "Other Non Operating Income Expenses": 895000.0,
        "Special Income Charges": -17561000.0,
        "Write Off": NaN,
        "Impairment Of Capital Assets": 17561000.0,
        "Restructuring And Mergern Acquisition": NaN,
        "Net Non Operating Interest Income Expense": 1246000.0,
        "Total Other Finance Cost": -1246000.0,
        "Interest Expense Non Operating": NaN,
        "Operating Income": 123650000.0,
        "Operating Expense": 402974000.0,
        "Depreciation Amortization Depletion Income Statement": 51594000.0,
        "Depreciation And Amortization In Income Statement": 51594000.0,
        "Selling General And Administration": 351380000.0,
        "Gross Profit": 526624000.0,
        "Cost Of Revenue": 762470000.0,
        "Total Revenue": 1289094000.0,
        "Operating Revenue": 1289094000.0
    }
}