{
    "2023-06-30": {
        "Tax Effect Of Unusual Items": NaN,
        "Tax Rate For Calcs": NaN,
        "Normalized EBITDA": NaN,
        "Total Unusual Items": NaN,
        "Total Unusual Items Excluding Goodwill": NaN,
        "Net Income From Continuing Operation Net Minority Interest": NaN,
        "Reconciled Depreciation": NaN,
        "Reconciled Cost Of Revenue": NaN,
        "EBITDA": NaN,
        "EBIT": NaN,
        "Normalized Income": NaN,
        "Net Income From Continuing And Discontinued Operation": NaN,
        "Total Expenses": NaN,
        "Diluted Average Shares": 232866512.0,
        "Basic Average Shares": 231318582.0,
        "Diluted EPS": 2.12,
        "Basic EPS": 2.13,
        "Diluted NI Availto Com Stockholders": NaN,
        "Net Income Common Stockholders": NaN,
        "Net Income": NaN,
        "Minority Interests": NaN,
        "Net Income Including Noncontrolling Interests": NaN,
        "Net Income Continuous Operations": NaN,
        "Earnings From Equity Interest Net Of Tax": NaN,
        "Tax Provision": NaN,
        "Pretax Income": NaN,
        "Other Income Expense": NaN,
        "Other Non Operating Income Expenses": 1329000.0,
        "Special Income Charges": NaN,
        "Other Special Charges": NaN,
        "Impairment Of Capital Assets": NaN,
        "Restructuring And Mergern Acquisition": 0.0,
        "Gain On Sale Of Security": NaN,
        "Operating Income": NaN,
        "Operating Expense": NaN,
        "Selling General And Administration": NaN,
        "Selling And Marketing Expense": NaN,
        "General And Administrative Expense": NaN,
        "Other Gand A": NaN,
        "Salaries And Wages": NaN,
        "Gross Profit": NaN,
        "Cost Of Revenue": NaN,
        "Total Revenue": NaN,
        "Operating Revenue": NaN
    },
    "2023-03-31": {
        "Tax Effect Of Unusual Items": NaN,
        "Tax Rate For Calcs": NaN,
        "Normalized EBITDA": NaN,
        "Total Unusual Items": NaN,
        "Total Unusual Items Excluding Goodwill": NaN,
        "Net Income From Continuing Operation Net Minority Interest": NaN,
        "Reconciled Depreciation": NaN,
        "Reconciled Cost Of Revenue": NaN,
        "EBITDA": NaN,
        "EBIT": NaN,
        "Normalized Income": NaN,
        "Net Income From Continuing And Discontinued Operation": NaN,
        "Total Expenses": NaN,
        "Diluted Average Shares": NaN,
        "Basic Average Shares": NaN,
        "Diluted EPS": NaN,
        "Basic EPS": NaN,
        "Diluted NI Availto Com Stockholders": NaN,
        "Net Income Common Stockholders": NaN,
        "Net Income": NaN,
        "Minority Interests": NaN,
        "Net Income Including Noncontrolling Interests": NaN,
        "Net Income Continuous Operations": NaN,
        "Earnings From Equity Interest Net Of Tax": NaN,
        "Tax Provision": NaN,
        "Pretax Income": NaN,
        "Other Income Expense": NaN,
        "Other Non Operating Income Expenses": NaN,
        "Special Income Charges": NaN,
        "Other Special Charges": NaN,
        "Impairment Of Capital Assets": NaN,
        "Restructuring And Mergern Acquisition": 0.0,
        "Gain On Sale Of Security": NaN,
        "Operating Income": NaN,
        "Operating Expense": NaN,
        "Selling General And Administration": NaN,
        "Selling And Marketing Expense": NaN,
        "General And Administrative Expense": NaN,
        "Other Gand A": NaN,
        "Salaries And Wages": NaN,
        "Gross Profit": NaN,
        "Cost Of Revenue": NaN,
        "Total Revenue": NaN,
        "Operating Revenue": NaN
    },
    "2022-12-31": {
        "Tax Effect Of Unusual Items": NaN,
        "Tax Rate For Calcs": NaN,
        "Normalized EBITDA": NaN,
        "Total Unusual Items": NaN,
        "Total Unusual Items Excluding Goodwill": NaN,
        "Net Income From Continuing Operation Net Minority Interest": NaN,
        "Reconciled Depreciation": NaN,
        "Reconciled Cost Of Revenue": NaN,
        "EBITDA": NaN,
        "EBIT": NaN,
        "Normalized Income": NaN,
        "Net Income From Continuing And Discontinued Operation": NaN,
        "Total Expenses": NaN,
        "Diluted Average Shares": NaN,
        "Basic Average Shares": NaN,
        "Diluted EPS": NaN,
        "Basic EPS": NaN,
        "Diluted NI Availto Com Stockholders": NaN,
        "Net Income Common Stockholders": NaN,
        "Net Income": NaN,
        "Minority Interests": NaN,
        "Net Income Including Noncontrolling Interests": NaN,
        "Net Income Continuous Operations": NaN,
        "Earnings From Equity Interest Net Of Tax": NaN,
        "Tax Provision": NaN,
        "Pretax Income": NaN,
        "Other Income Expense": NaN,
        "Other Non Operating Income Expenses": 29828000.0,
        "Special Income Charges": NaN,
        "Other Special Charges": NaN,
        "Impairment Of Capital Assets": NaN,
        "Restructuring And Mergern Acquisition": 3088000.0,
        "Gain On Sale Of Security": NaN,
        "Operating Income": NaN,
        "Operating Expense": NaN,
        "Selling General And Administration": NaN,
        "Selling And Marketing Expense": NaN,
        "General And Administrative Expense": NaN,
        "Other Gand A": NaN,
        "Salaries And Wages": NaN,
        "Gross Profit": NaN,
        "Cost Of Revenue": NaN,
        "Total Revenue": NaN,
        "Operating Revenue": NaN
    },
    "2022-09-30": {
        "Tax Effect Of Unusual Items": NaN,
        "Tax Rate For Calcs": NaN,
        "Normalized EBITDA": NaN,
        "Total Unusual Items": NaN,
        "Total Unusual Items Excluding Goodwill": NaN,
        "Net Income From Continuing Operation Net Minority Interest": NaN,
        "Reconciled Depreciation": NaN,
        "Reconciled Cost Of Revenue": NaN,
        "EBITDA": NaN,
        "EBIT": NaN,
        "Normalized Income": NaN,
        "Net Income From Continuing And Discontinued Operation": NaN,
        "Total Expenses": NaN,
        "Diluted Average Shares": 242364744.0,
        "Basic Average Shares": 240849074.0,
        "Diluted EPS": 1.82,
        "Basic EPS": 1.83,
        "Diluted NI Availto Com Stockholders": NaN,
        "Net Income Common Stockholders": NaN,
        "Net Income": NaN,
        "Minority Interests": NaN,
        "Net Income Including Noncontrolling Interests": NaN,
        "Net Income Continuous Operations": NaN,
        "Earnings From Equity Interest Net Of Tax": NaN,
        "Tax Provision": NaN,
        "Pretax Income": NaN,
        "Other Income Expense": NaN,
        "Other Non Operating Income Expenses": 29385000.0,
        "Special Income Charges": NaN,
        "Other Special Charges": NaN,
        "Impairment Of Capital Assets": NaN,
        "Restructuring And Mergern Acquisition": NaN,
        "Gain On Sale Of Security": NaN,
        "Operating Income": NaN,
        "Operating Expense": NaN,
        "Selling General And Administration": NaN,
        "Selling And Marketing Expense": NaN,
        "General And Administrative Expense": NaN,
        "Other Gand A": NaN,
        "Salaries And Wages": NaN,
        "Gross Profit": NaN,
        "Cost Of Revenue": NaN,
        "Total Revenue": NaN,
        "Operating Revenue": NaN
    },
    "2022-06-30": {
        "Tax Effect Of Unusual Items": -4817808.447426,
        "Tax Rate For Calcs": 0.14,
        "Normalized EBITDA": 967676000.0,
        "Total Unusual Items": -34413000.0,
        "Total Unusual Items Excluding Goodwill": -34413000.0,
        "Net Income From Continuing Operation Net Minority Interest": 339826000.0,
        "Reconciled Depreciation": 580744000.0,
        "Reconciled Cost Of Revenue": 1173969000.0,
        "EBITDA": 933263000.0,
        "EBIT": 352519000.0,
        "Normalized Income": 369421191.552574,
        "Net Income From Continuing And Discontinued Operation": 339826000.0,
        "Total Expenses": 1278841000.0,
        "Diluted Average Shares": 242264561.0,
        "Basic Average Shares": 240367450.0,
        "Diluted EPS": 1.4,
        "Basic EPS": 1.41,
        "Diluted NI Availto Com Stockholders": 339826000.0,
        "Net Income Common Stockholders": 339826000.0,
        "Net Income": 339826000.0,
        "Minority Interests": -736000.0,
        "Net Income Including Noncontrolling Interests": 340562000.0,
        "Net Income Continuous Operations": 340562000.0,
        "Earnings From Equity Interest Net Of Tax": 33148000.0,
        "Tax Provision": 50044000.0,
        "Pretax Income": 357458000.0,
        "Other Income Expense": 4939000.0,
        "Other Non Operating Income Expenses": 39352000.0,
        "Special Income Charges": -21949000.0,
        "Other Special Charges": 901000.0,
        "Impairment Of Capital Assets": 11803000.0,
        "Restructuring And Mergern Acquisition": 9245000.0,
        "Gain On Sale Of Security": -12464000.0,
        "Operating Income": 352519000.0,
        "Operating Expense": 104872000.0,
        "Selling General And Administration": 104872000.0,
        "Selling And Marketing Expense": 18554000.0,
        "General And Administrative Expense": 86318000.0,
        "Other Gand A": 14644000.0,
        "Salaries And Wages": 71674000.0,
        "Gross Profit": 457391000.0,
        "Cost Of Revenue": 1173969000.0,
        "Total Revenue": 1631360000.0,
        "Operating Revenue": 1596160000.0
    },
    "2022-03-31": {
        "Diluted EPS": -8.35,
        "Total Revenue": NaN,
        "Gross Profit": NaN,
        "Operating Income": NaN,
        "EBIT": NaN,
        "Net Income": NaN
    },
    "2021-12-31": {
        "Diluted EPS": -0.32,
        "Total Revenue": NaN,
        "Gross Profit": NaN,
        "Operating Income": 90,
        "EBIT": NaN,
        "Net Income": 89
    },
    "2021-09-30": {
        "Diluted EPS": 3.35,
        "Total Revenue": NaN,
        "Gross Profit": NaN,
        "Operating Income": 502,
        "EBIT": NaN,
        "Net Income": 434
    },
    "2021-06-30": {
        "Diluted EPS": 1.92,
        "Total Revenue": NaN,
        "Gross Profit": NaN,
        "Operating Income": 289,
        "EBIT": 988,
        "Net Income": 250
    },
    "2021-03-31": {
        "Diluted EPS": 1.76,
        "Total Revenue": NaN,
        "Gross Profit": NaN,
        "Operating Income": 274,
        "EBIT": 963,
        "Net Income": 228
    },
    "2020-12-31": {
        "Diluted EPS": 0.26,
        "Total Revenue": NaN,
        "Gross Profit": NaN,
        "Operating Income": 137,
        "EBIT": 863,
        "Net Income": 28
    },
    "2020-09-30": {
        "Diluted EPS": -6.66,
        "Total Revenue": NaN,
        "Gross Profit": 975,
        "Operating Income": -782,
        "EBIT": -53,
        "Net Income": -850
    },
    "2020-06-30": {
        "Diluted EPS": 1.92,
        "Total Revenue": NaN,
        "Gross Profit": NaN,
        "Operating Income": 270,
        "EBIT": 992,
        "Net Income": 246
    },
    "2020-03-31": {
        "Diluted EPS": 2.14,
        "Total Revenue": NaN,
        "Gross Profit": NaN,
        "Operating Income": 322,
        "EBIT": NaN,
        "Net Income": 277
    },
    "2019-12-31": {
        "Diluted EPS": 2.32,
        "Total Revenue": NaN,
        "Gross Profit": NaN,
        "Operating Income": 351,
        "EBIT": NaN,
        "Net Income": 310
    },
    "2019-09-30": {
        "Diluted EPS": 2.01,
        "Total Revenue": NaN,
        "Gross Profit": NaN,
        "Operating Income": 327,
        "EBIT": NaN,
        "Net Income": 270
    },
    "2019-06-30": {
        "Diluted EPS": 2.42,
        "Total Revenue": NaN,
        "Gross Profit": NaN,
        "Operating Income": 382,
        "EBIT": NaN,
        "Net Income": 331
    },
    "2019-03-31": {
        "Diluted EPS": 1.68,
        "Total Revenue": NaN,
        "Gross Profit": NaN,
        "Operating Income": 281,
        "EBIT": NaN,
        "Net Income": 234
    },
    "2018-12-31": {
        "Diluted EPS": 1.62,
        "Total Revenue": NaN,
        "Gross Profit": NaN,
        "Operating Income": 259,
        "EBIT": 998,
        "Net Income": 233
    },
    "2018-09-30": {
        "Diluted EPS": 1.79,
        "Total Revenue": NaN,
        "Gross Profit": NaN,
        "Operating Income": 301,
        "EBIT": 988,
        "Net Income": 263
    },
    "2018-06-30": {
        "Diluted EPS": 1.7,
        "Total Revenue": NaN,
        "Gross Profit": NaN,
        "Operating Income": 289,
        "EBIT": 971,
        "Net Income": 254
    },
    "2018-03-31": {
        "Diluted EPS": 1.72,
        "Total Revenue": NaN,
        "Gross Profit": NaN,
        "Operating Income": 302,
        "EBIT": 981,
        "Net Income": 265
    },
    "2017-12-31": {
        "Diluted EPS": 1.66,
        "Total Revenue": NaN,
        "Gross Profit": NaN,
        "Operating Income": 318,
        "EBIT": 993,
        "Net Income": 266
    },
    "2017-09-30": {
        "Diluted EPS": 1.62,
        "Total Revenue": NaN,
        "Gross Profit": NaN,
        "Operating Income": 298,
        "EBIT": 984,
        "Net Income": 266
    },
    "2017-06-30": {
        "Diluted EPS": 1.67,
        "Total Revenue": NaN,
        "Gross Profit": NaN,
        "Operating Income": 323,
        "EBIT": NaN,
        "Net Income": 283
    },
    "2017-03-31": {
        "Diluted EPS": 1.48,
        "Total Revenue": NaN,
        "Gross Profit": NaN,
        "Operating Income": 297,
        "EBIT": 981,
        "Net Income": 261
    },
    "2016-12-31": {
        "Diluted EPS": 1.95,
        "Total Revenue": NaN,
        "Gross Profit": NaN,
        "Operating Income": 423,
        "EBIT": NaN,
        "Net Income": 365
    },
    "2016-09-30": {
        "Diluted EPS": 1.22,
        "Total Revenue": NaN,
        "Gross Profit": NaN,
        "Operating Income": 259,
        "EBIT": 911,
        "Net Income": 226
    },
    "2016-06-30": {
        "Diluted EPS": 1.22,
        "Total Revenue": NaN,
        "Gross Profit": NaN,
        "Operating Income": 264,
        "EBIT": 925,
        "Net Income": 233
    },
    "2016-03-31": {
        "Diluted EPS": 1.13,
        "Total Revenue": NaN,
        "Gross Profit": NaN,
        "Operating Income": 255,
        "EBIT": 930,
        "Net Income": 223
    },
    "2015-12-31": {
        "Diluted EPS": 1.33,
        "Total Revenue": NaN,
        "Gross Profit": NaN,
        "Operating Income": 583,
        "EBIT": 977,
        "Net Income": 264
    },
    "2015-09-30": {
        "Diluted EPS": 1.48,
        "Total Revenue": NaN,
        "Gross Profit": NaN,
        "Operating Income": 346,
        "EBIT": 996,
        "Net Income": 294
    },
    "2015-06-30": {
        "Diluted EPS": 1.46,
        "Total Revenue": NaN,
        "Gross Profit": NaN,
        "Operating Income": 354,
        "EBIT": 865,
        "Net Income": 309
    },
    "2015-03-31": {
        "Diluted EPS": 1.45,
        "Total Revenue": NaN,
        "Gross Profit": NaN,
        "Operating Income": 648,
        "EBIT": NaN,
        "Net Income": 311
    },
    "2014-12-31": {
        "Diluted EPS": 1.39,
        "Total Revenue": NaN,
        "Gross Profit": NaN,
        "Operating Income": 633,
        "EBIT": NaN,
        "Net Income": 298
    },
    "2014-09-30": {
        "Diluted EPS": 1.59,
        "Total Revenue": NaN,
        "Gross Profit": NaN,
        "Operating Income": 671,
        "EBIT": NaN,
        "Net Income": 341
    },
    "2014-06-30": {
        "Diluted EPS": 0.83,
        "Total Revenue": 807,
        "Gross Profit": 784,
        "Operating Income": 344,
        "EBIT": 598,
        "Net Income": 138
    },
    "2014-03-31": {
        "Diluted EPS": 0.47,
        "Total Revenue": 265,
        "Gross Profit": 252,
        "Operating Income": 118,
        "EBIT": 229,
        "Net Income": 55
    },
    "2013-12-31": {
        "Diluted EPS": 0.57,
        "Total Revenue": 278,
        "Gross Profit": 261,
        "Operating Income": 113,
        "EBIT": 422,
        "Net Income": 66
    },
    "2013-09-30": {
        "Diluted EPS": 0.73,
        "Total Revenue": 279,
        "Gross Profit": 274,
        "Operating Income": 163,
        "EBIT": 10,
        "Net Income": 84
    },
    "2013-06-30": {
        "Diluted EPS": 0.67,
        "Total Revenue": 247,
        "Gross Profit": 237,
        "Operating Income": 129,
        "EBIT": 223,
        "Net Income": 76
    },
    "2013-03-31": {
        "Diluted EPS": 0.59,
        "Total Revenue": 246,
        "Gross Profit": 230,
        "Operating Income": 132,
        "EBIT": 220,
        "Net Income": 67
    },
    "2012-12-31": {
        "Diluted EPS": 0.09,
        "Total Revenue": 192,
        "Gross Profit": 178,
        "Operating Income": 73,
        "EBIT": -148,
        "Net Income": 11
    },
    "2012-09-30": {
        "Diluted EPS": 0.45,
        "Total Revenue": 270,
        "Gross Profit": 245,
        "Operating Income": 129,
        "EBIT": 188,
        "Net Income": 58
    },
    "2012-06-30": {
        "Diluted EPS": 0.21,
        "Total Revenue": 253,
        "Gross Profit": 235,
        "Operating Income": 120,
        "EBIT": 246,
        "Net Income": 30
    },
    "2012-03-31": {
        "Diluted EPS": 0.46,
        "Total Revenue": 258,
        "Gross Profit": 237,
        "Operating Income": 132,
        "EBIT": 231,
        "Net Income": 65
    },
    "2011-12-31": {
        "Diluted EPS": 0.54,
        "Total Revenue": 276,
        "Gross Profit": 391,
        "Operating Income": 337,
        "EBIT": 387,
        "Net Income": 76
    },
    "2011-09-30": {
        "Diluted EPS": -0.05,
        "Total Revenue": 338,
        "Gross Profit": 276,
        "Operating Income": 154,
        "EBIT": 265,
        "Net Income": -7
    },
    "2011-06-30": {
        "Diluted EPS": 0.21,
        "Total Revenue": 364,
        "Gross Profit": 311,
        "Operating Income": 147,
        "EBIT": 274,
        "Net Income": 31
    },
    "2011-03-31": {
        "Diluted EPS": 0.48,
        "Total Revenue": 362,
        "Gross Profit": 293,
        "Operating Income": 147,
        "EBIT": 245,
        "Net Income": 72
    },
    "2010-12-31": {
        "Diluted EPS": 0.53,
        "Total Revenue": 398,
        "Gross Profit": 284,
        "Operating Income": 61,
        "EBIT": 204,
        "Net Income": 72
    },
    "2010-09-30": {
        "Diluted EPS": 0.43,
        "Total Revenue": 478,
        "Gross Profit": 276,
        "Operating Income": 164,
        "EBIT": 232,
        "Net Income": 52
    },
    "2010-06-30": {
        "Diluted EPS": 0.41,
        "Total Revenue": 595,
        "Gross Profit": 281,
        "Operating Income": 160,
        "EBIT": 260,
        "Net Income": 49
    },
    "2010-03-31": {
        "Diluted EPS": 0.4,
        "Total Revenue": 364,
        "Gross Profit": 208,
        "Operating Income": 114,
        "EBIT": 186,
        "Net Income": 34
    },
    "2009-12-31": {
        "Diluted EPS": 0.51,
        "Total Revenue": 288,
        "Gross Profit": 249,
        "Operating Income": 174,
        "EBIT": 242,
        "Net Income": 43
    },
    "2009-09-30": {
        "Diluted EPS": 0.42,
        "Total Revenue": 213,
        "Gross Profit": 173,
        "Operating Income": 73,
        "EBIT": 136,
        "Net Income": 35
    },
    "2009-06-30": {
        "Diluted EPS": 0.67,
        "Total Revenue": 295,
        "Gross Profit": 164,
        "Operating Income": 84,
        "EBIT": 145,
        "Net Income": 57
    },
    "2009-03-31": {
        "Diluted EPS": 0.35,
        "Total Revenue": 209,
        "Gross Profit": 156,
        "Operating Income": 73,
        "EBIT": 132,
        "Net Income": 30
    },
    "2023-09-30": {
        "Tax Effect Of Unusual Items": 59678438.0,
        "Tax Rate For Calcs": 0.094,
        "Normalized EBITDA": 531919000.0,
        "Total Unusual Items": 634877000.0,
        "Total Unusual Items Excluding Goodwill": 634877000.0,
        "Net Income From Continuing Operation Net Minority Interest": 1105254000.0,
        "Reconciled Depreciation": 623012000.0,
        "Reconciled Cost Of Revenue": 1235975000.0,
        "EBITDA": 1166796000.0,
        "EBIT": 543784000.0,
        "Normalized Income": 530055438.0,
        "Net Income From Continuing And Discontinued Operation": 1105254000.0,
        "Total Expenses": 1347883000.0,
        "Diluted Average Shares": 227379759.0,
        "Basic Average Shares": 224239197.0,
        "Diluted EPS": 4.86,
        "Basic EPS": 4.93,
        "Diluted NI Availto Com Stockholders": 1105254000.0,
        "Net Income Common Stockholders": 1105254000.0,
        "Net Income": 1105254000.0,
        "Minority Interests": -3749000.0,
        "Net Income Including Noncontrolling Interests": 1109003000.0,
        "Net Income Continuous Operations": 1109003000.0,
        "Earnings From Equity Interest Net Of Tax": 41019000.0,
        "Tax Provision": 110677000.0,
        "Pretax Income": 1178661000.0,
        "Other Income Expense": 634877000.0,
        "Other Non Operating Income Expenses": NaN,
        "Special Income Charges": 645454000.0,
        "Other Special Charges": -645561000.0,
        "Impairment Of Capital Assets": 107000.0,
        "Restructuring And Mergern Acquisition": 0.0,
        "Gain On Sale Of Security": -10577000.0,
        "Operating Income": 543784000.0,
        "Operating Expense": 111908000.0,
        "Selling General And Administration": 111908000.0,
        "Selling And Marketing Expense": 23310000.0,
        "General And Administrative Expense": 88598000.0,
        "Other Gand A": 16659000.0,
        "Salaries And Wages": 71939000.0,
        "Gross Profit": 655692000.0,
        "Cost Of Revenue": 1235975000.0,
        "Total Revenue": 1891667000.0,
        "Operating Revenue": 1761759000.0
    },
    "2023-12-31": {
        "Tax Effect Of Unusual Items": 20565294.037012,
        "Tax Rate For Calcs": 0.035915,
        "Normalized EBITDA": 570246000.0,
        "Total Unusual Items": 572610000.0,
        "Total Unusual Items Excluding Goodwill": 572610000.0,
        "Net Income From Continuing Operation Net Minority Interest": 1105838000.0,
        "Reconciled Depreciation": 631445000.0,
        "Reconciled Cost Of Revenue": 1262517000.0,
        "EBITDA": 1142856000.0,
        "EBIT": 511411000.0,
        "Normalized Income": 553793294.037012,
        "Net Income From Continuing And Discontinued Operation": 1105838000.0,
        "Total Expenses": 1384396000.0,
        "Diluted Average Shares": NaN,
        "Basic Average Shares": NaN,
        "Diluted EPS": NaN,
        "Basic EPS": NaN,
        "Diluted NI Availto Com Stockholders": 1105838000.0,
        "Net Income Common Stockholders": 1105838000.0,
        "Net Income": 1105838000.0,
        "Minority Interests": -857000.0,
        "Net Income Including Noncontrolling Interests": 1106695000.0,
        "Net Income Continuous Operations": 1106695000.0,
        "Earnings From Equity Interest Net Of Tax": 58778000.0,
        "Tax Provision": 39038000.0,
        "Pretax Income": 1086955000.0,
        "Other Income Expense": 575451000.0,
        "Other Non Operating Income Expenses": 2841000.0,
        "Special Income Charges": 563685000.0,
        "Other Special Charges": -614000000.0,
        "Impairment Of Capital Assets": 50315000.0,
        "Restructuring And Mergern Acquisition": 0.0,
        "Gain On Sale Of Security": 8925000.0,
        "Operating Income": 511411000.0,
        "Operating Expense": 121879000.0,
        "Selling General And Administration": 121879000.0,
        "Selling And Marketing Expense": 22429000.0,
        "General And Administrative Expense": 99450000.0,
        "Other Gand A": 18126000.0,
        "Salaries And Wages": 81324000.0,
        "Gross Profit": 633290000.0,
        "Cost Of Revenue": 1262517000.0,
        "Total Revenue": 1895807000.0,
        "Operating Revenue": 1801544000.0
    },
    "2024-03-31": {
        "Tax Effect Of Unusual Items": 4839263.0,
        "Tax Rate For Calcs": 0.143,
        "Normalized EBITDA": 1224826000.0,
        "Total Unusual Items": 33841000.0,
        "Total Unusual Items Excluding Goodwill": 33841000.0,
        "Net Income From Continuing Operation Net Minority Interest": 604214000.0,
        "Reconciled Depreciation": 633478000.0,
        "Reconciled Cost Of Revenue": 1273607000.0,
        "EBITDA": 1258667000.0,
        "EBIT": 625189000.0,
        "Normalized Income": 575212263.0,
        "Net Income From Continuing And Discontinued Operation": 604214000.0,
        "Total Expenses": 1392899000.0,
        "Diluted Average Shares": 200085734.0,
        "Basic Average Shares": 195773846.0,
        "Diluted EPS": 3.02,
        "Basic EPS": 3.09,
        "Diluted NI Availto Com Stockholders": 604214000.0,
        "Net Income Common Stockholders": 604214000.0,
        "Net Income": 604214000.0,
        "Minority Interests": 4000.0,
        "Net Income Including Noncontrolling Interests": 604210000.0,
        "Net Income Continuous Operations": 604210000.0,
        "Earnings From Equity Interest Net Of Tax": 39540000.0,
        "Tax Provision": 94109000.0,
        "Pretax Income": 658779000.0,
        "Other Income Expense": 33841000.0,
        "Other Non Operating Income Expenses": NaN,
        "Special Income Charges": 20318000.0,
        "Other Special Charges": 12000.0,
        "Impairment Of Capital Assets": -20330000.0,
        "Restructuring And Mergern Acquisition": NaN,
        "Gain On Sale Of Security": 13523000.0,
        "Operating Income": 625189000.0,
        "Operating Expense": 119292000.0,
        "Selling General And Administration": 119292000.0,
        "Selling And Marketing Expense": 20829000.0,
        "General And Administrative Expense": 98463000.0,
        "Other Gand A": 18584000.0,
        "Salaries And Wages": 79879000.0,
        "Gross Profit": 744481000.0,
        "Cost Of Revenue": 1273607000.0,
        "Total Revenue": 2018088000.0,
        "Operating Revenue": 1858508000.0
    },
    "2024-06-30": {
        "Tax Effect Of Unusual Items": -8199655.0,
        "Tax Rate For Calcs": 0.155,
        "Normalized EBITDA": 1234640000.0,
        "Total Unusual Items": -52901000.0,
        "Total Unusual Items Excluding Goodwill": -52901000.0,
        "Net Income From Continuing Operation Net Minority Interest": 448166000.0,
        "Reconciled Depreciation": 636419000.0,
        "Reconciled Cost Of Revenue": 1287492000.0,
        "EBITDA": 1181739000.0,
        "EBIT": 545320000.0,
        "Normalized Income": 492867345.0,
        "Net Income From Continuing And Discontinued Operation": 448166000.0,
        "Total Expenses": 1412825000.0,
        "Diluted Average Shares": 196881272.0,
        "Basic Average Shares": 192515755.0,
        "Diluted EPS": 2.28,
        "Basic EPS": 2.33,
        "Diluted NI Availto Com Stockholders": 448166000.0,
        "Net Income Common Stockholders": 448166000.0,
        "Net Income": 448166000.0,
        "Minority Interests": -1000.0,
        "Net Income Including Noncontrolling Interests": 448167000.0,
        "Net Income Continuous Operations": 448167000.0,
        "Earnings From Equity Interest Net Of Tax": 32094000.0,
        "Tax Provision": 76346000.0,
        "Pretax Income": 492419000.0,
        "Other Income Expense": -52901000.0,
        "Other Non Operating Income Expenses": NaN,
        "Special Income Charges": -34694000.0,
        "Other Special Charges": 7008000.0,
        "Impairment Of Capital Assets": 27686000.0,
        "Restructuring And Mergern Acquisition": NaN,
        "Gain On Sale Of Security": -18207000.0,
        "Operating Income": 545320000.0,
        "Operating Expense": 125333000.0,
        "Selling General And Administration": 125333000.0,
        "Selling And Marketing Expense": 24243000.0,
        "General And Administrative Expense": 101090000.0,
        "Other Gand A": 18055000.0,
        "Salaries And Wages": 83035000.0,
        "Gross Profit": 670653000.0,
        "Cost Of Revenue": 1287492000.0,
        "Total Revenue": 1958145000.0,
        "Operating Revenue": 1828686000.0
    },
    "2024-09-30": {
        "Tax Effect Of Unusual Items": 1438090.0,
        "Tax Rate For Calcs": 0.155,
        "Normalized EBITDA": 1026446000.0,
        "Total Unusual Items": 9278000.0,
        "Total Unusual Items Excluding Goodwill": 9278000.0,
        "Net Income From Continuing Operation Net Minority Interest": 375034000.0,
        "Reconciled Depreciation": 652994000.0,
        "Reconciled Cost Of Revenue": 1444092000.0,
        "EBITDA": 1035724000.0,
        "EBIT": 382730000.0,
        "Normalized Income": 367194090.0,
        "Net Income From Continuing And Discontinued Operation": 375034000.0,
        "Total Expenses": 1565399000.0,
        "Diluted Average Shares": 191886520.0,
        "Basic Average Shares": 187510161.0,
        "Diluted EPS": 1.95,
        "Basic EPS": 2.0,
        "Diluted NI Availto Com Stockholders": 375034000.0,
        "Net Income Common Stockholders": 375034000.0,
        "Net Income": 375034000.0,
        "Minority Interests": 5000.0,
        "Net Income Including Noncontrolling Interests": 375029000.0,
        "Net Income Continuous Operations": 375029000.0,
        "Earnings From Equity Interest Net Of Tax": 43763000.0,
        "Tax Provision": 60742000.0,
        "Pretax Income": 392008000.0,
        "Other Income Expense": 9278000.0,
        "Other Non Operating Income Expenses": NaN,
        "Special Income Charges": 1026000.0,
        "Other Special Charges": -3472000.0,
        "Impairment Of Capital Assets": 2446000.0,
        "Restructuring And Mergern Acquisition": NaN,
        "Gain On Sale Of Security": 8252000.0,
        "Operating Income": 382730000.0,
        "Operating Expense": 121307000.0,
        "Selling General And Administration": 121307000.0,
        "Selling And Marketing Expense": 18017000.0,
        "General And Administrative Expense": 103290000.0,
        "Other Gand A": 22560000.0,
        "Salaries And Wages": 80730000.0,
        "Gross Profit": 504037000.0,
        "Cost Of Revenue": 1444092000.0,
        "Total Revenue": 1948129000.0,
        "Operating Revenue": 1845994000.0
    }
}