{
    "2023-03-31": {
        "Tax Effect Of Unusual Items": NaN,
        "Tax Rate For Calcs": NaN,
        "Total Unusual Items": NaN,
        "Total Unusual Items Excluding Goodwill": NaN,
        "Net Income From Continuing Operation Net Minority Interest": NaN,
        "Net Interest Income": NaN,
        "Interest Expense": NaN,
        "Interest Income": NaN,
        "Normalized Income": NaN,
        "Net Income From Continuing And Discontinued Operation": NaN,
        "Diluted Average Shares": 20489163.0,
        "Basic Average Shares": 20303797.0,
        "Diluted EPS": 0.49,
        "Basic EPS": 0.49,
        "Diluted NI Availto Com Stockholders": NaN,
        "Net Income Common Stockholders": NaN,
        "Net Income": NaN,
        "Net Income Including Noncontrolling Interests": NaN,
        "Net Income Continuous Operations": NaN,
        "Tax Provision": NaN,
        "Pretax Income": NaN,
        "Special Income Charges": NaN,
        "Gain On Sale Of Security": NaN,
        "Selling General And Administration": NaN,
        "General And Administrative Expense": NaN,
        "Other Gand A": NaN,
        "Salaries And Wages": NaN,
        "Total Revenue": NaN,
        "Operating Revenue": NaN,
        "Professional Expense And Contract Services Expense": NaN,
        "Other Non Interest Expense": NaN
    },
    "2022-12-31": {
        "Tax Effect Of Unusual Items": NaN,
        "Tax Rate For Calcs": NaN,
        "Total Unusual Items": NaN,
        "Total Unusual Items Excluding Goodwill": NaN,
        "Net Income From Continuing Operation Net Minority Interest": NaN,
        "Net Interest Income": NaN,
        "Interest Expense": NaN,
        "Interest Income": NaN,
        "Normalized Income": NaN,
        "Net Income From Continuing And Discontinued Operation": NaN,
        "Diluted Average Shares": 20416172.0,
        "Basic Average Shares": 20300657.0,
        "Diluted EPS": 0.14,
        "Basic EPS": 0.14,
        "Diluted NI Availto Com Stockholders": NaN,
        "Net Income Common Stockholders": NaN,
        "Net Income": NaN,
        "Net Income Including Noncontrolling Interests": NaN,
        "Net Income Continuous Operations": NaN,
        "Tax Provision": NaN,
        "Pretax Income": NaN,
        "Special Income Charges": NaN,
        "Gain On Sale Of Security": NaN,
        "Selling General And Administration": NaN,
        "General And Administrative Expense": NaN,
        "Other Gand A": NaN,
        "Salaries And Wages": NaN,
        "Total Revenue": NaN,
        "Operating Revenue": NaN,
        "Professional Expense And Contract Services Expense": NaN,
        "Other Non Interest Expense": NaN
    },
    "2022-09-30": {
        "Tax Effect Of Unusual Items": 0.0,
        "Tax Rate For Calcs": 0.014352,
        "Total Unusual Items": NaN,
        "Total Unusual Items Excluding Goodwill": NaN,
        "Net Income From Continuing Operation Net Minority Interest": 11480519.0,
        "Net Interest Income": 18141495.0,
        "Interest Expense": 1644088.0,
        "Interest Income": 19785583.0,
        "Normalized Income": 11480519.0,
        "Net Income From Continuing And Discontinued Operation": 11480519.0,
        "Diluted Average Shares": 20112033.0,
        "Basic Average Shares": 20019760.0,
        "Diluted EPS": 0.57,
        "Basic EPS": 0.57,
        "Diluted NI Availto Com Stockholders": 11480519.0,
        "Net Income Common Stockholders": 11480519.0,
        "Net Income": 11480519.0,
        "Net Income Including Noncontrolling Interests": 11480519.0,
        "Net Income Continuous Operations": 11480519.0,
        "Tax Provision": 167164.0,
        "Pretax Income": 11647683.0,
        "Special Income Charges": NaN,
        "Gain On Sale Of Security": 0.0,
        "Selling General And Administration": 1164994.0,
        "General And Administrative Expense": 1164994.0,
        "Other Gand A": 1050932.0,
        "Salaries And Wages": 114062.0,
        "Total Revenue": 17504216.0,
        "Operating Revenue": 17504216.0
    },
    "2022-06-30": {
        "Tax Effect Of Unusual Items": 0.0,
        "Tax Rate For Calcs": 0.014268,
        "Total Unusual Items": NaN,
        "Total Unusual Items Excluding Goodwill": NaN,
        "Net Income From Continuing Operation Net Minority Interest": 11351673.0,
        "Net Interest Income": 19904203.0,
        "Interest Expense": 1747004.0,
        "Interest Income": 21651207.0,
        "Normalized Income": 11351673.0,
        "Net Income From Continuing And Discontinued Operation": 11351673.0,
        "Diluted Average Shares": 19811594.0,
        "Basic Average Shares": 19715749.0,
        "Diluted EPS": 0.57,
        "Basic EPS": 0.57,
        "Diluted NI Availto Com Stockholders": 11351673.0,
        "Net Income Common Stockholders": 11351673.0,
        "Net Income": 11351673.0,
        "Net Income Including Noncontrolling Interests": 11351673.0,
        "Net Income Continuous Operations": 11351673.0,
        "Tax Provision": 164315.0,
        "Pretax Income": 11515988.0,
        "Special Income Charges": NaN,
        "Gain On Sale Of Security": 0.0,
        "Selling General And Administration": 1294834.0,
        "General And Administrative Expense": 1294834.0,
        "Other Gand A": 1177437.0,
        "Salaries And Wages": 117397.0,
        "Total Revenue": 18898749.0,
        "Operating Revenue": 18898749.0
    },
    "2022-03-31": {
        "Diluted EPS": 0.52,
        "Total Revenue": 17,
        "Gross Profit": 17,
        "Operating Income": 11,
        "EBIT": 11,
        "Net Income": 10
    },
    "2021-12-31": {
        "Diluted EPS": 0.52,
        "Total Revenue": 13,
        "Gross Profit": 13,
        "Operating Income": 8,
        "EBIT": 8,
        "Net Income": 7
    },
    "2021-09-30": {
        "Diluted EPS": 0.47,
        "Total Revenue": 11,
        "Gross Profit": 11,
        "Operating Income": 7,
        "EBIT": 7,
        "Net Income": 8
    },
    "2021-06-30": {
        "Diluted EPS": 0.34,
        "Total Revenue": 9,
        "Gross Profit": 9,
        "Operating Income": 6,
        "EBIT": 6,
        "Net Income": 5
    },
    "2021-03-31": {
        "Diluted EPS": 0.19,
        "Total Revenue": 5,
        "Gross Profit": 5,
        "Operating Income": 2,
        "EBIT": 2,
        "Net Income": 1
    },
    "2020-12-31": {
        "Diluted EPS": 0.0,
        "Total Revenue": NaN,
        "Gross Profit": NaN,
        "Operating Income": NaN,
        "EBIT": NaN,
        "Net Income": NaN
    },
    "2020-09-30": {
        "Diluted EPS": 0.39,
        "Total Revenue": 2,
        "Gross Profit": 2,
        "Operating Income": 1,
        "EBIT": 1,
        "Net Income": 2
    },
    "2023-06-30": {
        "Tax Effect Of Unusual Items": NaN,
        "Tax Rate For Calcs": NaN,
        "Total Unusual Items": NaN,
        "Total Unusual Items Excluding Goodwill": NaN,
        "Net Income From Continuing Operation Net Minority Interest": NaN,
        "Net Interest Income": NaN,
        "Interest Expense": NaN,
        "Interest Income": NaN,
        "Normalized Income": NaN,
        "Net Income From Continuing And Discontinued Operation": NaN,
        "Diluted Average Shares": 20322857.0,
        "Basic Average Shares": 20317341.0,
        "Diluted EPS": 0.59,
        "Basic EPS": 0.59,
        "Diluted NI Availto Com Stockholders": NaN,
        "Net Income Common Stockholders": NaN,
        "Net Income": NaN,
        "Net Income Including Noncontrolling Interests": NaN,
        "Net Income Discontinuous Operations": NaN,
        "Net Income Continuous Operations": NaN,
        "Tax Provision": NaN,
        "Pretax Income": NaN,
        "Special Income Charges": NaN,
        "Gain On Sale Of Security": NaN,
        "Selling General And Administration": NaN,
        "General And Administrative Expense": NaN,
        "Other Gand A": NaN,
        "Salaries And Wages": NaN,
        "Total Revenue": NaN,
        "Operating Revenue": NaN,
        "Professional Expense And Contract Services Expense": NaN,
        "Other Non Interest Expense": NaN
    },
    "2023-09-30": {
        "Tax Effect Of Unusual Items": 0.0,
        "Tax Rate For Calcs": 0.076803,
        "Total Unusual Items": 0.0,
        "Total Unusual Items Excluding Goodwill": 0.0,
        "Net Income From Continuing Operation Net Minority Interest": 7972108.0,
        "Net Interest Income": 15265498.0,
        "Interest Expense": 1532928.0,
        "Interest Income": 16798426.0,
        "Normalized Income": 7972108.0,
        "Net Income From Continuing And Discontinued Operation": 7979875.0,
        "Diluted Average Shares": 20342880.0,
        "Basic Average Shares": 20324125.0,
        "Diluted EPS": 0.39,
        "Basic EPS": 0.39,
        "Diluted NI Availto Com Stockholders": 7979875.0,
        "Net Income Common Stockholders": 7979875.0,
        "Net Income": 7979875.0,
        "Net Income Including Noncontrolling Interests": 7979875.0,
        "Net Income Discontinuous Operations": 7767.0,
        "Net Income Continuous Operations": 7972108.0,
        "Tax Provision": 663220.0,
        "Pretax Income": 8635328.0,
        "Special Income Charges": 0.0,
        "Gain On Sale Of Security": -1213416.0,
        "Selling General And Administration": 1280786.0,
        "General And Administrative Expense": 1280786.0,
        "Other Gand A": 986772.0,
        "Salaries And Wages": 294014.0,
        "Total Revenue": 14839881.0,
        "Operating Revenue": 14839881.0,
        "Professional Expense And Contract Services Expense": 295502.0,
        "Other Non Interest Expense": 3574867.0
    },
    "2023-12-31": {
        "Tax Effect Of Unusual Items": 0.0,
        "Tax Rate For Calcs": 0.21,
        "Total Unusual Items": 0.0,
        "Total Unusual Items Excluding Goodwill": 0.0,
        "Net Income From Continuing Operation Net Minority Interest": -9188483.0,
        "Net Interest Income": 15972626.0,
        "Interest Expense": 1580594.0,
        "Interest Income": 17553220.0,
        "Normalized Income": -9188483.0,
        "Net Income From Continuing And Discontinued Operation": -9188483.0,
        "Diluted Average Shares": NaN,
        "Basic Average Shares": NaN,
        "Diluted EPS": NaN,
        "Basic EPS": NaN,
        "Diluted NI Availto Com Stockholders": -9188483.0,
        "Net Income Common Stockholders": -9188483.0,
        "Net Income": -9188483.0,
        "Net Income Including Noncontrolling Interests": -9188483.0,
        "Net Income Discontinuous Operations": NaN,
        "Net Income Continuous Operations": -9188483.0,
        "Tax Provision": 653378.0,
        "Pretax Income": -8535105.0,
        "Special Income Charges": 0.0,
        "Gain On Sale Of Security": -100676.0,
        "Selling General And Administration": 1239261.0,
        "General And Administrative Expense": 1239261.0,
        "Other Gand A": 936474.0,
        "Salaries And Wages": 302787.0,
        "Total Revenue": 8511396.0,
        "Operating Revenue": 8511396.0,
        "Professional Expense And Contract Services Expense": 352433.0,
        "Other Non Interest Expense": 3471726.0
    },
    "2024-03-31": {
        "Tax Effect Of Unusual Items": 0.0,
        "Tax Rate For Calcs": 0.21,
        "Total Unusual Items": 0.0,
        "Total Unusual Items Excluding Goodwill": 0.0,
        "Net Income From Continuing Operation Net Minority Interest": -54116.0,
        "Net Interest Income": 14757897.0,
        "Interest Expense": 1603163.0,
        "Interest Income": 16361060.0,
        "Normalized Income": -54116.0,
        "Net Income From Continuing And Discontinued Operation": -54116.0,
        "Diluted Average Shares": 20405187.0,
        "Basic Average Shares": 20393875.0,
        "Diluted EPS": -0.01,
        "Basic EPS": -0.01,
        "Diluted NI Availto Com Stockholders": -54116.0,
        "Net Income Common Stockholders": -54116.0,
        "Net Income": -54116.0,
        "Net Income Including Noncontrolling Interests": -54116.0,
        "Net Income Discontinuous Operations": NaN,
        "Net Income Continuous Operations": -54116.0,
        "Tax Provision": 158360.0,
        "Pretax Income": 104244.0,
        "Special Income Charges": 0.0,
        "Gain On Sale Of Security": -93338.0,
        "Selling General And Administration": 1595618.0,
        "General And Administrative Expense": 1595618.0,
        "Other Gand A": 1052396.0,
        "Salaries And Wages": 543222.0,
        "Total Revenue": 11050866.0,
        "Operating Revenue": 11050866.0,
        "Professional Expense And Contract Services Expense": 956568.0,
        "Other Non Interest Expense": 3462762.0
    },
    "2024-06-30": {
        "Tax Effect Of Unusual Items": 0.0,
        "Tax Rate For Calcs": 0.017091,
        "Total Unusual Items": 0.0,
        "Total Unusual Items Excluding Goodwill": 0.0,
        "Net Income From Continuing Operation Net Minority Interest": 16446121.0,
        "Net Interest Income": 18384246.0,
        "Interest Expense": 1573275.0,
        "Interest Income": 19957521.0,
        "Normalized Income": 16446121.0,
        "Net Income From Continuing And Discontinued Operation": 16446121.0,
        "Diluted Average Shares": 20437799.0,
        "Basic Average Shares": 20400004.0,
        "Diluted EPS": 0.8,
        "Basic EPS": 0.8,
        "Diluted NI Availto Com Stockholders": 16446121.0,
        "Net Income Common Stockholders": 16446121.0,
        "Net Income": 16446121.0,
        "Net Income Including Noncontrolling Interests": 16446121.0,
        "Net Income Discontinuous Operations": NaN,
        "Net Income Continuous Operations": 16446121.0,
        "Tax Provision": 285975.0,
        "Pretax Income": 16732096.0,
        "Special Income Charges": 0.0,
        "Gain On Sale Of Security": 0.0,
        "Selling General And Administration": 1423153.0,
        "General And Administrative Expense": 1423153.0,
        "Other Gand A": 1053810.0,
        "Salaries And Wages": 369343.0,
        "Total Revenue": 16964245.0,
        "Operating Revenue": 16964245.0,
        "Professional Expense And Contract Services Expense": 1014208.0,
        "Other Non Interest Expense": 3985028.0
    },
    "2024-09-30": {
        "Tax Effect Of Unusual Items": 0.0,
        "Tax Rate For Calcs": 0.240801,
        "Total Unusual Items": 0.0,
        "Total Unusual Items Excluding Goodwill": 0.0,
        "Net Income From Continuing Operation Net Minority Interest": 1217790.0,
        "Net Interest Income": 8882316.0,
        "Interest Expense": 1572705.0,
        "Interest Income": 10455021.0,
        "Normalized Income": 1217790.0,
        "Net Income From Continuing And Discontinued Operation": 1383734.0,
        "Diluted Average Shares": 20785848.0,
        "Basic Average Shares": 20684149.0,
        "Diluted EPS": 0.06,
        "Basic EPS": 0.06,
        "Diluted NI Availto Com Stockholders": 1383734.0,
        "Net Income Common Stockholders": 1383734.0,
        "Net Income": 1383734.0,
        "Net Income Including Noncontrolling Interests": 1383734.0,
        "Net Income Discontinuous Operations": 165944.0,
        "Net Income Continuous Operations": 1217790.0,
        "Tax Provision": 386256.0,
        "Pretax Income": 1604046.0,
        "Special Income Charges": 0.0,
        "Gain On Sale Of Security": 0.0,
        "Selling General And Administration": 1075947.0,
        "General And Administrative Expense": 1075947.0,
        "Other Gand A": 857304.0,
        "Salaries And Wages": 218643.0,
        "Total Revenue": 4260614.0,
        "Operating Revenue": 4260614.0,
        "Professional Expense And Contract Services Expense": 417466.0,
        "Other Non Interest Expense": 981785.0
    }
}