{
    "2023-03-31": {
        "Tax Effect Of Unusual Items": NaN,
        "Tax Rate For Calcs": NaN,
        "Normalized EBITDA": NaN,
        "Total Unusual Items": NaN,
        "Total Unusual Items Excluding Goodwill": NaN,
        "Net Income From Continuing Operation Net Minority Interest": NaN,
        "Reconciled Depreciation": NaN,
        "Reconciled Cost Of Revenue": NaN,
        "EBITDA": NaN,
        "EBIT": NaN,
        "Net Interest Income": NaN,
        "Interest Expense": NaN,
        "Normalized Income": NaN,
        "Net Income From Continuing And Discontinued Operation": NaN,
        "Total Expenses": NaN,
        "Total Operating Income As Reported": NaN,
        "Diluted Average Shares": 297204715.0,
        "Basic Average Shares": 297204715.0,
        "Diluted EPS": -0.69,
        "Basic EPS": -0.69,
        "Diluted NI Availto Com Stockholders": NaN,
        "Net Income Common Stockholders": NaN,
        "Net Income": NaN,
        "Net Income Including Noncontrolling Interests": NaN,
        "Net Income Continuous Operations": NaN,
        "Tax Provision": NaN,
        "Pretax Income": NaN,
        "Other Income Expense": NaN,
        "Other Non Operating Income Expenses": NaN,
        "Special Income Charges": NaN,
        "Restructuring And Mergern Acquisition": NaN,
        "Net Non Operating Interest Income Expense": NaN,
        "Total Other Finance Cost": 51188000.0,
        "Interest Expense Non Operating": NaN,
        "Operating Income": NaN,
        "Operating Expense": NaN,
        "Other Operating Expenses": NaN,
        "Provision For Doubtful Accounts": NaN,
        "Depreciation Amortization Depletion Income Statement": 6181000.0,
        "Depreciation And Amortization In Income Statement": 6181000.0,
        "Selling General And Administration": NaN,
        "Selling And Marketing Expense": NaN,
        "General And Administrative Expense": NaN,
        "Other Gand A": NaN,
        "Salaries And Wages": 28753000.0,
        "Gross Profit": NaN,
        "Cost Of Revenue": NaN,
        "Total Revenue": NaN,
        "Operating Revenue": NaN
    },
    "2022-12-31": {
        "Tax Effect Of Unusual Items": NaN,
        "Tax Rate For Calcs": NaN,
        "Normalized EBITDA": NaN,
        "Total Unusual Items": NaN,
        "Total Unusual Items Excluding Goodwill": NaN,
        "Net Income From Continuing Operation Net Minority Interest": NaN,
        "Reconciled Depreciation": NaN,
        "Reconciled Cost Of Revenue": NaN,
        "EBITDA": NaN,
        "EBIT": NaN,
        "Net Interest Income": NaN,
        "Interest Expense": NaN,
        "Normalized Income": NaN,
        "Net Income From Continuing And Discontinued Operation": NaN,
        "Total Expenses": NaN,
        "Total Operating Income As Reported": NaN,
        "Diluted Average Shares": 293683331.0,
        "Basic Average Shares": 293683331.0,
        "Diluted EPS": -1.1,
        "Basic EPS": -1.1,
        "Diluted NI Availto Com Stockholders": NaN,
        "Net Income Common Stockholders": NaN,
        "Net Income": NaN,
        "Net Income Including Noncontrolling Interests": NaN,
        "Net Income Continuous Operations": NaN,
        "Tax Provision": NaN,
        "Pretax Income": NaN,
        "Other Income Expense": NaN,
        "Other Non Operating Income Expenses": NaN,
        "Special Income Charges": NaN,
        "Restructuring And Mergern Acquisition": NaN,
        "Net Non Operating Interest Income Expense": NaN,
        "Total Other Finance Cost": 43751000.0,
        "Interest Expense Non Operating": NaN,
        "Operating Income": NaN,
        "Operating Expense": NaN,
        "Other Operating Expenses": NaN,
        "Provision For Doubtful Accounts": NaN,
        "Depreciation Amortization Depletion Income Statement": NaN,
        "Depreciation And Amortization In Income Statement": NaN,
        "Selling General And Administration": NaN,
        "Selling And Marketing Expense": NaN,
        "General And Administrative Expense": NaN,
        "Other Gand A": NaN,
        "Salaries And Wages": NaN,
        "Gross Profit": NaN,
        "Cost Of Revenue": NaN,
        "Total Revenue": NaN,
        "Operating Revenue": NaN
    },
    "2022-09-30": {
        "Tax Effect Of Unusual Items": NaN,
        "Tax Rate For Calcs": NaN,
        "Normalized EBITDA": NaN,
        "Total Unusual Items": NaN,
        "Total Unusual Items Excluding Goodwill": NaN,
        "Net Income From Continuing Operation Net Minority Interest": NaN,
        "Reconciled Depreciation": NaN,
        "Reconciled Cost Of Revenue": NaN,
        "EBITDA": NaN,
        "EBIT": NaN,
        "Net Interest Income": NaN,
        "Interest Expense": NaN,
        "Normalized Income": NaN,
        "Net Income From Continuing And Discontinued Operation": NaN,
        "Total Expenses": NaN,
        "Total Operating Income As Reported": NaN,
        "Diluted Average Shares": NaN,
        "Basic Average Shares": NaN,
        "Diluted EPS": NaN,
        "Basic EPS": NaN,
        "Diluted NI Availto Com Stockholders": NaN,
        "Net Income Common Stockholders": NaN,
        "Net Income": NaN,
        "Net Income Including Noncontrolling Interests": NaN,
        "Net Income Continuous Operations": NaN,
        "Tax Provision": NaN,
        "Pretax Income": NaN,
        "Other Income Expense": NaN,
        "Other Non Operating Income Expenses": NaN,
        "Special Income Charges": NaN,
        "Restructuring And Mergern Acquisition": NaN,
        "Net Non Operating Interest Income Expense": NaN,
        "Total Other Finance Cost": 25066000.0,
        "Interest Expense Non Operating": NaN,
        "Operating Income": NaN,
        "Operating Expense": NaN,
        "Other Operating Expenses": NaN,
        "Provision For Doubtful Accounts": NaN,
        "Depreciation Amortization Depletion Income Statement": NaN,
        "Depreciation And Amortization In Income Statement": NaN,
        "Selling General And Administration": NaN,
        "Selling And Marketing Expense": NaN,
        "General And Administrative Expense": NaN,
        "Other Gand A": NaN,
        "Salaries And Wages": NaN,
        "Gross Profit": NaN,
        "Cost Of Revenue": NaN,
        "Total Revenue": NaN,
        "Operating Revenue": NaN
    },
    "2022-06-30": {
        "Tax Effect Of Unusual Items": 0.0,
        "Tax Rate For Calcs": 0.088599,
        "Normalized EBITDA": -167984000.0,
        "Total Unusual Items": NaN,
        "Total Unusual Items Excluding Goodwill": NaN,
        "Net Income From Continuing Operation Net Minority Interest": -186396000.0,
        "Reconciled Depreciation": 17115000.0,
        "Reconciled Cost Of Revenue": 182743000.0,
        "EBITDA": -167984000.0,
        "EBIT": -185099000.0,
        "Net Interest Income": -19417000.0,
        "Interest Expense": 19417000.0,
        "Normalized Income": -186396000.0,
        "Net Income From Continuing And Discontinued Operation": -186396000.0,
        "Total Expenses": 621943000.0,
        "Total Operating Income As Reported": -277226000.0,
        "Diluted Average Shares": 288106119.0,
        "Basic Average Shares": 288106119.0,
        "Diluted EPS": -0.65,
        "Basic EPS": -0.65,
        "Diluted NI Availto Com Stockholders": -186396000.0,
        "Net Income Common Stockholders": -186396000.0,
        "Net Income": -186396000.0,
        "Net Income Including Noncontrolling Interests": -186396000.0,
        "Net Income Continuous Operations": -186396000.0,
        "Tax Provision": -18120000.0,
        "Pretax Income": -204516000.0,
        "Other Income Expense": 72710000.0,
        "Other Non Operating Income Expenses": 72710000.0,
        "Special Income Charges": NaN,
        "Restructuring And Mergern Acquisition": NaN,
        "Net Non Operating Interest Income Expense": -19417000.0,
        "Total Other Finance Cost": 19417000.0,
        "Interest Expense Non Operating": 19417000.0,
        "Operating Income": -257809000.0,
        "Operating Expense": 439200000.0,
        "Other Operating Expenses": 40285000.0,
        "Provision For Doubtful Accounts": 72691000.0,
        "Depreciation Amortization Depletion Income Statement": NaN,
        "Depreciation And Amortization In Income Statement": NaN,
        "Selling General And Administration": 326224000.0,
        "Selling And Marketing Expense": 168693000.0,
        "General And Administrative Expense": 157531000.0,
        "Other Gand A": 157531000.0,
        "Salaries And Wages": NaN,
        "Gross Profit": 181391000.0,
        "Cost Of Revenue": 182743000.0,
        "Total Revenue": 364134000.0,
        "Operating Revenue": 364134000.0
    },
    "2022-03-31": {
        "Diluted EPS": -0.19,
        "Total Revenue": 355,
        "Gross Profit": 185,
        "Operating Income": -227,
        "EBIT": -222,
        "Net Income": -55
    },
    "2021-12-31": {
        "Diluted EPS": -0.57,
        "Total Revenue": 361,
        "Gross Profit": 206,
        "Operating Income": -196,
        "EBIT": -207,
        "Net Income": -160
    },
    "2021-09-30": {
        "Diluted EPS": -1.13,
        "Total Revenue": 269,
        "Gross Profit": 149,
        "Operating Income": -166,
        "EBIT": -167,
        "Net Income": -307
    },
    "2021-06-30": {
        "Diluted EPS": -0.86,
        "Total Revenue": 262,
        "Gross Profit": 155,
        "Operating Income": -114,
        "EBIT": -114,
        "Net Income": -123
    },
    "2021-03-31": {
        "Diluted EPS": -1.23,
        "Total Revenue": 231,
        "Gross Profit": 90,
        "Operating Income": -209,
        "EBIT": -213,
        "Net Income": -287
    },
    "2020-12-31": {
        "Diluted EPS": -0.38,
        "Total Revenue": 204,
        "Gross Profit": 134,
        "Operating Income": -27,
        "EBIT": -25,
        "Net Income": -27
    },
    "2020-09-30": {
        "Diluted EPS": -0.47,
        "Total Revenue": 174,
        "Gross Profit": 116,
        "Operating Income": -33,
        "EBIT": -25,
        "Net Income": -4
    },
    "2020-06-30": {
        "Diluted EPS": 0.72,
        "Total Revenue": 153,
        "Gross Profit": 99,
        "Operating Income": 39,
        "EBIT": 35,
        "Net Income": 35
    },
    "2020-03-31": {
        "Diluted EPS": -1.8,
        "Total Revenue": 138,
        "Gross Profit": 83,
        "Operating Income": -82,
        "EBIT": -86,
        "Net Income": -86
    },
    "2019-12-31": {
        "Diluted EPS": -0.92,
        "Total Revenue": 130,
        "Gross Profit": 79,
        "Operating Income": -33,
        "EBIT": -37,
        "Net Income": -44
    },
    "2019-09-30": {
        "Diluted EPS": -0.63,
        "Total Revenue": 88,
        "Gross Profit": 45,
        "Operating Income": -33,
        "EBIT": -37,
        "Net Income": -31
    },
    "2019-06-30": {
        "Diluted EPS": 0.0,
        "Total Revenue": NaN,
        "Gross Profit": NaN,
        "Operating Income": NaN,
        "EBIT": NaN,
        "Net Income": NaN
    },
    "2023-06-30": {
        "Tax Effect Of Unusual Items": -5942.627775,
        "Tax Rate For Calcs": 0.006349,
        "Normalized EBITDA": -100055000.0,
        "Total Unusual Items": -936000.0,
        "Total Unusual Items Excluding Goodwill": -936000.0,
        "Net Income From Continuing Operation Net Minority Interest": -205962000.0,
        "Reconciled Depreciation": 43279000.0,
        "Reconciled Cost Of Revenue": 223565000.0,
        "EBITDA": -100991000.0,
        "EBIT": -144270000.0,
        "Net Interest Income": -63008000.0,
        "Interest Expense": 63008000.0,
        "Normalized Income": -205031942.627775,
        "Net Income From Continuing And Discontinued Operation": -205962000.0,
        "Total Expenses": 625709000.0,
        "Total Operating Income As Reported": -243828000.0,
        "Diluted Average Shares": NaN,
        "Basic Average Shares": NaN,
        "Diluted EPS": NaN,
        "Basic EPS": NaN,
        "Diluted NI Availto Com Stockholders": -205962000.0,
        "Net Income Common Stockholders": -205962000.0,
        "Net Income": -205962000.0,
        "Net Income Including Noncontrolling Interests": -205962000.0,
        "Net Income Continuous Operations": -205962000.0,
        "Tax Provision": -1316000.0,
        "Pretax Income": -207278000.0,
        "Other Income Expense": 35614000.0,
        "Other Non Operating Income Expenses": 36550000.0,
        "Special Income Charges": -936000.0,
        "Restructuring And Mergern Acquisition": 936000.0,
        "Net Non Operating Interest Income Expense": -63008000.0,
        "Total Other Finance Cost": NaN,
        "Interest Expense Non Operating": 63008000.0,
        "Operating Income": -179884000.0,
        "Operating Expense": 402144000.0,
        "Other Operating Expenses": 35009000.0,
        "Provision For Doubtful Accounts": 94483000.0,
        "Depreciation Amortization Depletion Income Statement": NaN,
        "Depreciation And Amortization In Income Statement": NaN,
        "Selling General And Administration": 272652000.0,
        "Selling And Marketing Expense": 145131000.0,
        "General And Administrative Expense": 127521000.0,
        "Other Gand A": 127521000.0,
        "Salaries And Wages": NaN,
        "Gross Profit": 222260000.0,
        "Cost Of Revenue": 223565000.0,
        "Total Revenue": 445825000.0,
        "Operating Revenue": 445825000.0
    },
    "2023-09-30": {
        "Tax Effect Of Unusual Items": -349650.0,
        "Tax Rate For Calcs": 0.21,
        "Normalized EBITDA": -55013000.0,
        "Total Unusual Items": -1665000.0,
        "Total Unusual Items Excluding Goodwill": -1665000.0,
        "Net Income From Continuing Operation Net Minority Interest": -171783000.0,
        "Reconciled Depreciation": 40131000.0,
        "Reconciled Cost Of Revenue": 208636000.0,
        "EBITDA": -56678000.0,
        "EBIT": -96809000.0,
        "Net Interest Income": -73931000.0,
        "Interest Expense": 73931000.0,
        "Normalized Income": -170467650.0,
        "Net Income From Continuing And Discontinued Operation": -171783000.0,
        "Total Expenses": 630398000.0,
        "Total Operating Income As Reported": -209447000.0,
        "Diluted Average Shares": 303839670.0,
        "Basic Average Shares": 303839670.0,
        "Diluted EPS": -0.57,
        "Basic EPS": -0.57,
        "Diluted NI Availto Com Stockholders": -171783000.0,
        "Net Income Common Stockholders": -171783000.0,
        "Net Income": -171783000.0,
        "Net Income Including Noncontrolling Interests": -171783000.0,
        "Net Income Continuous Operations": -171783000.0,
        "Tax Provision": 1043000.0,
        "Pretax Income": -170740000.0,
        "Other Income Expense": 37042000.0,
        "Other Non Operating Income Expenses": 38707000.0,
        "Special Income Charges": -1665000.0,
        "Restructuring And Mergern Acquisition": 1665000.0,
        "Net Non Operating Interest Income Expense": -73931000.0,
        "Interest Expense Non Operating": 73931000.0,
        "Operating Income": -133851000.0,
        "Operating Expense": 421762000.0,
        "Other Operating Expenses": 34866000.0,
        "Provision For Doubtful Accounts": 99696000.0,
        "Selling General And Administration": 287200000.0,
        "Selling And Marketing Expense": 146866000.0,
        "General And Administrative Expense": 140334000.0,
        "Other Gand A": 140334000.0,
        "Gross Profit": 287911000.0,
        "Cost Of Revenue": 208636000.0,
        "Total Revenue": 496547000.0,
        "Operating Revenue": 496547000.0
    },
    "2023-12-31": {
        "Tax Effect Of Unusual Items": -233.887424,
        "Tax Rate For Calcs": 0.004177,
        "Normalized EBITDA": -56417000.0,
        "Total Unusual Items": -56000.0,
        "Total Unusual Items Excluding Goodwill": -56000.0,
        "Net Income From Continuing Operation Net Minority Interest": -166902000.0,
        "Reconciled Depreciation": 26512000.0,
        "Reconciled Cost Of Revenue": 210036000.0,
        "EBITDA": -56473000.0,
        "EBIT": -82985000.0,
        "Net Interest Income": -84617000.0,
        "Interest Expense": 84617000.0,
        "Normalized Income": -166846233.887424,
        "Net Income From Continuing And Discontinued Operation": -166902000.0,
        "Total Expenses": 678588000.0,
        "Total Operating Income As Reported": -172151000.0,
        "Diluted Average Shares": 307571602.0,
        "Basic Average Shares": 307571602.0,
        "Diluted EPS": -0.54,
        "Basic EPS": -0.54,
        "Diluted NI Availto Com Stockholders": -166902000.0,
        "Net Income Common Stockholders": -166902000.0,
        "Net Income": -166902000.0,
        "Net Income Including Noncontrolling Interests": -166902000.0,
        "Net Income Continuous Operations": -166902000.0,
        "Tax Provision": -700000.0,
        "Pretax Income": -167602000.0,
        "Other Income Expense": 4493000.0,
        "Other Non Operating Income Expenses": 4549000.0,
        "Special Income Charges": -56000.0,
        "Restructuring And Mergern Acquisition": 56000.0,
        "Net Non Operating Interest Income Expense": -84617000.0,
        "Interest Expense Non Operating": 84617000.0,
        "Operating Income": -87478000.0,
        "Operating Expense": 468552000.0,
        "Other Operating Expenses": 53630000.0,
        "Provision For Doubtful Accounts": 120880000.0,
        "Selling General And Administration": 294042000.0,
        "Selling And Marketing Expense": 161265000.0,
        "General And Administrative Expense": 132777000.0,
        "Other Gand A": 132777000.0,
        "Gross Profit": 381074000.0,
        "Cost Of Revenue": 210036000.0,
        "Total Revenue": 591110000.0,
        "Operating Revenue": 591110000.0
    },
    "2024-03-31": {
        "Tax Effect Of Unusual Items": -1092630.0,
        "Tax Rate For Calcs": 0.21,
        "Normalized EBITDA": -382000.0,
        "Total Unusual Items": -5203000.0,
        "Total Unusual Items Excluding Goodwill": -5203000.0,
        "Net Income From Continuing Operation Net Minority Interest": -133936000.0,
        "Reconciled Depreciation": 37012000.0,
        "Reconciled Cost Of Revenue": 213037000.0,
        "EBITDA": -5585000.0,
        "EBIT": -42597000.0,
        "Net Interest Income": -90449000.0,
        "Interest Expense": 90449000.0,
        "Normalized Income": -129825630.0,
        "Net Income From Continuing And Discontinued Operation": -133936000.0,
        "Total Expenses": 641294000.0,
        "Total Operating Income As Reported": -160789000.0,
        "Diluted Average Shares": 312626728.0,
        "Basic Average Shares": 312626728.0,
        "Diluted EPS": -0.43,
        "Basic EPS": -0.43,
        "Diluted NI Availto Com Stockholders": -133936000.0,
        "Net Income Common Stockholders": -133936000.0,
        "Net Income": -133936000.0,
        "Net Income Including Noncontrolling Interests": -133936000.0,
        "Net Income Continuous Operations": -133936000.0,
        "Tax Provision": 890000.0,
        "Pretax Income": -133046000.0,
        "Other Income Expense": 22540000.0,
        "Other Non Operating Income Expenses": 27743000.0,
        "Special Income Charges": -5203000.0,
        "Restructuring And Mergern Acquisition": 5203000.0,
        "Net Non Operating Interest Income Expense": -90449000.0,
        "Interest Expense Non Operating": 90449000.0,
        "Operating Income": -65137000.0,
        "Operating Expense": 428257000.0,
        "Other Operating Expenses": 44143000.0,
        "Provision For Doubtful Accounts": 122443000.0,
        "Selling General And Administration": 261671000.0,
        "Selling And Marketing Expense": 132950000.0,
        "General And Administrative Expense": 128721000.0,
        "Other Gand A": 128721000.0,
        "Gross Profit": 363120000.0,
        "Cost Of Revenue": 213037000.0,
        "Total Revenue": 576157000.0,
        "Operating Revenue": 576157000.0
    },
    "2024-06-30": {
        "Tax Effect Of Unusual Items": 32760.0,
        "Tax Rate For Calcs": 0.21,
        "Normalized EBITDA": 116350000.0,
        "Total Unusual Items": 156000.0,
        "Total Unusual Items Excluding Goodwill": 156000.0,
        "Net Income From Continuing Operation Net Minority Interest": -45136000.0,
        "Reconciled Depreciation": 65389000.0,
        "Reconciled Cost Of Revenue": 213397000.0,
        "EBITDA": 116506000.0,
        "EBIT": 51117000.0,
        "Net Interest Income": -95256000.0,
        "Interest Expense": 95256000.0,
        "Normalized Income": -45259240.0,
        "Net Income From Continuing And Discontinued Operation": -45136000.0,
        "Total Expenses": 637545000.0,
        "Total Operating Income As Reported": -73460000.0,
        "Diluted Average Shares": NaN,
        "Basic Average Shares": NaN,
        "Diluted EPS": NaN,
        "Basic EPS": NaN,
        "Diluted NI Availto Com Stockholders": -45136000.0,
        "Net Income Common Stockholders": -45136000.0,
        "Net Income": -45136000.0,
        "Net Income Including Noncontrolling Interests": -45136000.0,
        "Net Income Continuous Operations": -45136000.0,
        "Tax Provision": 997000.0,
        "Pretax Income": -44139000.0,
        "Other Income Expense": 29477000.0,
        "Other Non Operating Income Expenses": 29321000.0,
        "Special Income Charges": 156000.0,
        "Restructuring And Mergern Acquisition": -156000.0,
        "Net Non Operating Interest Income Expense": -95256000.0,
        "Interest Expense Non Operating": 95256000.0,
        "Operating Income": 21640000.0,
        "Operating Expense": 424148000.0,
        "Other Operating Expenses": 47756000.0,
        "Provision For Doubtful Accounts": 117609000.0,
        "Selling General And Administration": 258783000.0,
        "Selling And Marketing Expense": 135324000.0,
        "General And Administrative Expense": 123459000.0,
        "Other Gand A": 123459000.0,
        "Gross Profit": 445788000.0,
        "Cost Of Revenue": 213397000.0,
        "Total Revenue": 659185000.0,
        "Operating Revenue": 659185000.0
    },
    "2024-09-30": {
        "Tax Effect Of Unusual Items": 53550.0,
        "Tax Rate For Calcs": 0.21,
        "Normalized EBITDA": 52290000.0,
        "Total Unusual Items": 255000.0,
        "Total Unusual Items Excluding Goodwill": 255000.0,
        "Net Income From Continuing Operation Net Minority Interest": -100222000.0,
        "Reconciled Depreciation": 46720000.0,
        "Reconciled Cost Of Revenue": 229436000.0,
        "EBITDA": 52545000.0,
        "EBIT": 5825000.0,
        "Net Interest Income": -104145000.0,
        "Interest Expense": 104145000.0,
        "Normalized Income": -100423450.0,
        "Net Income From Continuing And Discontinued Operation": -100222000.0,
        "Total Expenses": 727212000.0,
        "Total Operating Income As Reported": -132623000.0,
        "Diluted Average Shares": 318234555.0,
        "Basic Average Shares": 318234555.0,
        "Diluted EPS": -0.31,
        "Basic EPS": -0.31,
        "Diluted NI Availto Com Stockholders": -100222000.0,
        "Net Income Common Stockholders": -100222000.0,
        "Net Income": -100222000.0,
        "Net Income Including Noncontrolling Interests": -100222000.0,
        "Net Income Continuous Operations": -100222000.0,
        "Tax Provision": 1902000.0,
        "Pretax Income": -98320000.0,
        "Other Income Expense": 34558000.0,
        "Other Non Operating Income Expenses": 34303000.0,
        "Special Income Charges": 255000.0,
        "Restructuring And Mergern Acquisition": -255000.0,
        "Net Non Operating Interest Income Expense": -104145000.0,
        "Interest Expense Non Operating": 104145000.0,
        "Operating Income": -28733000.0,
        "Operating Expense": 497776000.0,
        "Other Operating Expenses": 54237000.0,
        "Provision For Doubtful Accounts": 159824000.0,
        "Selling General And Administration": 283715000.0,
        "Selling And Marketing Expense": 145233000.0,
        "General And Administrative Expense": 138482000.0,
        "Other Gand A": 138482000.0,
        "Gross Profit": 469043000.0,
        "Cost Of Revenue": 229436000.0,
        "Total Revenue": 698479000.0,
        "Operating Revenue": 698479000.0
    }
}