{
    "2023-03-31": {
        "Tax Effect Of Unusual Items": NaN,
        "Tax Rate For Calcs": NaN,
        "Normalized EBITDA": NaN,
        "Total Unusual Items": NaN,
        "Total Unusual Items Excluding Goodwill": NaN,
        "Net Income From Continuing Operation Net Minority Interest": NaN,
        "Reconciled Depreciation": NaN,
        "Reconciled Cost Of Revenue": NaN,
        "EBITDA": NaN,
        "EBIT": NaN,
        "Net Interest Income": NaN,
        "Interest Expense": NaN,
        "Interest Income": NaN,
        "Normalized Income": NaN,
        "Net Income From Continuing And Discontinued Operation": NaN,
        "Total Expenses": NaN,
        "Total Operating Income As Reported": NaN,
        "Diluted Average Shares": 90598077.0,
        "Basic Average Shares": 89936546.0,
        "Diluted EPS": 1.24,
        "Basic EPS": 1.25,
        "Diluted NI Availto Com Stockholders": NaN,
        "Net Income Common Stockholders": NaN,
        "Net Income": NaN,
        "Minority Interests": NaN,
        "Net Income Including Noncontrolling Interests": NaN,
        "Net Income Continuous Operations": NaN,
        "Tax Provision": NaN,
        "Pretax Income": NaN,
        "Other Income Expense": NaN,
        "Earnings From Equity Interest": NaN,
        "Gain On Sale Of Security": NaN,
        "Net Non Operating Interest Income Expense": NaN,
        "Total Other Finance Cost": NaN,
        "Interest Expense Non Operating": NaN,
        "Interest Income Non Operating": NaN,
        "Operating Income": NaN,
        "Operating Expense": NaN,
        "Other Operating Expenses": NaN,
        "Other Taxes": NaN,
        "Selling General And Administration": NaN,
        "General And Administrative Expense": 233220000.0,
        "Other Gand A": 233220000.0,
        "Gross Profit": NaN,
        "Cost Of Revenue": NaN,
        "Total Revenue": NaN,
        "Excise Taxes": NaN,
        "Operating Revenue": NaN
    },
    "2022-12-31": {
        "Tax Effect Of Unusual Items": 2270671.716055,
        "Tax Rate For Calcs": 0.123655,
        "Normalized EBITDA": 194902000.0,
        "Total Unusual Items": 18363000.0,
        "Total Unusual Items Excluding Goodwill": 18363000.0,
        "Net Income From Continuing Operation Net Minority Interest": 66694000.0,
        "Reconciled Depreciation": 54514000.0,
        "Reconciled Cost Of Revenue": 236889000.0,
        "EBITDA": 213265000.0,
        "EBIT": 158751000.0,
        "Net Interest Income": -86386000.0,
        "Interest Expense": 77355000.0,
        "Interest Income": 5218000.0,
        "Normalized Income": 50601671.716055,
        "Net Income From Continuing And Discontinued Operation": 66694000.0,
        "Total Expenses": 436507000.0,
        "Total Operating Income As Reported": 147068000.0,
        "Diluted Average Shares": NaN,
        "Basic Average Shares": NaN,
        "Diluted EPS": NaN,
        "Basic EPS": NaN,
        "Diluted NI Availto Com Stockholders": 66694000.0,
        "Net Income Common Stockholders": 66694000.0,
        "Net Income": 66694000.0,
        "Minority Interests": -4637000.0,
        "Net Income Including Noncontrolling Interests": 71331000.0,
        "Net Income Continuous Operations": 71331000.0,
        "Tax Provision": 10065000.0,
        "Pretax Income": 81396000.0,
        "Other Income Expense": 20287000.0,
        "Earnings From Equity Interest": 1924000.0,
        "Gain On Sale Of Security": 18363000.0,
        "Net Non Operating Interest Income Expense": -86386000.0,
        "Total Other Finance Cost": 14249000.0,
        "Interest Expense Non Operating": 77355000.0,
        "Interest Income Non Operating": 5218000.0,
        "Operating Income": 147495000.0,
        "Operating Expense": 199618000.0,
        "Other Operating Expenses": -1487000.0,
        "Other Taxes": -427000.0,
        "Selling General And Administration": 201532000.0,
        "General And Administrative Expense": 201532000.0,
        "Other Gand A": 201532000.0,
        "Gross Profit": 347113000.0,
        "Cost Of Revenue": 236889000.0,
        "Total Revenue": 584002000.0,
        "Excise Taxes": 28541000.0,
        "Operating Revenue": 707816000.0
    },
    "2022-09-30": {
        "Tax Effect Of Unusual Items": NaN,
        "Tax Rate For Calcs": NaN,
        "Normalized EBITDA": NaN,
        "Total Unusual Items": NaN,
        "Total Unusual Items Excluding Goodwill": NaN,
        "Net Income From Continuing Operation Net Minority Interest": NaN,
        "Reconciled Depreciation": NaN,
        "Reconciled Cost Of Revenue": NaN,
        "EBITDA": NaN,
        "EBIT": NaN,
        "Net Interest Income": NaN,
        "Interest Expense": NaN,
        "Interest Income": NaN,
        "Normalized Income": NaN,
        "Net Income From Continuing And Discontinued Operation": NaN,
        "Total Expenses": NaN,
        "Total Operating Income As Reported": NaN,
        "Diluted Average Shares": 90498922.0,
        "Basic Average Shares": 89936546.0,
        "Diluted EPS": 0.84,
        "Basic EPS": 0.84,
        "Diluted NI Availto Com Stockholders": NaN,
        "Net Income Common Stockholders": NaN,
        "Net Income": NaN,
        "Minority Interests": NaN,
        "Net Income Including Noncontrolling Interests": NaN,
        "Net Income Continuous Operations": NaN,
        "Tax Provision": NaN,
        "Pretax Income": NaN,
        "Other Income Expense": NaN,
        "Earnings From Equity Interest": NaN,
        "Gain On Sale Of Security": NaN,
        "Net Non Operating Interest Income Expense": NaN,
        "Total Other Finance Cost": NaN,
        "Interest Expense Non Operating": NaN,
        "Interest Income Non Operating": NaN,
        "Operating Income": NaN,
        "Operating Expense": NaN,
        "Other Operating Expenses": NaN,
        "Other Taxes": NaN,
        "Selling General And Administration": NaN,
        "General And Administrative Expense": NaN,
        "Other Gand A": NaN,
        "Gross Profit": NaN,
        "Cost Of Revenue": NaN,
        "Total Revenue": NaN,
        "Excise Taxes": NaN,
        "Operating Revenue": NaN
    },
    "2022-06-30": {
        "Tax Effect Of Unusual Items": 724122.786432,
        "Tax Rate For Calcs": 0.049874,
        "Normalized EBITDA": 217635000.0,
        "Total Unusual Items": 14519000.0,
        "Total Unusual Items Excluding Goodwill": 14519000.0,
        "Net Income From Continuing Operation Net Minority Interest": 101505000.0,
        "Reconciled Depreciation": 50702000.0,
        "Reconciled Cost Of Revenue": 219242000.0,
        "EBITDA": 232154000.0,
        "EBIT": 181452000.0,
        "Net Interest Income": -75052000.0,
        "Interest Expense": 69811000.0,
        "Interest Income": 4892000.0,
        "Normalized Income": 87710122.786432,
        "Net Income From Continuing And Discontinued Operation": 101505000.0,
        "Total Expenses": 428183000.0,
        "Total Operating Income As Reported": 170242000.0,
        "Diluted Average Shares": 90480647.0,
        "Basic Average Shares": 90480647.0,
        "Diluted EPS": 1.12,
        "Basic EPS": 1.12,
        "Diluted NI Availto Com Stockholders": 101505000.0,
        "Net Income Common Stockholders": 101505000.0,
        "Net Income": 101505000.0,
        "Minority Interests": -4568000.0,
        "Net Income Including Noncontrolling Interests": 106073000.0,
        "Net Income Continuous Operations": 106073000.0,
        "Tax Provision": 5568000.0,
        "Pretax Income": 111641000.0,
        "Other Income Expense": 16720000.0,
        "Earnings From Equity Interest": 2201000.0,
        "Gain On Sale Of Security": 14519000.0,
        "Net Non Operating Interest Income Expense": -75052000.0,
        "Total Other Finance Cost": 10133000.0,
        "Interest Expense Non Operating": 69811000.0,
        "Interest Income Non Operating": 4892000.0,
        "Operating Income": 169973000.0,
        "Operating Expense": 208941000.0,
        "Other Operating Expenses": 1257000.0,
        "Other Taxes": 269000.0,
        "Selling General And Administration": 207415000.0,
        "General And Administrative Expense": 207415000.0,
        "Other Gand A": 207415000.0,
        "Gross Profit": 378914000.0,
        "Cost Of Revenue": 219242000.0,
        "Total Revenue": 598156000.0,
        "Excise Taxes": 26155000.0,
        "Operating Revenue": 704734000.0
    },
    "2022-03-31": {
        "Diluted EPS": 0.27,
        "Total Revenue": 108,
        "Gross Profit": 73,
        "Operating Income": 38,
        "EBIT": 48,
        "Net Income": 25
    },
    "2021-12-31": {
        "Diluted EPS": 0.09,
        "Total Revenue": 89,
        "Gross Profit": 53,
        "Operating Income": 21,
        "EBIT": 28,
        "Net Income": 8
    },
    "2021-09-30": {
        "Diluted EPS": 0.11,
        "Total Revenue": 87,
        "Gross Profit": 53,
        "Operating Income": 18,
        "EBIT": 27,
        "Net Income": 10
    },
    "2021-06-30": {
        "Diluted EPS": 0.03,
        "Total Revenue": 70,
        "Gross Profit": 43,
        "Operating Income": 18,
        "EBIT": 24,
        "Net Income": 3
    },
    "2021-03-31": {
        "Diluted EPS": 0.21,
        "Total Revenue": 72,
        "Gross Profit": 49,
        "Operating Income": 25,
        "EBIT": 31,
        "Net Income": 20
    },
    "2020-12-31": {
        "Diluted EPS": 0.09,
        "Total Revenue": 63,
        "Gross Profit": 39,
        "Operating Income": 17,
        "EBIT": 23,
        "Net Income": 9
    },
    "2020-09-30": {
        "Diluted EPS": 0.15,
        "Total Revenue": 58,
        "Gross Profit": 37,
        "Operating Income": 18,
        "EBIT": 22,
        "Net Income": 14
    },
    "2020-06-30": {
        "Diluted EPS": 0.12,
        "Total Revenue": 51,
        "Gross Profit": 31,
        "Operating Income": 14,
        "EBIT": 18,
        "Net Income": 11
    },
    "2020-03-31": {
        "Diluted EPS": 0.25,
        "Total Revenue": 62,
        "Gross Profit": 41,
        "Operating Income": 22,
        "EBIT": 27,
        "Net Income": 23
    },
    "2019-09-30": {
        "Diluted EPS": 0.13,
        "Total Revenue": 52,
        "Gross Profit": 30,
        "Operating Income": 12,
        "EBIT": 18,
        "Net Income": 12
    },
    "2019-06-30": {
        "Diluted EPS": 1.64,
        "Total Revenue": 46,
        "Gross Profit": 25,
        "Operating Income": 9,
        "EBIT": 9,
        "Net Income": 4
    },
    "2023-06-30": {
        "Tax Effect Of Unusual Items": NaN,
        "Tax Rate For Calcs": NaN,
        "Normalized EBITDA": NaN,
        "Total Unusual Items": NaN,
        "Total Unusual Items Excluding Goodwill": NaN,
        "Net Income From Continuing Operation Net Minority Interest": NaN,
        "Reconciled Depreciation": NaN,
        "Reconciled Cost Of Revenue": NaN,
        "EBITDA": NaN,
        "EBIT": NaN,
        "Net Interest Income": NaN,
        "Interest Expense": NaN,
        "Interest Income": NaN,
        "Normalized Income": NaN,
        "Net Income From Continuing And Discontinued Operation": NaN,
        "Total Expenses": NaN,
        "Total Operating Income As Reported": NaN,
        "Diluted Average Shares": 90281577.0,
        "Basic Average Shares": 89808434.0,
        "Diluted EPS": 0.92,
        "Basic EPS": 0.92,
        "Diluted NI Availto Com Stockholders": NaN,
        "Net Income Common Stockholders": NaN,
        "Net Income": NaN,
        "Minority Interests": NaN,
        "Net Income Including Noncontrolling Interests": NaN,
        "Net Income Continuous Operations": NaN,
        "Tax Provision": NaN,
        "Pretax Income": NaN,
        "Other Income Expense": NaN,
        "Earnings From Equity Interest": NaN,
        "Gain On Sale Of Security": NaN,
        "Net Non Operating Interest Income Expense": NaN,
        "Total Other Finance Cost": NaN,
        "Interest Expense Non Operating": NaN,
        "Interest Income Non Operating": NaN,
        "Operating Income": NaN,
        "Operating Expense": NaN,
        "Other Operating Expenses": NaN,
        "Other Taxes": NaN,
        "Selling General And Administration": NaN,
        "General And Administrative Expense": 249586000.0,
        "Other Gand A": 249586000.0,
        "Gross Profit": NaN,
        "Cost Of Revenue": NaN,
        "Total Revenue": NaN,
        "Excise Taxes": NaN,
        "Operating Revenue": NaN
    },
    "2023-09-30": {
        "Tax Effect Of Unusual Items": 2504123.407571,
        "Tax Rate For Calcs": 0.110052,
        "Normalized EBITDA": 259299000.0,
        "Total Unusual Items": 22754000.0,
        "Total Unusual Items Excluding Goodwill": 22754000.0,
        "Net Income From Continuing Operation Net Minority Interest": 93347000.0,
        "Reconciled Depreciation": 73908000.0,
        "Reconciled Cost Of Revenue": 288234000.0,
        "EBITDA": 282053000.0,
        "EBIT": 208145000.0,
        "Net Interest Income": -102669000.0,
        "Interest Expense": 97779000.0,
        "Interest Income": 10619000.0,
        "Normalized Income": 73097123.407571,
        "Net Income From Continuing And Discontinued Operation": 93347000.0,
        "Total Expenses": 533813000.0,
        "Total Operating Income As Reported": 190286000.0,
        "Diluted Average Shares": 90689876.0,
        "Basic Average Shares": 89752636.0,
        "Diluted EPS": 1.03,
        "Basic EPS": 1.04,
        "Diluted NI Availto Com Stockholders": 93347000.0,
        "Net Income Common Stockholders": 93347000.0,
        "Net Income": 93347000.0,
        "Minority Interests": -4873000.0,
        "Net Income Including Noncontrolling Interests": 98220000.0,
        "Net Income Continuous Operations": 98220000.0,
        "Tax Provision": 12146000.0,
        "Pretax Income": 110366000.0,
        "Other Income Expense": 23369000.0,
        "Earnings From Equity Interest": 615000.0,
        "Gain On Sale Of Security": 22754000.0,
        "Net Non Operating Interest Income Expense": -102669000.0,
        "Total Other Finance Cost": 15509000.0,
        "Interest Expense Non Operating": 97779000.0,
        "Interest Income Non Operating": 10619000.0,
        "Operating Income": 189666000.0,
        "Operating Expense": 245579000.0,
        "Other Operating Expenses": -12043000.0,
        "Other Taxes": 620000.0,
        "Selling General And Administration": 257002000.0,
        "General And Administrative Expense": 257002000.0,
        "Other Gand A": 257002000.0,
        "Gross Profit": 435245000.0,
        "Cost Of Revenue": 288234000.0,
        "Total Revenue": 723479000.0,
        "Excise Taxes": 36301000.0,
        "Operating Revenue": 890562000.0
    },
    "2023-12-31": {
        "Tax Effect Of Unusual Items": 5351940.0,
        "Tax Rate For Calcs": 0.34,
        "Normalized EBITDA": 241434000.0,
        "Total Unusual Items": 15741000.0,
        "Total Unusual Items Excluding Goodwill": 15741000.0,
        "Net Income From Continuing Operation Net Minority Interest": 98061000.0,
        "Reconciled Depreciation": 77339000.0,
        "Reconciled Cost Of Revenue": 289677000.0,
        "EBITDA": 257175000.0,
        "EBIT": 179836000.0,
        "Net Interest Income": -95586000.0,
        "Interest Expense": 87080000.0,
        "Interest Income": 7690000.0,
        "Normalized Income": 87671940.0,
        "Net Income From Continuing And Discontinued Operation": 98061000.0,
        "Total Expenses": 559089000.0,
        "Total Operating Income As Reported": 170593000.0,
        "Diluted Average Shares": NaN,
        "Basic Average Shares": NaN,
        "Diluted EPS": NaN,
        "Basic EPS": NaN,
        "Diluted NI Availto Com Stockholders": 98061000.0,
        "Net Income Common Stockholders": 98061000.0,
        "Net Income": 98061000.0,
        "Minority Interests": -3825000.0,
        "Net Income Including Noncontrolling Interests": 101886000.0,
        "Net Income Continuous Operations": 101886000.0,
        "Tax Provision": -9130000.0,
        "Pretax Income": 92756000.0,
        "Other Income Expense": 17565000.0,
        "Earnings From Equity Interest": 1824000.0,
        "Gain On Sale Of Security": 15741000.0,
        "Net Non Operating Interest Income Expense": -95586000.0,
        "Total Other Finance Cost": 16196000.0,
        "Interest Expense Non Operating": 87080000.0,
        "Interest Income Non Operating": 7690000.0,
        "Operating Income": 170777000.0,
        "Operating Expense": 269412000.0,
        "Other Operating Expenses": -5280000.0,
        "Other Taxes": -184000.0,
        "Selling General And Administration": 274876000.0,
        "General And Administrative Expense": 274876000.0,
        "Other Gand A": 274876000.0,
        "Gross Profit": 440189000.0,
        "Cost Of Revenue": 289677000.0,
        "Total Revenue": 729866000.0,
        "Excise Taxes": 35968000.0,
        "Operating Revenue": 885552000.0
    },
    "2024-03-31": {
        "Tax Effect Of Unusual Items": 586320.540782,
        "Tax Rate For Calcs": 0.049575,
        "Normalized EBITDA": 365095000.0,
        "Total Unusual Items": 11827000.0,
        "Total Unusual Items Excluding Goodwill": 11827000.0,
        "Net Income From Continuing Operation Net Minority Interest": 203393000.0,
        "Reconciled Depreciation": 79269000.0,
        "Reconciled Cost Of Revenue": 269504000.0,
        "EBITDA": 376922000.0,
        "EBIT": 297653000.0,
        "Net Interest Income": -85561000.0,
        "Interest Expense": 78489000.0,
        "Interest Income": 12415000.0,
        "Normalized Income": 192152320.540782,
        "Net Income From Continuing And Discontinued Operation": 203393000.0,
        "Total Expenses": 515513000.0,
        "Total Operating Income As Reported": 289358000.0,
        "Diluted Average Shares": 97288946.0,
        "Basic Average Shares": 89969430.0,
        "Diluted EPS": 2.22,
        "Basic EPS": 2.26,
        "Diluted NI Availto Com Stockholders": 203393000.0,
        "Net Income Common Stockholders": 203393000.0,
        "Net Income": 203393000.0,
        "Minority Interests": -4906000.0,
        "Net Income Including Noncontrolling Interests": 208299000.0,
        "Net Income Continuous Operations": 208299000.0,
        "Tax Provision": 10865000.0,
        "Pretax Income": 219164000.0,
        "Other Income Expense": 15999000.0,
        "Earnings From Equity Interest": 4172000.0,
        "Gain On Sale Of Security": 11827000.0,
        "Net Non Operating Interest Income Expense": -85561000.0,
        "Total Other Finance Cost": 19487000.0,
        "Interest Expense Non Operating": 78489000.0,
        "Interest Income Non Operating": 12415000.0,
        "Operating Income": 288726000.0,
        "Operating Expense": 246009000.0,
        "Other Operating Expenses": 4213000.0,
        "Other Taxes": 632000.0,
        "Selling General And Administration": 241164000.0,
        "General And Administrative Expense": 241164000.0,
        "Other Gand A": 241164000.0,
        "Gross Profit": 534735000.0,
        "Cost Of Revenue": 269504000.0,
        "Total Revenue": 804239000.0,
        "Excise Taxes": 38697000.0,
        "Operating Revenue": 980975000.0
    },
    "2024-06-30": {
        "Tax Effect Of Unusual Items": 259179.0,
        "Tax Rate For Calcs": 0.019,
        "Normalized EBITDA": 313247000.0,
        "Total Unusual Items": 13641000.0,
        "Total Unusual Items Excluding Goodwill": 13641000.0,
        "Net Income From Continuing Operation Net Minority Interest": 158211000.0,
        "Reconciled Depreciation": 84038000.0,
        "Reconciled Cost Of Revenue": 314842000.0,
        "EBITDA": 326888000.0,
        "EBIT": 242850000.0,
        "Net Interest Income": -82142000.0,
        "Interest Expense": 77559000.0,
        "Interest Income": 8619000.0,
        "Normalized Income": 144829179.0,
        "Net Income From Continuing And Discontinued Operation": 158211000.0,
        "Total Expenses": 579126000.0,
        "Total Operating Income As Reported": 230814000.0,
        "Diluted Average Shares": 91169077.0,
        "Basic Average Shares": 90072647.0,
        "Diluted EPS": 1.74,
        "Basic EPS": 1.76,
        "Diluted NI Availto Com Stockholders": 158211000.0,
        "Net Income Common Stockholders": 158211000.0,
        "Net Income": 158211000.0,
        "Minority Interests": -3989000.0,
        "Net Income Including Noncontrolling Interests": 162200000.0,
        "Net Income Continuous Operations": 162200000.0,
        "Tax Provision": 3091000.0,
        "Pretax Income": 165291000.0,
        "Other Income Expense": 16669000.0,
        "Earnings From Equity Interest": 3028000.0,
        "Gain On Sale Of Security": 13641000.0,
        "Net Non Operating Interest Income Expense": -82142000.0,
        "Total Other Finance Cost": 13202000.0,
        "Interest Expense Non Operating": 77559000.0,
        "Interest Income Non Operating": 8619000.0,
        "Operating Income": 230764000.0,
        "Operating Expense": 264284000.0,
        "Other Operating Expenses": 472000.0,
        "Other Taxes": 50000.0,
        "Selling General And Administration": 263762000.0,
        "General And Administrative Expense": NaN,
        "Other Gand A": NaN,
        "Gross Profit": 495048000.0,
        "Cost Of Revenue": 314842000.0,
        "Total Revenue": 809890000.0,
        "Excise Taxes": 42161000.0,
        "Operating Revenue": 986598000.0
    },
    "2024-09-30": {
        "Tax Effect Of Unusual Items": 1241798.175348,
        "Tax Rate For Calcs": 0.091028,
        "Normalized EBITDA": 301858000.0,
        "Total Unusual Items": 13642000.0,
        "Total Unusual Items Excluding Goodwill": 13642000.0,
        "Net Income From Continuing Operation Net Minority Interest": 119979000.0,
        "Reconciled Depreciation": 85828000.0,
        "Reconciled Cost Of Revenue": 324083000.0,
        "EBITDA": 315500000.0,
        "EBIT": 229672000.0,
        "Net Interest Income": -113136000.0,
        "Interest Expense": 93098000.0,
        "Interest Income": 13945000.0,
        "Normalized Income": 107578798.175348,
        "Net Income From Continuing And Discontinued Operation": 119979000.0,
        "Total Expenses": 607643000.0,
        "Total Operating Income As Reported": 233892000.0,
        "Diluted Average Shares": 91276436.0,
        "Basic Average Shares": 90208018.0,
        "Diluted EPS": 1.31,
        "Basic EPS": 1.33,
        "Diluted NI Availto Com Stockholders": 119979000.0,
        "Net Income Common Stockholders": 119979000.0,
        "Net Income": 119979000.0,
        "Minority Interests": -4163000.0,
        "Net Income Including Noncontrolling Interests": 124142000.0,
        "Net Income Continuous Operations": 124142000.0,
        "Tax Provision": 12432000.0,
        "Pretax Income": 136574000.0,
        "Other Income Expense": 16168000.0,
        "Earnings From Equity Interest": 2526000.0,
        "Gain On Sale Of Security": 13642000.0,
        "Net Non Operating Interest Income Expense": -113136000.0,
        "Total Other Finance Cost": 33983000.0,
        "Interest Expense Non Operating": 93098000.0,
        "Interest Income Non Operating": 13945000.0,
        "Operating Income": 233542000.0,
        "Operating Expense": 283560000.0,
        "Other Operating Expenses": 3183000.0,
        "Other Taxes": 350000.0,
        "Selling General And Administration": 280027000.0,
        "General And Administrative Expense": 280027000.0,
        "Other Gand A": 280027000.0,
        "Gross Profit": 517102000.0,
        "Cost Of Revenue": 324083000.0,
        "Total Revenue": 841185000.0,
        "Excise Taxes": 44761000.0,
        "Operating Revenue": 1040956000.0
    }
}