{
    "2023-03-31": {
        "Tax Effect Of Unusual Items": 0.0,
        "Tax Rate For Calcs": 0.0,
        "Normalized EBITDA": -52145000.0,
        "Total Unusual Items": 406000.0,
        "Total Unusual Items Excluding Goodwill": 406000.0,
        "Net Income From Continuing Operation Net Minority Interest": -68254000.0,
        "Reconciled Depreciation": 2562000.0,
        "Reconciled Cost Of Revenue": 59412000.0,
        "EBITDA": -51739000.0,
        "EBIT": -54301000.0,
        "Net Interest Income": -16592000.0,
        "Interest Expense": 16592000.0,
        "Normalized Income": -68660000.0,
        "Net Income From Continuing And Discontinued Operation": -68254000.0,
        "Total Expenses": 77649000.0,
        "Total Operating Income As Reported": -54341000.0,
        "Diluted Average Shares": 792750.0,
        "Basic Average Shares": 792750.0,
        "Diluted EPS": -86.2,
        "Basic EPS": -86.2,
        "Diluted NI Availto Com Stockholders": -68307000.0,
        "Net Income Common Stockholders": -68307000.0,
        "Preferred Stock Dividends": 53000.0,
        "Net Income": -68254000.0,
        "Minority Interests": 2639000.0,
        "Net Income Including Noncontrolling Interests": -70893000.0,
        "Net Income Continuous Operations": -70893000.0,
        "Pretax Income": -70893000.0,
        "Other Income Expense": 446000.0,
        "Other Non Operating Income Expenses": 40000.0,
        "Special Income Charges": 406000.0,
        "Restructuring And Mergern Acquisition": -406000.0,
        "Net Non Operating Interest Income Expense": -16592000.0,
        "Interest Expense Non Operating": 16592000.0,
        "Operating Income": -54747000.0,
        "Operating Expense": 18237000.0,
        "Selling General And Administration": 18237000.0,
        "General And Administrative Expense": 18237000.0,
        "Other Gand A": 18237000.0,
        "Salaries And Wages": NaN,
        "Gross Profit": -36510000.0,
        "Cost Of Revenue": 59412000.0,
        "Total Revenue": 22902000.0,
        "Operating Revenue": 3796000.0
    },
    "2022-12-31": {
        "Tax Effect Of Unusual Items": 0.0,
        "Tax Rate For Calcs": 0.0,
        "Normalized EBITDA": -52816000.0,
        "Total Unusual Items": -2072000.0,
        "Total Unusual Items Excluding Goodwill": -2072000.0,
        "Net Income From Continuing Operation Net Minority Interest": -55947000.0,
        "Reconciled Depreciation": 1889000.0,
        "Reconciled Cost Of Revenue": 60972000.0,
        "EBITDA": -54888000.0,
        "EBIT": -56777000.0,
        "Net Interest Income": -17325000.0,
        "Interest Expense": 17325000.0,
        "Normalized Income": -53875000.0,
        "Net Income From Continuing And Discontinued Operation": -55947000.0,
        "Total Expenses": 86008000.0,
        "Total Operating Income As Reported": -57757000.0,
        "Diluted Average Shares": NaN,
        "Basic Average Shares": NaN,
        "Diluted EPS": NaN,
        "Basic EPS": NaN,
        "Diluted NI Availto Com Stockholders": -56000000.0,
        "Net Income Common Stockholders": -56000000.0,
        "Preferred Stock Dividends": 53000.0,
        "Net Income": -55947000.0,
        "Minority Interests": 18155000.0,
        "Net Income Including Noncontrolling Interests": -74102000.0,
        "Net Income Continuous Operations": -74102000.0,
        "Pretax Income": -74102000.0,
        "Other Income Expense": 845000.0,
        "Other Non Operating Income Expenses": 2917000.0,
        "Special Income Charges": -2072000.0,
        "Restructuring And Mergern Acquisition": 135000.0,
        "Net Non Operating Interest Income Expense": -17325000.0,
        "Interest Expense Non Operating": 17325000.0,
        "Operating Income": -57622000.0,
        "Operating Expense": 25036000.0,
        "Selling General And Administration": 25036000.0,
        "General And Administrative Expense": 25036000.0,
        "Other Gand A": 25036000.0,
        "Salaries And Wages": NaN,
        "Gross Profit": -32586000.0,
        "Cost Of Revenue": 60972000.0,
        "Total Revenue": 28386000.0,
        "Operating Revenue": 10102000.0
    },
    "2022-09-30": {
        "Tax Effect Of Unusual Items": 0.0,
        "Tax Rate For Calcs": 0.0,
        "Normalized EBITDA": -39408000.0,
        "Total Unusual Items": 7000.0,
        "Total Unusual Items Excluding Goodwill": 7000.0,
        "Net Income From Continuing Operation Net Minority Interest": -59208000.0,
        "Reconciled Depreciation": 1707000.0,
        "Reconciled Cost Of Revenue": 46319000.0,
        "EBITDA": -39401000.0,
        "EBIT": -41108000.0,
        "Net Interest Income": -15607000.0,
        "Interest Expense": 15607000.0,
        "Normalized Income": -59215000.0,
        "Net Income From Continuing And Discontinued Operation": -59208000.0,
        "Total Expenses": 64424000.0,
        "Total Operating Income As Reported": -41645000.0,
        "Diluted Average Shares": 286854000.0,
        "Basic Average Shares": 286854000.0,
        "Diluted EPS": -0.19,
        "Basic EPS": -0.19,
        "Diluted NI Availto Com Stockholders": -59261000.0,
        "Net Income Common Stockholders": -59261000.0,
        "Preferred Stock Dividends": 53000.0,
        "Net Income": -59208000.0,
        "Minority Interests": -2493000.0,
        "Net Income Including Noncontrolling Interests": -56715000.0,
        "Net Income Continuous Operations": -56715000.0,
        "Pretax Income": -56715000.0,
        "Other Income Expense": 544000.0,
        "Other Non Operating Income Expenses": 537000.0,
        "Special Income Charges": 7000.0,
        "Restructuring And Mergern Acquisition": -7000.0,
        "Net Non Operating Interest Income Expense": -15607000.0,
        "Interest Expense Non Operating": 15607000.0,
        "Operating Income": -41652000.0,
        "Operating Expense": 18105000.0,
        "Selling General And Administration": 18105000.0,
        "General And Administrative Expense": 18105000.0,
        "Other Gand A": 18105000.0,
        "Salaries And Wages": NaN,
        "Gross Profit": -23547000.0,
        "Cost Of Revenue": 46319000.0,
        "Total Revenue": 22772000.0,
        "Operating Revenue": 13548000.0
    },
    "2022-06-30": {
        "Tax Effect Of Unusual Items": 0.0,
        "Tax Rate For Calcs": 0.0,
        "Normalized EBITDA": -34221000.0,
        "Total Unusual Items": 407000.0,
        "Total Unusual Items Excluding Goodwill": 407000.0,
        "Net Income From Continuing Operation Net Minority Interest": -46434000.0,
        "Reconciled Depreciation": 1690000.0,
        "Reconciled Cost Of Revenue": 46984000.0,
        "EBITDA": -33814000.0,
        "EBIT": -35504000.0,
        "Net Interest Income": -13731000.0,
        "Interest Expense": 13731000.0,
        "Normalized Income": -46841000.0,
        "Net Income From Continuing And Discontinued Operation": -46434000.0,
        "Total Expenses": 65898000.0,
        "Total Operating Income As Reported": -44565000.0,
        "Diluted Average Shares": 277033000.0,
        "Basic Average Shares": 277033000.0,
        "Diluted EPS": -0.17,
        "Basic EPS": -0.17,
        "Diluted NI Availto Com Stockholders": -46487000.0,
        "Net Income Common Stockholders": -46487000.0,
        "Preferred Stock Dividends": 53000.0,
        "Net Income": -46434000.0,
        "Minority Interests": 2801000.0,
        "Net Income Including Noncontrolling Interests": -49235000.0,
        "Net Income Continuous Operations": -49235000.0,
        "Pretax Income": -49235000.0,
        "Other Income Expense": 9468000.0,
        "Other Non Operating Income Expenses": 9061000.0,
        "Special Income Charges": 407000.0,
        "Restructuring And Mergern Acquisition": -407000.0,
        "Net Non Operating Interest Income Expense": -13731000.0,
        "Interest Expense Non Operating": 13731000.0,
        "Operating Income": -44972000.0,
        "Operating Expense": 18914000.0,
        "Selling General And Administration": 18914000.0,
        "General And Administrative Expense": 18914000.0,
        "Other Gand A": 18914000.0,
        "Salaries And Wages": NaN,
        "Gross Profit": -26058000.0,
        "Cost Of Revenue": 46984000.0,
        "Total Revenue": 20926000.0,
        "Operating Revenue": 20782000.0
    },
    "2022-03-31": {
        "Diluted EPS": -0.19,
        "Total Revenue": 26,
        "Gross Profit": 25,
        "Operating Income": -35,
        "EBIT": -34,
        "Net Income": -48
    },
    "2021-12-31": {
        "Diluted EPS": -0.19,
        "Total Revenue": 20,
        "Gross Profit": 19,
        "Operating Income": -54,
        "EBIT": -52,
        "Net Income": -66
    },
    "2021-09-30": {
        "Diluted EPS": 0.72,
        "Total Revenue": 253,
        "Gross Profit": 252,
        "Operating Income": 188,
        "EBIT": 189,
        "Net Income": 178
    },
    "2021-06-30": {
        "Diluted EPS": -0.37,
        "Total Revenue": 11,
        "Gross Profit": 10,
        "Operating Income": -66,
        "EBIT": -65,
        "Net Income": -83
    },
    "2021-03-31": {
        "Diluted EPS": -0.27,
        "Total Revenue": 12,
        "Gross Profit": 11,
        "Operating Income": -41,
        "EBIT": -40,
        "Net Income": -54
    },
    "2020-12-31": {
        "Diluted EPS": -0.18,
        "Total Revenue": 31,
        "Gross Profit": 30,
        "Operating Income": -22,
        "EBIT": -20,
        "Net Income": -38
    },
    "2020-09-30": {
        "Diluted EPS": -0.28,
        "Total Revenue": 15,
        "Gross Profit": 14,
        "Operating Income": -35,
        "EBIT": -33,
        "Net Income": -51
    },
    "2020-06-30": {
        "Diluted EPS": -0.28,
        "Total Revenue": 27,
        "Gross Profit": 26,
        "Operating Income": -33,
        "EBIT": -31,
        "Net Income": -48
    },
    "2020-03-31": {
        "Diluted EPS": -0.31,
        "Total Revenue": 15,
        "Gross Profit": 15,
        "Operating Income": -27,
        "EBIT": -26,
        "Net Income": -45
    },
    "2019-12-31": {
        "Diluted EPS": -0.21,
        "Total Revenue": 35,
        "Gross Profit": 35,
        "Operating Income": -19,
        "EBIT": -18,
        "Net Income": -30
    },
    "2019-09-30": {
        "Diluted EPS": -0.33,
        "Total Revenue": 20,
        "Gross Profit": 20,
        "Operating Income": -36,
        "EBIT": -34,
        "Net Income": -46
    },
    "2019-06-30": {
        "Diluted EPS": -0.38,
        "Total Revenue": 16,
        "Gross Profit": 16,
        "Operating Income": -41,
        "EBIT": -39,
        "Net Income": -51
    },
    "2019-03-31": {
        "Diluted EPS": 0.12,
        "Total Revenue": 80,
        "Gross Profit": 80,
        "Operating Income": 26,
        "EBIT": 28,
        "Net Income": 18
    },
    "2018-12-31": {
        "Diluted EPS": -0.38,
        "Total Revenue": 6,
        "Gross Profit": 6,
        "Operating Income": -39,
        "EBIT": -38,
        "Net Income": -48
    },
    "2018-09-30": {
        "Diluted EPS": -0.29,
        "Total Revenue": 13,
        "Gross Profit": 13,
        "Operating Income": -26,
        "EBIT": -24,
        "Net Income": -33
    },
    "2018-06-30": {
        "Diluted EPS": -0.24,
        "Total Revenue": 16,
        "Gross Profit": 16,
        "Operating Income": -17,
        "EBIT": -15,
        "Net Income": -25
    },
    "2018-03-31": {
        "Diluted EPS": -0.53,
        "Total Revenue": 2,
        "Gross Profit": 2,
        "Operating Income": -42,
        "EBIT": -40,
        "Net Income": -54
    },
    "2017-12-31": {
        "Diluted EPS": -0.36,
        "Total Revenue": 8,
        "Gross Profit": 8,
        "Operating Income": -30,
        "EBIT": -29,
        "Net Income": -35
    },
    "2017-09-30": {
        "Diluted EPS": -0.37,
        "Total Revenue": 3,
        "Gross Profit": 3,
        "Operating Income": -32,
        "EBIT": -30,
        "Net Income": -37
    },
    "2017-06-30": {
        "Diluted EPS": -0.32,
        "Total Revenue": 4,
        "Gross Profit": 4,
        "Operating Income": -29,
        "EBIT": -27,
        "Net Income": -32
    },
    "2017-03-31": {
        "Diluted EPS": -0.18,
        "Total Revenue": 27,
        "Gross Profit": 27,
        "Operating Income": -13,
        "EBIT": -12,
        "Net Income": -17
    },
    "2016-12-31": {
        "Diluted EPS": -0.29,
        "Total Revenue": 6,
        "Gross Profit": 6,
        "Operating Income": -20,
        "EBIT": -18,
        "Net Income": -26
    },
    "2016-09-30": {
        "Diluted EPS": -0.47,
        "Total Revenue": 4,
        "Gross Profit": 4,
        "Operating Income": -36,
        "EBIT": -35,
        "Net Income": -41
    },
    "2016-06-30": {
        "Diluted EPS": -0.33,
        "Total Revenue": 7,
        "Gross Profit": 7,
        "Operating Income": -24,
        "EBIT": -22,
        "Net Income": -28
    },
    "2016-03-31": {
        "Diluted EPS": -0.37,
        "Total Revenue": 6,
        "Gross Profit": 6,
        "Operating Income": -28,
        "EBIT": -27,
        "Net Income": -32
    },
    "2015-12-31": {
        "Diluted EPS": -0.16,
        "Total Revenue": 8,
        "Gross Profit": 8,
        "Operating Income": -18,
        "EBIT": -18,
        "Net Income": -16
    },
    "2015-09-30": {
        "Diluted EPS": -0.16,
        "Total Revenue": 7,
        "Gross Profit": 7,
        "Operating Income": -11,
        "EBIT": -11,
        "Net Income": -13
    },
    "2015-06-30": {
        "Diluted EPS": -0.53,
        "Total Revenue": 6,
        "Gross Profit": 6,
        "Operating Income": -33,
        "EBIT": -33,
        "Net Income": -40
    },
    "2015-03-31": {
        "Diluted EPS": -0.28,
        "Total Revenue": 4,
        "Gross Profit": 4,
        "Operating Income": -18,
        "EBIT": -18,
        "Net Income": -19
    },
    "2014-12-31": {
        "Diluted EPS": -0.44,
        "Total Revenue": 2,
        "Gross Profit": 2,
        "Operating Income": -17,
        "EBIT": -17,
        "Net Income": -26
    },
    "2014-09-30": {
        "Diluted EPS": -0.13,
        "Total Revenue": 2,
        "Gross Profit": 2,
        "Operating Income": -8,
        "EBIT": -7,
        "Net Income": -8
    },
    "2014-06-30": {
        "Diluted EPS": -0.13,
        "Total Revenue": 3,
        "Gross Profit": 3,
        "Operating Income": -8,
        "EBIT": -8,
        "Net Income": -8
    },
    "2014-03-31": {
        "Diluted EPS": -0.01,
        "Total Revenue": 1,
        "Gross Profit": 1,
        "Operating Income": -10,
        "EBIT": -10,
        "Net Income": 0
    },
    "2013-12-31": {
        "Diluted EPS": -0.13,
        "Total Revenue": 0,
        "Gross Profit": 0,
        "Operating Income": -6,
        "EBIT": -6,
        "Net Income": -6
    },
    "2013-09-30": {
        "Diluted EPS": -0.24,
        "Total Revenue": 1,
        "Gross Profit": 1,
        "Operating Income": -7,
        "EBIT": -7,
        "Net Income": -7
    },
    "2013-06-30": {
        "Diluted EPS": -0.4,
        "Total Revenue": 1,
        "Gross Profit": 1,
        "Operating Income": -7,
        "EBIT": -7,
        "Net Income": -11
    },
    "2013-03-31": {
        "Diluted EPS": -0.35,
        "Total Revenue": 1,
        "Gross Profit": 1,
        "Operating Income": -5,
        "EBIT": -4,
        "Net Income": -9
    },
    "2012-12-31": {
        "Diluted EPS": -0.25,
        "Total Revenue": 1,
        "Gross Profit": 1,
        "Operating Income": -4,
        "EBIT": -4,
        "Net Income": -6
    },
    "2012-09-30": {
        "Diluted EPS": -0.24,
        "Total Revenue": 1,
        "Gross Profit": 1,
        "Operating Income": -5,
        "EBIT": -4,
        "Net Income": -6
    },
    "2012-06-30": {
        "Diluted EPS": -0.31,
        "Total Revenue": 1,
        "Gross Profit": 0,
        "Operating Income": -6,
        "EBIT": -5,
        "Net Income": -7
    },
    "2012-03-31": {
        "Diluted EPS": 0.29,
        "Total Revenue": 13,
        "Gross Profit": 13,
        "Operating Income": 8,
        "EBIT": 8,
        "Net Income": 7
    },
    "2011-12-31": {
        "Diluted EPS": -0.29,
        "Total Revenue": 1,
        "Gross Profit": 1,
        "Operating Income": -5,
        "EBIT": -4,
        "Net Income": -6
    },
    "2011-09-30": {
        "Diluted EPS": -0.28,
        "Total Revenue": 1,
        "Gross Profit": 1,
        "Operating Income": -4,
        "EBIT": -4,
        "Net Income": -6
    },
    "2011-06-30": {
        "Diluted EPS": -0.31,
        "Total Revenue": 1,
        "Gross Profit": 1,
        "Operating Income": -5,
        "EBIT": -4,
        "Net Income": -6
    },
    "2011-03-31": {
        "Diluted EPS": -0.33,
        "Total Revenue": 1,
        "Gross Profit": 1,
        "Operating Income": -5,
        "EBIT": -4,
        "Net Income": -6
    },
    "2010-12-31": {
        "Diluted EPS": -0.15,
        "Total Revenue": 1,
        "Gross Profit": 1,
        "Operating Income": -5,
        "EBIT": -4,
        "Net Income": -3
    },
    "2010-09-30": {
        "Diluted EPS": -0.36,
        "Total Revenue": 1,
        "Gross Profit": 1,
        "Operating Income": -5,
        "EBIT": -4,
        "Net Income": -6
    },
    "2010-06-30": {
        "Diluted EPS": -0.3,
        "Total Revenue": 1,
        "Gross Profit": 1,
        "Operating Income": -5,
        "EBIT": -4,
        "Net Income": -5
    },
    "2010-03-31": {
        "Diluted EPS": -0.6,
        "Total Revenue": 1,
        "Gross Profit": 1,
        "Operating Income": -7,
        "EBIT": -6,
        "Net Income": -9
    },
    "2009-12-31": {
        "Diluted EPS": 0.28,
        "Total Revenue": 1,
        "Gross Profit": 1,
        "Operating Income": -5,
        "EBIT": -4,
        "Net Income": 2
    },
    "2009-09-30": {
        "Diluted EPS": -0.78,
        "Total Revenue": 1,
        "Gross Profit": 1,
        "Operating Income": -6,
        "EBIT": -5,
        "Net Income": -11
    },
    "2009-06-30": {
        "Diluted EPS": -1.02,
        "Total Revenue": 1,
        "Gross Profit": 1,
        "Operating Income": -8,
        "EBIT": -7,
        "Net Income": -12
    },
    "2009-03-31": {
        "Diluted EPS": -0.84,
        "Total Revenue": 1,
        "Gross Profit": 1,
        "Operating Income": -8,
        "EBIT": -7,
        "Net Income": -10
    },
    "2023-06-30": {
        "Tax Effect Of Unusual Items": 0.0,
        "Tax Rate For Calcs": 0.0,
        "Normalized EBITDA": -51929000.0,
        "Total Unusual Items": -8000.0,
        "Total Unusual Items Excluding Goodwill": -8000.0,
        "Net Income From Continuing Operation Net Minority Interest": -69016000.0,
        "Reconciled Depreciation": 2973000.0,
        "Reconciled Cost Of Revenue": 59539000.0,
        "EBITDA": -51937000.0,
        "EBIT": -54910000.0,
        "Net Interest Income": -18520000.0,
        "Interest Expense": 18520000.0,
        "Normalized Income": -69008000.0,
        "Net Income From Continuing And Discontinued Operation": -69016000.0,
        "Total Expenses": 79954000.0,
        "Total Operating Income As Reported": -54666000.0,
        "Diluted Average Shares": 17568950.0,
        "Basic Average Shares": 17568950.0,
        "Diluted EPS": -4.0,
        "Basic EPS": -4.0,
        "Diluted NI Availto Com Stockholders": -69069000.0,
        "Net Income Common Stockholders": -69069000.0,
        "Preferred Stock Dividends": 53000.0,
        "Net Income": -69016000.0,
        "Minority Interests": 4414000.0,
        "Net Income Including Noncontrolling Interests": -73430000.0,
        "Net Income Continuous Operations": -73430000.0,
        "Pretax Income": -73430000.0,
        "Other Income Expense": -252000.0,
        "Other Non Operating Income Expenses": -244000.0,
        "Special Income Charges": -8000.0,
        "Restructuring And Mergern Acquisition": 8000.0,
        "Net Non Operating Interest Income Expense": -18520000.0,
        "Interest Expense Non Operating": 18520000.0,
        "Operating Income": -54658000.0,
        "Operating Expense": 20415000.0,
        "Selling General And Administration": 20415000.0,
        "General And Administrative Expense": 20415000.0,
        "Other Gand A": 20415000.0,
        "Salaries And Wages": 4386000.0,
        "Gross Profit": -34243000.0,
        "Cost Of Revenue": 59539000.0,
        "Total Revenue": 25296000.0,
        "Operating Revenue": 3228000.0
    },
    "2023-09-30": {
        "Tax Effect Of Unusual Items": 0.0,
        "Tax Rate For Calcs": 0.0,
        "Normalized EBITDA": -43047000.0,
        "Total Unusual Items": 0.0,
        "Total Unusual Items Excluding Goodwill": 0.0,
        "Net Income From Continuing Operation Net Minority Interest": -62201000.0,
        "Reconciled Depreciation": 2852000.0,
        "Reconciled Cost Of Revenue": 51746000.0,
        "EBITDA": -43047000.0,
        "EBIT": -45899000.0,
        "Net Interest Income": -18633000.0,
        "Interest Expense": 18633000.0,
        "Normalized Income": -62201000.0,
        "Net Income From Continuing And Discontinued Operation": -62201000.0,
        "Total Expenses": 70655000.0,
        "Total Operating Income As Reported": -46341000.0,
        "Diluted Average Shares": 18907600.0,
        "Basic Average Shares": 18907600.0,
        "Diluted EPS": -3.2,
        "Basic EPS": -3.2,
        "Diluted NI Availto Com Stockholders": -62254000.0,
        "Net Income Common Stockholders": -62254000.0,
        "Preferred Stock Dividends": 53000.0,
        "Net Income": -62201000.0,
        "Minority Interests": 2331000.0,
        "Net Income Including Noncontrolling Interests": -64532000.0,
        "Net Income Continuous Operations": -64532000.0,
        "Pretax Income": -64532000.0,
        "Other Income Expense": 442000.0,
        "Other Non Operating Income Expenses": 442000.0,
        "Special Income Charges": 0.0,
        "Restructuring And Mergern Acquisition": 0.0,
        "Net Non Operating Interest Income Expense": -18633000.0,
        "Interest Expense Non Operating": 18633000.0,
        "Operating Income": -46341000.0,
        "Operating Expense": 18909000.0,
        "Selling General And Administration": 18909000.0,
        "General And Administrative Expense": 18909000.0,
        "Other Gand A": 18909000.0,
        "Salaries And Wages": NaN,
        "Gross Profit": -27432000.0,
        "Cost Of Revenue": 51746000.0,
        "Total Revenue": 24314000.0,
        "Operating Revenue": 3954000.0
    },
    "2023-12-31": {
        "Tax Effect Of Unusual Items": 0.0,
        "Tax Rate For Calcs": 0.0,
        "Normalized EBITDA": 641000.0,
        "Total Unusual Items": 158000.0,
        "Total Unusual Items Excluding Goodwill": 158000.0,
        "Net Income From Continuing Operation Net Minority Interest": -46290000.0,
        "Reconciled Depreciation": 5201000.0,
        "Reconciled Cost Of Revenue": 66983000.0,
        "EBITDA": 799000.0,
        "EBIT": -4402000.0,
        "Net Interest Income": -44180000.0,
        "Interest Expense": 44180000.0,
        "Normalized Income": -46448000.0,
        "Net Income From Continuing And Discontinued Operation": -46290000.0,
        "Total Expenses": 88160000.0,
        "Total Operating Income As Reported": -4201000.0,
        "Diluted Average Shares": NaN,
        "Basic Average Shares": NaN,
        "Diluted EPS": NaN,
        "Basic EPS": NaN,
        "Diluted NI Availto Com Stockholders": -46343000.0,
        "Net Income Common Stockholders": -46343000.0,
        "Preferred Stock Dividends": 53000.0,
        "Net Income": -46290000.0,
        "Minority Interests": 2292000.0,
        "Net Income Including Noncontrolling Interests": -48582000.0,
        "Net Income Continuous Operations": -48582000.0,
        "Pretax Income": -48582000.0,
        "Other Income Expense": -43000.0,
        "Other Non Operating Income Expenses": -201000.0,
        "Special Income Charges": 158000.0,
        "Restructuring And Mergern Acquisition": -158000.0,
        "Net Non Operating Interest Income Expense": -44180000.0,
        "Interest Expense Non Operating": 44180000.0,
        "Operating Income": -4359000.0,
        "Operating Expense": 21177000.0,
        "Selling General And Administration": 21177000.0,
        "General And Administrative Expense": 21177000.0,
        "Other Gand A": 21177000.0,
        "Salaries And Wages": NaN,
        "Gross Profit": 16818000.0,
        "Cost Of Revenue": 66983000.0,
        "Total Revenue": 83801000.0,
        "Operating Revenue": 30763000.0
    },
    "2024-03-31": {
        "Tax Effect Of Unusual Items": 0.0,
        "Tax Rate For Calcs": 0.0,
        "Normalized EBITDA": -30614000.0,
        "Total Unusual Items": 0.0,
        "Total Unusual Items Excluding Goodwill": 0.0,
        "Net Income From Continuing Operation Net Minority Interest": -61886000.0,
        "Reconciled Depreciation": 3374000.0,
        "Reconciled Cost Of Revenue": 44032000.0,
        "EBITDA": -30614000.0,
        "EBIT": -33988000.0,
        "Net Interest Income": -29466000.0,
        "Interest Expense": 29466000.0,
        "Normalized Income": -61886000.0,
        "Net Income From Continuing And Discontinued Operation": -61886000.0,
        "Total Expenses": 60887000.0,
        "Total Operating Income As Reported": -32882000.0,
        "Diluted Average Shares": 1018400.0,
        "Basic Average Shares": 1018400.0,
        "Diluted EPS": -60.8,
        "Basic EPS": -60.8,
        "Diluted NI Availto Com Stockholders": -61940000.0,
        "Net Income Common Stockholders": -61940000.0,
        "Preferred Stock Dividends": 54000.0,
        "Net Income": -61886000.0,
        "Minority Interests": 1568000.0,
        "Net Income Including Noncontrolling Interests": -63454000.0,
        "Net Income Continuous Operations": -63454000.0,
        "Pretax Income": -63454000.0,
        "Other Income Expense": -1106000.0,
        "Other Non Operating Income Expenses": -1106000.0,
        "Special Income Charges": 0.0,
        "Restructuring And Mergern Acquisition": 0.0,
        "Net Non Operating Interest Income Expense": -29466000.0,
        "Interest Expense Non Operating": 29466000.0,
        "Operating Income": -32882000.0,
        "Operating Expense": 16855000.0,
        "Selling General And Administration": 16855000.0,
        "General And Administrative Expense": 16855000.0,
        "Other Gand A": 16855000.0,
        "Salaries And Wages": NaN,
        "Gross Profit": -16027000.0,
        "Cost Of Revenue": 44032000.0,
        "Total Revenue": 28005000.0,
        "Operating Revenue": 238000.0
    }
}