{
    "2023-06-30": {
        "Tax Effect Of Unusual Items": NaN,
        "Tax Rate For Calcs": NaN,
        "Normalized EBITDA": NaN,
        "Total Unusual Items": NaN,
        "Total Unusual Items Excluding Goodwill": NaN,
        "Net Income From Continuing Operation Net Minority Interest": NaN,
        "Reconciled Depreciation": NaN,
        "Reconciled Cost Of Revenue": NaN,
        "EBITDA": NaN,
        "EBIT": NaN,
        "Net Interest Income": NaN,
        "Interest Expense": 700000.0,
        "Interest Income": NaN,
        "Normalized Income": NaN,
        "Net Income From Continuing And Discontinued Operation": NaN,
        "Total Expenses": NaN,
        "Total Operating Income As Reported": 88600000.0,
        "Diluted Average Shares": NaN,
        "Basic Average Shares": NaN,
        "Diluted EPS": NaN,
        "Basic EPS": NaN,
        "Diluted NI Availto Com Stockholders": NaN,
        "Net Income Common Stockholders": NaN,
        "Net Income": NaN,
        "Net Income Including Noncontrolling Interests": NaN,
        "Net Income Continuous Operations": NaN,
        "Tax Provision": NaN,
        "Pretax Income": NaN,
        "Other Income Expense": NaN,
        "Other Non Operating Income Expenses": NaN,
        "Special Income Charges": 0.0,
        "Gain On Sale Of Ppe": NaN,
        "Write Off": 0.0,
        "Impairment Of Capital Assets": NaN,
        "Restructuring And Mergern Acquisition": NaN,
        "Gain On Sale Of Security": NaN,
        "Net Non Operating Interest Income Expense": NaN,
        "Interest Expense Non Operating": 700000.0,
        "Interest Income Non Operating": NaN,
        "Operating Income": NaN,
        "Operating Expense": NaN,
        "Other Operating Expenses": NaN,
        "Selling General And Administration": NaN,
        "General And Administrative Expense": NaN,
        "Other Gand A": NaN,
        "Salaries And Wages": NaN,
        "Gross Profit": NaN,
        "Cost Of Revenue": NaN,
        "Total Revenue": NaN,
        "Operating Revenue": NaN
    },
    "2023-03-31": {
        "Tax Effect Of Unusual Items": NaN,
        "Tax Rate For Calcs": NaN,
        "Normalized EBITDA": NaN,
        "Total Unusual Items": NaN,
        "Total Unusual Items Excluding Goodwill": NaN,
        "Net Income From Continuing Operation Net Minority Interest": NaN,
        "Reconciled Depreciation": NaN,
        "Reconciled Cost Of Revenue": NaN,
        "EBITDA": NaN,
        "EBIT": NaN,
        "Net Interest Income": NaN,
        "Interest Expense": NaN,
        "Interest Income": NaN,
        "Normalized Income": NaN,
        "Net Income From Continuing And Discontinued Operation": NaN,
        "Total Expenses": NaN,
        "Total Operating Income As Reported": 75000000.0,
        "Diluted Average Shares": NaN,
        "Basic Average Shares": NaN,
        "Diluted EPS": NaN,
        "Basic EPS": NaN,
        "Diluted NI Availto Com Stockholders": NaN,
        "Net Income Common Stockholders": NaN,
        "Net Income": NaN,
        "Net Income Including Noncontrolling Interests": NaN,
        "Net Income Continuous Operations": NaN,
        "Tax Provision": NaN,
        "Pretax Income": NaN,
        "Other Income Expense": NaN,
        "Other Non Operating Income Expenses": NaN,
        "Special Income Charges": 0.0,
        "Gain On Sale Of Ppe": NaN,
        "Write Off": 0.0,
        "Impairment Of Capital Assets": NaN,
        "Restructuring And Mergern Acquisition": NaN,
        "Gain On Sale Of Security": NaN,
        "Net Non Operating Interest Income Expense": NaN,
        "Interest Expense Non Operating": NaN,
        "Interest Income Non Operating": NaN,
        "Operating Income": NaN,
        "Operating Expense": NaN,
        "Other Operating Expenses": NaN,
        "Selling General And Administration": NaN,
        "General And Administrative Expense": NaN,
        "Other Gand A": NaN,
        "Salaries And Wages": NaN,
        "Gross Profit": NaN,
        "Cost Of Revenue": NaN,
        "Total Revenue": NaN,
        "Operating Revenue": NaN
    },
    "2022-12-31": {
        "Tax Effect Of Unusual Items": NaN,
        "Tax Rate For Calcs": NaN,
        "Normalized EBITDA": NaN,
        "Total Unusual Items": NaN,
        "Total Unusual Items Excluding Goodwill": NaN,
        "Net Income From Continuing Operation Net Minority Interest": NaN,
        "Reconciled Depreciation": NaN,
        "Reconciled Cost Of Revenue": NaN,
        "EBITDA": NaN,
        "EBIT": NaN,
        "Net Interest Income": NaN,
        "Interest Expense": NaN,
        "Interest Income": NaN,
        "Normalized Income": NaN,
        "Net Income From Continuing And Discontinued Operation": NaN,
        "Total Expenses": NaN,
        "Total Operating Income As Reported": 61600000.0,
        "Diluted Average Shares": NaN,
        "Basic Average Shares": NaN,
        "Diluted EPS": NaN,
        "Basic EPS": NaN,
        "Diluted NI Availto Com Stockholders": NaN,
        "Net Income Common Stockholders": NaN,
        "Net Income": NaN,
        "Net Income Including Noncontrolling Interests": NaN,
        "Net Income Continuous Operations": NaN,
        "Tax Provision": NaN,
        "Pretax Income": NaN,
        "Other Income Expense": NaN,
        "Other Non Operating Income Expenses": NaN,
        "Special Income Charges": -3000000.0,
        "Gain On Sale Of Ppe": NaN,
        "Write Off": 0.0,
        "Restructuring And Mergern Acquisition": NaN,
        "Gain On Sale Of Security": NaN,
        "Net Non Operating Interest Income Expense": NaN,
        "Interest Expense Non Operating": NaN,
        "Interest Income Non Operating": NaN,
        "Operating Income": NaN,
        "Operating Expense": NaN,
        "Other Operating Expenses": NaN,
        "Selling General And Administration": NaN,
        "General And Administrative Expense": NaN,
        "Other Gand A": NaN,
        "Salaries And Wages": NaN,
        "Gross Profit": NaN,
        "Cost Of Revenue": NaN,
        "Total Revenue": NaN,
        "Operating Revenue": NaN
    },
    "2022-09-30": {
        "Tax Effect Of Unusual Items": NaN,
        "Tax Rate For Calcs": NaN,
        "Normalized EBITDA": NaN,
        "Total Unusual Items": NaN,
        "Total Unusual Items Excluding Goodwill": NaN,
        "Net Income From Continuing Operation Net Minority Interest": NaN,
        "Reconciled Depreciation": NaN,
        "Reconciled Cost Of Revenue": NaN,
        "EBITDA": NaN,
        "EBIT": NaN,
        "Net Interest Income": NaN,
        "Interest Expense": NaN,
        "Normalized Income": NaN,
        "Net Income From Continuing And Discontinued Operation": NaN,
        "Total Expenses": NaN,
        "Total Operating Income As Reported": 29900000.0,
        "Diluted Average Shares": NaN,
        "Basic Average Shares": NaN,
        "Diluted EPS": NaN,
        "Basic EPS": NaN,
        "Diluted NI Availto Com Stockholders": NaN,
        "Net Income Common Stockholders": NaN,
        "Net Income": NaN,
        "Net Income Including Noncontrolling Interests": NaN,
        "Net Income Continuous Operations": NaN,
        "Tax Provision": NaN,
        "Pretax Income": NaN,
        "Other Income Expense": NaN,
        "Other Non Operating Income Expenses": NaN,
        "Special Income Charges": NaN,
        "Gain On Sale Of Ppe": 0.0,
        "Write Off": NaN,
        "Restructuring And Mergern Acquisition": 2200000.0,
        "Gain On Sale Of Security": NaN,
        "Net Non Operating Interest Income Expense": NaN,
        "Interest Expense Non Operating": NaN,
        "Operating Income": NaN,
        "Operating Expense": NaN,
        "Other Operating Expenses": NaN,
        "Selling General And Administration": NaN,
        "General And Administrative Expense": NaN,
        "Other Gand A": NaN,
        "Salaries And Wages": NaN,
        "Gross Profit": NaN,
        "Cost Of Revenue": NaN,
        "Total Revenue": NaN,
        "Operating Revenue": NaN
    },
    "2022-06-30": {
        "Tax Effect Of Unusual Items": 160000.0,
        "Tax Rate For Calcs": 0.4,
        "Normalized EBITDA": 69300000.0,
        "Total Unusual Items": 400000.0,
        "Total Unusual Items Excluding Goodwill": 400000.0,
        "Net Income From Continuing Operation Net Minority Interest": 6400000.0,
        "Reconciled Depreciation": 38200000.0,
        "Reconciled Cost Of Revenue": 151900000.0,
        "EBITDA": 69700000.0,
        "EBIT": 31500000.0,
        "Net Interest Income": -1300000.0,
        "Interest Expense": 1300000.0,
        "Normalized Income": 6160000.0,
        "Net Income From Continuing And Discontinued Operation": 6400000.0,
        "Total Expenses": 165500000.0,
        "Total Operating Income As Reported": 25700000.0,
        "Diluted Average Shares": 391761000.0,
        "Basic Average Shares": 391761000.0,
        "Diluted EPS": 0.02,
        "Basic EPS": 0.02,
        "Diluted NI Availto Com Stockholders": 6400000.0,
        "Net Income Common Stockholders": 6400000.0,
        "Net Income": 6400000.0,
        "Net Income Including Noncontrolling Interests": 6400000.0,
        "Net Income Continuous Operations": 6400000.0,
        "Tax Provision": 23800000.0,
        "Pretax Income": 30200000.0,
        "Other Income Expense": 5800000.0,
        "Other Non Operating Income Expenses": 5400000.0,
        "Special Income Charges": 0.0,
        "Write Off": 0.0,
        "Gain On Sale Of Security": 400000.0,
        "Net Non Operating Interest Income Expense": -1300000.0,
        "Interest Expense Non Operating": 1300000.0,
        "Operating Income": 25700000.0,
        "Operating Expense": 13600000.0,
        "Other Operating Expenses": 7000000.0,
        "Selling General And Administration": 6600000.0,
        "General And Administrative Expense": 6600000.0,
        "Other Gand A": 6200000.0,
        "Salaries And Wages": 400000.0,
        "Gross Profit": 39300000.0,
        "Cost Of Revenue": 151900000.0,
        "Total Revenue": 191200000.0,
        "Operating Revenue": 191200000.0
    },
    "2022-03-31": {
        "Diluted EPS": -0.02,
        "Total Revenue": 185,
        "Gross Profit": 89,
        "Operating Income": 33,
        "EBIT": 70,
        "Net Income": -9
    },
    "2021-12-31": {
        "Diluted EPS": 0.08,
        "Total Revenue": 203,
        "Gross Profit": 111,
        "Operating Income": 50,
        "EBIT": 93,
        "Net Income": 30
    },
    "2021-09-30": {
        "Diluted EPS": 0.06,
        "Total Revenue": 198,
        "Gross Profit": 114,
        "Operating Income": 57,
        "EBIT": 100,
        "Net Income": 25
    },
    "2021-06-30": {
        "Diluted EPS": -0.44,
        "Total Revenue": 195,
        "Gross Profit": 113,
        "Operating Income": 56,
        "EBIT": 98,
        "Net Income": -173
    },
    "2021-03-31": {
        "Diluted EPS": 0.13,
        "Total Revenue": 227,
        "Gross Profit": 135,
        "Operating Income": 76,
        "EBIT": 120,
        "Net Income": 51
    },
    "2020-12-31": {
        "Diluted EPS": 0.2,
        "Total Revenue": 227,
        "Gross Profit": 141,
        "Operating Income": 81,
        "EBIT": 128,
        "Net Income": 77
    },
    "2020-09-30": {
        "Diluted EPS": 0.17,
        "Total Revenue": 218,
        "Gross Profit": 142,
        "Operating Income": 88,
        "EBIT": 132,
        "Net Income": 68
    },
    "2020-06-30": {
        "Diluted EPS": 0.03,
        "Total Revenue": 126,
        "Gross Profit": 58,
        "Operating Income": 12,
        "EBIT": 40,
        "Net Income": 12
    },
    "2020-03-31": {
        "Diluted EPS": -0.03,
        "Total Revenue": 177,
        "Gross Profit": 94,
        "Operating Income": 46,
        "EBIT": 82,
        "Net Income": -12
    },
    "2019-12-31": {
        "Diluted EPS": 0.1,
        "Total Revenue": 186,
        "Gross Profit": 99,
        "Operating Income": 42,
        "EBIT": 86,
        "Net Income": 38
    },
    "2019-09-30": {
        "Diluted EPS": 0.04,
        "Total Revenue": 173,
        "Gross Profit": 90,
        "Operating Income": 38,
        "EBIT": 78,
        "Net Income": 18
    },
    "2019-06-30": {
        "Diluted EPS": 0.06,
        "Total Revenue": 168,
        "Gross Profit": 82,
        "Operating Income": 28,
        "EBIT": 70,
        "Net Income": 24
    },
    "2019-03-31": {
        "Diluted EPS": 0.04,
        "Total Revenue": 156,
        "Gross Profit": 74,
        "Operating Income": 19,
        "EBIT": 58,
        "Net Income": 17
    },
    "2018-12-31": {
        "Diluted EPS": -0.19,
        "Total Revenue": 163,
        "Gross Profit": 67,
        "Operating Income": -51,
        "EBIT": -9,
        "Net Income": -72
    },
    "2018-09-30": {
        "Diluted EPS": 0.02,
        "Total Revenue": 147,
        "Gross Profit": 54,
        "Operating Income": 1,
        "EBIT": 41,
        "Net Income": 7
    },
    "2018-06-30": {
        "Diluted EPS": -0.02,
        "Total Revenue": 169,
        "Gross Profit": 68,
        "Operating Income": 10,
        "EBIT": 52,
        "Net Income": -9
    },
    "2018-03-31": {
        "Diluted EPS": 0.0,
        "Total Revenue": 173,
        "Gross Profit": 76,
        "Operating Income": 19,
        "EBIT": 61,
        "Net Income": 1
    },
    "2017-12-31": {
        "Diluted EPS": -0.01,
        "Total Revenue": 162,
        "Gross Profit": 71,
        "Operating Income": 17,
        "EBIT": 58,
        "Net Income": -5
    },
    "2017-09-30": {
        "Diluted EPS": 0.09,
        "Total Revenue": 129,
        "Gross Profit": 60,
        "Operating Income": 21,
        "EBIT": 49,
        "Net Income": 29
    },
    "2017-06-30": {
        "Diluted EPS": 0.01,
        "Total Revenue": 131,
        "Gross Profit": 53,
        "Operating Income": 16,
        "EBIT": 44,
        "Net Income": 2
    },
    "2017-03-31": {
        "Diluted EPS": 0.0,
        "Total Revenue": 121,
        "Gross Profit": 43,
        "Operating Income": 2,
        "EBIT": 31,
        "Net Income": 0
    },
    "2016-12-31": {
        "Diluted EPS": -0.09,
        "Total Revenue": 132,
        "Gross Profit": 45,
        "Operating Income": 4,
        "EBIT": 35,
        "Net Income": -21
    },
    "2016-09-30": {
        "Diluted EPS": 0.02,
        "Total Revenue": 126,
        "Gross Profit": 55,
        "Operating Income": 17,
        "EBIT": 45,
        "Net Income": 5
    },
    "2016-06-30": {
        "Diluted EPS": -0.04,
        "Total Revenue": 120,
        "Gross Profit": 49,
        "Operating Income": 3,
        "EBIT": 35,
        "Net Income": -12
    },
    "2016-03-31": {
        "Diluted EPS": 0.04,
        "Total Revenue": 104,
        "Gross Profit": 36,
        "Operating Income": -2,
        "EBIT": 26,
        "Net Income": 10
    },
    "2015-12-31": {
        "Diluted EPS": -0.24,
        "Total Revenue": 116,
        "Gross Profit": 17,
        "Operating Income": -36,
        "EBIT": 2,
        "Net Income": -61
    },
    "2015-09-30": {
        "Diluted EPS": -0.13,
        "Total Revenue": 104,
        "Gross Profit": 28,
        "Operating Income": -16,
        "EBIT": 15,
        "Net Income": -33
    },
    "2015-06-30": {
        "Diluted EPS": -2.84,
        "Total Revenue": 71,
        "Gross Profit": 23,
        "Operating Income": -49,
        "EBIT": -23,
        "Net Income": -380
    },
    "2015-03-31": {
        "Diluted EPS": -0.28,
        "Total Revenue": 65,
        "Gross Profit": 28,
        "Operating Income": 1,
        "EBIT": 22,
        "Net Income": -35
    },
    "2014-12-31": {
        "Diluted EPS": -0.03,
        "Total Revenue": 46,
        "Gross Profit": -90,
        "Operating Income": -195,
        "EBIT": -152,
        "Net Income": -3
    },
    "2014-09-30": {
        "Diluted EPS": -0.02,
        "Total Revenue": 39,
        "Gross Profit": 17,
        "Operating Income": 0,
        "EBIT": -21,
        "Net Income": -2
    },
    "2014-06-30": {
        "Diluted EPS": 0.01,
        "Total Revenue": 44,
        "Gross Profit": 24,
        "Operating Income": 6,
        "EBIT": 16,
        "Net Income": 1
    },
    "2014-03-31": {
        "Diluted EPS": 0.02,
        "Total Revenue": 42,
        "Gross Profit": 24,
        "Operating Income": 8,
        "EBIT": 19,
        "Net Income": 3
    },
    "2013-12-31": {
        "Diluted EPS": -0.04,
        "Total Revenue": 54,
        "Gross Profit": 48,
        "Operating Income": 16,
        "EBIT": 27,
        "Net Income": -5
    },
    "2013-09-30": {
        "Diluted EPS": 0.07,
        "Total Revenue": 64,
        "Gross Profit": 43,
        "Operating Income": 17,
        "EBIT": 33,
        "Net Income": 9
    },
    "2013-06-30": {
        "Diluted EPS": 0.07,
        "Total Revenue": 78,
        "Gross Profit": 57,
        "Operating Income": 33,
        "EBIT": 50,
        "Net Income": 9
    },
    "2013-03-31": {
        "Diluted EPS": 0.2,
        "Total Revenue": 86,
        "Gross Profit": 50,
        "Operating Income": 42,
        "EBIT": 55,
        "Net Income": 26
    },
    "2012-12-31": {
        "Diluted EPS": 0.31,
        "Total Revenue": 107,
        "Gross Profit": 107,
        "Operating Income": 107,
        "EBIT": 107,
        "Net Income": 38
    },
    "2012-09-30": {
        "Diluted EPS": 0.21,
        "Total Revenue": 71,
        "Gross Profit": 71,
        "Operating Income": 71,
        "EBIT": 71,
        "Net Income": 26
    },
    "2012-06-30": {
        "Diluted EPS": 0.2,
        "Total Revenue": 81,
        "Gross Profit": 81,
        "Operating Income": 81,
        "EBIT": 81,
        "Net Income": 25
    },
    "2012-03-31": {
        "Diluted EPS": 0.24,
        "Total Revenue": 70,
        "Gross Profit": 70,
        "Operating Income": 70,
        "EBIT": 70,
        "Net Income": 29
    },
    "2023-09-30": {
        "Tax Effect Of Unusual Items": 440000.0,
        "Tax Rate For Calcs": 0.4,
        "Normalized EBITDA": 124900000.0,
        "Total Unusual Items": 1100000.0,
        "Total Unusual Items Excluding Goodwill": 1100000.0,
        "Net Income From Continuing Operation Net Minority Interest": 39400000.0,
        "Reconciled Depreciation": 47200000.0,
        "Reconciled Cost Of Revenue": 158000000.0,
        "EBITDA": 126000000.0,
        "EBIT": 78800000.0,
        "Net Interest Income": -600000.0,
        "Interest Expense": 600000.0,
        "Interest Income": NaN,
        "Normalized Income": 38740000.0,
        "Net Income From Continuing And Discontinued Operation": 39400000.0,
        "Total Expenses": 173600000.0,
        "Total Operating Income As Reported": 82600000.0,
        "Diluted Average Shares": 396117000.0,
        "Basic Average Shares": 396117000.0,
        "Diluted EPS": 0.1,
        "Basic EPS": 0.1,
        "Diluted NI Availto Com Stockholders": 39400000.0,
        "Net Income Common Stockholders": 39400000.0,
        "Net Income": 39400000.0,
        "Net Income Including Noncontrolling Interests": 39400000.0,
        "Net Income Continuous Operations": 39400000.0,
        "Tax Provision": 38800000.0,
        "Pretax Income": 78200000.0,
        "Other Income Expense": -3800000.0,
        "Other Non Operating Income Expenses": -4900000.0,
        "Special Income Charges": 0.0,
        "Gain On Sale Of Ppe": 0.0,
        "Write Off": 0.0,
        "Impairment Of Capital Assets": 0.0,
        "Restructuring And Mergern Acquisition": 600000.0,
        "Gain On Sale Of Security": 1100000.0,
        "Net Non Operating Interest Income Expense": -600000.0,
        "Interest Expense Non Operating": 600000.0,
        "Interest Income Non Operating": NaN,
        "Operating Income": 82600000.0,
        "Operating Expense": 15600000.0,
        "Other Operating Expenses": 7500000.0,
        "Selling General And Administration": 8100000.0,
        "General And Administrative Expense": 8100000.0,
        "Other Gand A": 6300000.0,
        "Salaries And Wages": 1800000.0,
        "Gross Profit": 98200000.0,
        "Cost Of Revenue": 158000000.0,
        "Total Revenue": 256200000.0,
        "Operating Revenue": 256200000.0
    },
    "2023-12-31": {
        "Tax Effect Of Unusual Items": -1769726.5625,
        "Tax Rate For Calcs": 0.080078,
        "Normalized EBITDA": 123700000.0,
        "Total Unusual Items": -22100000.0,
        "Total Unusual Items Excluding Goodwill": -22100000.0,
        "Net Income From Continuing Operation Net Minority Interest": 47100000.0,
        "Reconciled Depreciation": 50600000.0,
        "Reconciled Cost Of Revenue": 166700000.0,
        "EBITDA": 101600000.0,
        "EBIT": 51000000.0,
        "Net Interest Income": 200000.0,
        "Interest Expense": -200000.0,
        "Interest Income": NaN,
        "Normalized Income": 67430273.4375,
        "Net Income From Continuing And Discontinued Operation": 47100000.0,
        "Total Expenses": 182700000.0,
        "Total Operating Income As Reported": NaN,
        "Diluted Average Shares": 396577000.0,
        "Basic Average Shares": 396577000.0,
        "Diluted EPS": 0.12,
        "Basic EPS": 0.12,
        "Diluted NI Availto Com Stockholders": 47100000.0,
        "Net Income Common Stockholders": 47100000.0,
        "Net Income": 47100000.0,
        "Net Income Including Noncontrolling Interests": 47100000.0,
        "Net Income Continuous Operations": 47100000.0,
        "Tax Provision": 4100000.0,
        "Pretax Income": 51200000.0,
        "Other Income Expense": -20900000.0,
        "Other Non Operating Income Expenses": 1200000.0,
        "Special Income Charges": -8100000.0,
        "Gain On Sale Of Ppe": NaN,
        "Write Off": 0.0,
        "Impairment Of Capital Assets": NaN,
        "Restructuring And Mergern Acquisition": NaN,
        "Gain On Sale Of Security": -14000000.0,
        "Net Non Operating Interest Income Expense": 200000.0,
        "Interest Expense Non Operating": -200000.0,
        "Interest Income Non Operating": NaN,
        "Operating Income": 71900000.0,
        "Operating Expense": 16000000.0,
        "Other Operating Expenses": 2100000.0,
        "Selling General And Administration": 13900000.0,
        "General And Administrative Expense": 13900000.0,
        "Other Gand A": 7600000.0,
        "Salaries And Wages": 6300000.0,
        "Gross Profit": 87900000.0,
        "Cost Of Revenue": 166700000.0,
        "Total Revenue": 254600000.0,
        "Operating Revenue": 254600000.0
    },
    "2024-03-31": {
        "Tax Effect Of Unusual Items": -135000.0,
        "Tax Rate For Calcs": 0.15,
        "Normalized EBITDA": 126600000.0,
        "Total Unusual Items": -900000.0,
        "Total Unusual Items Excluding Goodwill": -900000.0,
        "Net Income From Continuing Operation Net Minority Interest": 42100000.0,
        "Reconciled Depreciation": 50000000.0,
        "Reconciled Cost Of Revenue": 173600000.0,
        "EBITDA": 125700000.0,
        "EBIT": 75700000.0,
        "Net Interest Income": -100000.0,
        "Interest Expense": 100000.0,
        "Interest Income": NaN,
        "Normalized Income": 42865000.0,
        "Net Income From Continuing And Discontinued Operation": 42100000.0,
        "Total Expenses": 196200000.0,
        "Total Operating Income As Reported": NaN,
        "Diluted Average Shares": 396817000.0,
        "Basic Average Shares": 396817000.0,
        "Diluted EPS": 0.11,
        "Basic EPS": 0.11,
        "Diluted NI Availto Com Stockholders": 42100000.0,
        "Net Income Common Stockholders": 42100000.0,
        "Net Income": 42100000.0,
        "Net Income Including Noncontrolling Interests": 42100000.0,
        "Net Income Continuous Operations": 42100000.0,
        "Tax Provision": 33500000.0,
        "Pretax Income": 75600000.0,
        "Other Income Expense": -5700000.0,
        "Other Non Operating Income Expenses": -4800000.0,
        "Special Income Charges": NaN,
        "Gain On Sale Of Ppe": NaN,
        "Write Off": NaN,
        "Impairment Of Capital Assets": NaN,
        "Restructuring And Mergern Acquisition": NaN,
        "Gain On Sale Of Security": -900000.0,
        "Net Non Operating Interest Income Expense": -100000.0,
        "Interest Expense Non Operating": 100000.0,
        "Interest Income Non Operating": NaN,
        "Operating Income": 81400000.0,
        "Operating Expense": 22600000.0,
        "Other Operating Expenses": 4800000.0,
        "Selling General And Administration": 17800000.0,
        "General And Administrative Expense": 17800000.0,
        "Other Gand A": 7900000.0,
        "Salaries And Wages": 9900000.0,
        "Gross Profit": 104000000.0,
        "Cost Of Revenue": 173600000.0,
        "Total Revenue": 277600000.0,
        "Operating Revenue": 277600000.0
    },
    "2024-06-30": {
        "Tax Effect Of Unusual Items": 45000.0,
        "Tax Rate For Calcs": 0.15,
        "Normalized EBITDA": 190900000.0,
        "Total Unusual Items": 300000.0,
        "Total Unusual Items Excluding Goodwill": 300000.0,
        "Net Income From Continuing Operation Net Minority Interest": 70100000.0,
        "Reconciled Depreciation": 52400000.0,
        "Reconciled Cost Of Revenue": 172600000.0,
        "EBITDA": 191200000.0,
        "EBIT": 138800000.0,
        "Net Interest Income": 100000.0,
        "Interest Expense": NaN,
        "Interest Income": 100000.0,
        "Normalized Income": 69845000.0,
        "Net Income From Continuing And Discontinued Operation": 70100000.0,
        "Total Expenses": 193800000.0,
        "Total Operating Income As Reported": 138800000.0,
        "Diluted Average Shares": 398275000.0,
        "Basic Average Shares": 398275000.0,
        "Diluted EPS": 0.17,
        "Basic EPS": 0.18,
        "Diluted NI Availto Com Stockholders": 70100000.0,
        "Net Income Common Stockholders": 70100000.0,
        "Net Income": 70100000.0,
        "Net Income Including Noncontrolling Interests": 70100000.0,
        "Net Income Continuous Operations": 70100000.0,
        "Tax Provision": 58100000.0,
        "Pretax Income": 128200000.0,
        "Other Income Expense": -10700000.0,
        "Other Non Operating Income Expenses": -11000000.0,
        "Special Income Charges": NaN,
        "Gain On Sale Of Ppe": NaN,
        "Write Off": NaN,
        "Impairment Of Capital Assets": NaN,
        "Restructuring And Mergern Acquisition": NaN,
        "Gain On Sale Of Security": 300000.0,
        "Net Non Operating Interest Income Expense": 100000.0,
        "Interest Expense Non Operating": NaN,
        "Interest Income Non Operating": 100000.0,
        "Operating Income": 138800000.0,
        "Operating Expense": 21200000.0,
        "Other Operating Expenses": 7600000.0,
        "Selling General And Administration": 13600000.0,
        "General And Administrative Expense": 13600000.0,
        "Other Gand A": 7400000.0,
        "Salaries And Wages": 6200000.0,
        "Gross Profit": 160000000.0,
        "Cost Of Revenue": 172600000.0,
        "Total Revenue": 332600000.0,
        "Operating Revenue": 332600000.0
    },
    "2024-09-30": {
        "Tax Effect Of Unusual Items": 4635000.0,
        "Tax Rate For Calcs": 0.15,
        "Normalized EBITDA": 174200000.0,
        "Total Unusual Items": 30900000.0,
        "Total Unusual Items Excluding Goodwill": 30900000.0,
        "Net Income From Continuing Operation Net Minority Interest": 84500000.0,
        "Reconciled Depreciation": 57700000.0,
        "Reconciled Cost Of Revenue": 204000000.0,
        "EBITDA": 205100000.0,
        "EBIT": 147400000.0,
        "Net Interest Income": -6200000.0,
        "Interest Expense": 6200000.0,
        "Interest Income": NaN,
        "Normalized Income": 58235000.0,
        "Net Income From Continuing And Discontinued Operation": 84500000.0,
        "Total Expenses": 234700000.0,
        "Total Operating Income As Reported": 183300000.0,
        "Diluted Average Shares": 417147000.0,
        "Basic Average Shares": 417147000.0,
        "Diluted EPS": 0.2,
        "Basic EPS": 0.2,
        "Diluted NI Availto Com Stockholders": 84500000.0,
        "Net Income Common Stockholders": 84500000.0,
        "Net Income": 84500000.0,
        "Net Income Including Noncontrolling Interests": 84500000.0,
        "Net Income Continuous Operations": 84500000.0,
        "Tax Provision": 56700000.0,
        "Pretax Income": 141200000.0,
        "Other Income Expense": 21200000.0,
        "Other Non Operating Income Expenses": -9700000.0,
        "Special Income Charges": 57100000.0,
        "Gain On Sale Of Ppe": NaN,
        "Write Off": NaN,
        "Impairment Of Capital Assets": -57100000.0,
        "Restructuring And Mergern Acquisition": NaN,
        "Gain On Sale Of Security": -26200000.0,
        "Net Non Operating Interest Income Expense": -6200000.0,
        "Interest Expense Non Operating": 6200000.0,
        "Interest Income Non Operating": NaN,
        "Operating Income": 126200000.0,
        "Operating Expense": 30700000.0,
        "Other Operating Expenses": 8800000.0,
        "Selling General And Administration": 21900000.0,
        "General And Administrative Expense": 21900000.0,
        "Other Gand A": 8200000.0,
        "Salaries And Wages": 13700000.0,
        "Gross Profit": 156900000.0,
        "Cost Of Revenue": 204000000.0,
        "Total Revenue": 360900000.0,
        "Operating Revenue": 360900000.0
    }
}