{
    "2023-03-31": {
        "Tax Effect Of Unusual Items": -6206550.0,
        "Tax Rate For Calcs": 0.21,
        "Normalized EBITDA": -2417000.0,
        "Total Unusual Items": -29555000.0,
        "Total Unusual Items Excluding Goodwill": -29555000.0,
        "Net Income From Continuing Operation Net Minority Interest": -38059000.0,
        "Reconciled Depreciation": 1863000.0,
        "Reconciled Cost Of Revenue": 27543000.0,
        "EBITDA": -31972000.0,
        "EBIT": -33835000.0,
        "Net Interest Income": -4217000.0,
        "Interest Expense": 4217000.0,
        "Interest Income": 0.0,
        "Normalized Income": -14710550.0,
        "Net Income From Continuing And Discontinued Operation": -38059000.0,
        "Total Expenses": 47842000.0,
        "Total Operating Income As Reported": -35553000.0,
        "Diluted Average Shares": 50032843.0,
        "Basic Average Shares": 50032843.0,
        "Diluted EPS": -0.76068,
        "Basic EPS": -0.76068,
        "Diluted NI Availto Com Stockholders": -38059000.0,
        "Net Income Common Stockholders": -38059000.0,
        "Net Income": -38059000.0,
        "Minority Interests": 12000.0,
        "Net Income Including Noncontrolling Interests": -38071000.0,
        "Net Income Continuous Operations": -38071000.0,
        "Tax Provision": 19000.0,
        "Pretax Income": -38052000.0,
        "Other Income Expense": -27837000.0,
        "Other Non Operating Income Expenses": 1718000.0,
        "Special Income Charges": -31749000.0,
        "Other Special Charges": 10162000.0,
        "Impairment Of Capital Assets": 19070000.0,
        "Restructuring And Mergern Acquisition": 2517000.0,
        "Gain On Sale Of Security": 2194000.0,
        "Net Non Operating Interest Income Expense": -4217000.0,
        "Interest Expense Non Operating": 4217000.0,
        "Interest Income Non Operating": 0.0,
        "Operating Income": -5998000.0,
        "Operating Expense": 20299000.0,
        "Other Operating Expenses": 1472000.0,
        "Depreciation Amortization Depletion Income Statement": 1863000.0,
        "Depreciation And Amortization In Income Statement": 1863000.0,
        "Selling General And Administration": 16964000.0,
        "General And Administrative Expense": 16964000.0,
        "Other Gand A": 15417000.0,
        "Salaries And Wages": 1547000.0,
        "Gross Profit": 14301000.0,
        "Cost Of Revenue": 27543000.0,
        "Total Revenue": 41844000.0,
        "Operating Revenue": 41844000.0
    },
    "2022-12-31": {
        "Tax Effect Of Unusual Items": 1518905.924535,
        "Tax Rate For Calcs": 0.187127,
        "Normalized EBITDA": 3152000.0,
        "Total Unusual Items": 8117000.0,
        "Total Unusual Items Excluding Goodwill": 8117000.0,
        "Net Income From Continuing Operation Net Minority Interest": 4798000.0,
        "Reconciled Depreciation": 1757000.0,
        "Reconciled Cost Of Revenue": 29467000.0,
        "EBITDA": 11269000.0,
        "EBIT": 9512000.0,
        "Net Interest Income": -3655000.0,
        "Interest Expense": 3655000.0,
        "Interest Income": 0.0,
        "Normalized Income": -1800094.075465,
        "Net Income From Continuing And Discontinued Operation": 4798000.0,
        "Total Expenses": 42156000.0,
        "Total Operating Income As Reported": 9022000.0,
        "Diluted Average Shares": 45979330.0,
        "Basic Average Shares": 45979330.0,
        "Diluted EPS": 0.104351,
        "Basic EPS": 0.104351,
        "Diluted NI Availto Com Stockholders": 4798000.0,
        "Net Income Common Stockholders": 4798000.0,
        "Net Income": 4798000.0,
        "Minority Interests": 37000.0,
        "Net Income Including Noncontrolling Interests": 4761000.0,
        "Net Income Continuous Operations": 4761000.0,
        "Tax Provision": 1096000.0,
        "Pretax Income": 5857000.0,
        "Other Income Expense": 8607000.0,
        "Other Non Operating Income Expenses": 490000.0,
        "Special Income Charges": 7742000.0,
        "Other Special Charges": -8160000.0,
        "Impairment Of Capital Assets": NaN,
        "Restructuring And Mergern Acquisition": 418000.0,
        "Gain On Sale Of Security": 375000.0,
        "Net Non Operating Interest Income Expense": -3655000.0,
        "Interest Expense Non Operating": 3655000.0,
        "Interest Income Non Operating": 0.0,
        "Operating Income": 905000.0,
        "Operating Expense": 12689000.0,
        "Other Operating Expenses": 1253000.0,
        "Depreciation Amortization Depletion Income Statement": 1757000.0,
        "Depreciation And Amortization In Income Statement": 1757000.0,
        "Selling General And Administration": 9679000.0,
        "General And Administrative Expense": 9679000.0,
        "Other Gand A": 8463000.0,
        "Salaries And Wages": 1216000.0,
        "Gross Profit": 13594000.0,
        "Cost Of Revenue": 29467000.0,
        "Total Revenue": 43061000.0,
        "Operating Revenue": 43061000.0
    },
    "2022-09-30": {
        "Tax Effect Of Unusual Items": -1770300.0,
        "Tax Rate For Calcs": 0.21,
        "Normalized EBITDA": -1604000.0,
        "Total Unusual Items": -8430000.0,
        "Total Unusual Items Excluding Goodwill": -8430000.0,
        "Net Income From Continuing Operation Net Minority Interest": -15086000.0,
        "Reconciled Depreciation": 1777000.0,
        "Reconciled Cost Of Revenue": 28517000.0,
        "EBITDA": -10034000.0,
        "EBIT": -11811000.0,
        "Net Interest Income": -3143000.0,
        "Interest Expense": 3143000.0,
        "Interest Income": 0.0,
        "Normalized Income": -8426300.0,
        "Net Income From Continuing And Discontinued Operation": -15086000.0,
        "Total Expenses": 46622000.0,
        "Total Operating Income As Reported": -11657000.0,
        "Diluted Average Shares": 48243382.0,
        "Basic Average Shares": 48243382.0,
        "Diluted EPS": -0.312706,
        "Basic EPS": -0.312706,
        "Diluted NI Availto Com Stockholders": -15086000.0,
        "Net Income Common Stockholders": -15086000.0,
        "Net Income": -15086000.0,
        "Minority Interests": 3000.0,
        "Net Income Including Noncontrolling Interests": -15089000.0,
        "Net Income Continuous Operations": -15089000.0,
        "Tax Provision": 135000.0,
        "Pretax Income": -14954000.0,
        "Other Income Expense": -8584000.0,
        "Other Non Operating Income Expenses": -154000.0,
        "Special Income Charges": -12179000.0,
        "Other Special Charges": 11708000.0,
        "Impairment Of Capital Assets": NaN,
        "Restructuring And Mergern Acquisition": 471000.0,
        "Gain On Sale Of Security": 3749000.0,
        "Net Non Operating Interest Income Expense": -3143000.0,
        "Interest Expense Non Operating": 3143000.0,
        "Interest Income Non Operating": 0.0,
        "Operating Income": -3227000.0,
        "Operating Expense": 18105000.0,
        "Other Operating Expenses": 1213000.0,
        "Depreciation Amortization Depletion Income Statement": 1777000.0,
        "Depreciation And Amortization In Income Statement": 1777000.0,
        "Selling General And Administration": 15115000.0,
        "General And Administrative Expense": 15115000.0,
        "Other Gand A": 13097000.0,
        "Salaries And Wages": 2018000.0,
        "Gross Profit": 14878000.0,
        "Cost Of Revenue": 28517000.0,
        "Total Revenue": 43395000.0,
        "Operating Revenue": 43395000.0
    },
    "2022-06-30": {
        "Tax Effect Of Unusual Items": 2458.923513,
        "Tax Rate For Calcs": 0.007932,
        "Normalized EBITDA": 676000.0,
        "Total Unusual Items": 310000.0,
        "Total Unusual Items Excluding Goodwill": 310000.0,
        "Net Income From Continuing Operation Net Minority Interest": -3545000.0,
        "Reconciled Depreciation": 1737000.0,
        "Reconciled Cost Of Revenue": 30775000.0,
        "EBITDA": 986000.0,
        "EBIT": -751000.0,
        "Net Interest Income": -2779000.0,
        "Interest Expense": 2779000.0,
        "Interest Income": 0.0,
        "Normalized Income": -3852541.076487,
        "Net Income From Continuing And Discontinued Operation": -3545000.0,
        "Total Expenses": 46713000.0,
        "Total Operating Income As Reported": -237000.0,
        "Diluted Average Shares": 46043419.0,
        "Basic Average Shares": 46043419.0,
        "Diluted EPS": -0.08,
        "Basic EPS": -0.08,
        "Diluted NI Availto Com Stockholders": -3545000.0,
        "Net Income Common Stockholders": -3545000.0,
        "Net Income": -3545000.0,
        "Minority Interests": -43000.0,
        "Net Income Including Noncontrolling Interests": -3502000.0,
        "Net Income Continuous Operations": -3502000.0,
        "Tax Provision": -28000.0,
        "Pretax Income": -3530000.0,
        "Other Income Expense": -204000.0,
        "Other Non Operating Income Expenses": -514000.0,
        "Special Income Charges": 788000.0,
        "Other Special Charges": -950000.0,
        "Impairment Of Capital Assets": NaN,
        "Restructuring And Mergern Acquisition": 162000.0,
        "Gain On Sale Of Security": -478000.0,
        "Net Non Operating Interest Income Expense": -2779000.0,
        "Interest Expense Non Operating": 2779000.0,
        "Interest Income Non Operating": 0.0,
        "Operating Income": -547000.0,
        "Operating Expense": 15938000.0,
        "Other Operating Expenses": 575000.0,
        "Depreciation Amortization Depletion Income Statement": 1737000.0,
        "Depreciation And Amortization In Income Statement": 1737000.0,
        "Selling General And Administration": 13626000.0,
        "General And Administrative Expense": 13626000.0,
        "Other Gand A": 11607000.0,
        "Salaries And Wages": 2019000.0,
        "Gross Profit": 15391000.0,
        "Cost Of Revenue": 30775000.0,
        "Total Revenue": 46166000.0,
        "Operating Revenue": 46166000.0
    },
    "2022-03-31": {
        "Diluted EPS": -0.14,
        "Total Revenue": 44,
        "Gross Profit": 14,
        "Operating Income": -10,
        "EBIT": -7,
        "Net Income": -6
    },
    "2021-12-31": {
        "Diluted EPS": -0.16,
        "Total Revenue": 42,
        "Gross Profit": 13,
        "Operating Income": -1,
        "EBIT": 5,
        "Net Income": -6
    },
    "2021-09-30": {
        "Diluted EPS": -0.28,
        "Total Revenue": 40,
        "Gross Profit": 11,
        "Operating Income": -6,
        "EBIT": -3,
        "Net Income": -11
    },
    "2021-06-30": {
        "Diluted EPS": 0.01,
        "Total Revenue": 39,
        "Gross Profit": 12,
        "Operating Income": 3,
        "EBIT": 6,
        "Net Income": 0
    },
    "2021-03-31": {
        "Diluted EPS": -0.11,
        "Total Revenue": 37,
        "Gross Profit": 11,
        "Operating Income": 1,
        "EBIT": 4,
        "Net Income": -4
    },
    "2020-12-31": {
        "Diluted EPS": -1.52,
        "Total Revenue": 124,
        "Gross Profit": 36,
        "Operating Income": -3,
        "EBIT": 0,
        "Net Income": -20
    },
    "2020-09-30": {
        "Diluted EPS": -0.3,
        "Total Revenue": 40,
        "Gross Profit": 14,
        "Operating Income": -8,
        "EBIT": -8,
        "Net Income": -10
    },
    "2020-06-30": {
        "Diluted EPS": -0.19,
        "Total Revenue": NaN,
        "Gross Profit": NaN,
        "Operating Income": 0,
        "EBIT": 0,
        "Net Income": -1
    },
    "2020-03-31": {
        "Diluted EPS": 1.25,
        "Total Revenue": NaN,
        "Gross Profit": NaN,
        "Operating Income": 0,
        "EBIT": 0,
        "Net Income": 5
    },
    "2019-12-31": {
        "Diluted EPS": 0.0,
        "Total Revenue": NaN,
        "Gross Profit": NaN,
        "Operating Income": NaN,
        "EBIT": NaN,
        "Net Income": NaN
    },
    "2019-09-30": {
        "Diluted EPS": 0.0,
        "Total Revenue": NaN,
        "Gross Profit": NaN,
        "Operating Income": NaN,
        "EBIT": NaN,
        "Net Income": NaN
    },
    "2023-06-30": {
        "Tax Effect Of Unusual Items": 2043200.0,
        "Tax Rate For Calcs": 0.4,
        "Normalized EBITDA": -6919000.0,
        "Total Unusual Items": 5108000.0,
        "Total Unusual Items Excluding Goodwill": 5108000.0,
        "Net Income From Continuing Operation Net Minority Interest": -20294000.0,
        "Reconciled Depreciation": 2358000.0,
        "Reconciled Cost Of Revenue": 25563000.0,
        "EBITDA": -1811000.0,
        "EBIT": -4169000.0,
        "Net Interest Income": -15710000.0,
        "Interest Expense": 15710000.0,
        "Interest Income": NaN,
        "Normalized Income": -23358800.0,
        "Net Income From Continuing And Discontinued Operation": -20294000.0,
        "Total Expenses": 47241000.0,
        "Total Operating Income As Reported": -5289000.0,
        "Diluted Average Shares": 48819648.0,
        "Basic Average Shares": 48819648.0,
        "Diluted EPS": -0.42,
        "Basic EPS": -0.42,
        "Diluted NI Availto Com Stockholders": -20294000.0,
        "Net Income Common Stockholders": -20294000.0,
        "Net Income": -20294000.0,
        "Minority Interests": 15000.0,
        "Net Income Including Noncontrolling Interests": -20309000.0,
        "Net Income Continuous Operations": -20309000.0,
        "Tax Provision": 430000.0,
        "Pretax Income": -19879000.0,
        "Other Income Expense": 4747000.0,
        "Other Non Operating Income Expenses": -361000.0,
        "Special Income Charges": -1000000.0,
        "Other Special Charges": -101000.0,
        "Impairment Of Capital Assets": 0.0,
        "Restructuring And Mergern Acquisition": 1101000.0,
        "Gain On Sale Of Security": 6108000.0,
        "Net Non Operating Interest Income Expense": -15710000.0,
        "Interest Expense Non Operating": 15710000.0,
        "Interest Income Non Operating": NaN,
        "Operating Income": -8916000.0,
        "Operating Expense": 21201000.0,
        "Other Operating Expenses": 3497000.0,
        "Depreciation Amortization Depletion Income Statement": 1881000.0,
        "Depreciation And Amortization In Income Statement": 1881000.0,
        "Selling General And Administration": 15823000.0,
        "General And Administrative Expense": 15823000.0,
        "Other Gand A": 14834000.0,
        "Salaries And Wages": 989000.0,
        "Gross Profit": 12285000.0,
        "Cost Of Revenue": 26040000.0,
        "Total Revenue": 38325000.0,
        "Operating Revenue": 38325000.0
    }
}