{
    "2023-03-31": {
        "Tax Effect Of Unusual Items": 0.0,
        "Tax Rate For Calcs": 0.0,
        "Normalized EBITDA": -88823000.0,
        "Total Unusual Items": 0.0,
        "Total Unusual Items Excluding Goodwill": 0.0,
        "Net Income From Continuing Operation Net Minority Interest": -81018000.0,
        "Reconciled Depreciation": 1790000.0,
        "Reconciled Cost Of Revenue": 554000.0,
        "EBITDA": -88823000.0,
        "EBIT": -90613000.0,
        "Net Interest Income": 8091000.0,
        "Interest Income": 8091000.0,
        "Normalized Income": -81018000.0,
        "Net Income From Continuing And Discontinued Operation": -81018000.0,
        "Total Expenses": 96222000.0,
        "Total Operating Income As Reported": -90613000.0,
        "Diluted Average Shares": 55265390.0,
        "Basic Average Shares": 55265390.0,
        "Diluted EPS": -1.47,
        "Basic EPS": -1.47,
        "Diluted NI Availto Com Stockholders": -81018000.0,
        "Net Income Common Stockholders": -81018000.0,
        "Net Income": -81018000.0,
        "Net Income Including Noncontrolling Interests": -81018000.0,
        "Net Income Continuous Operations": -81018000.0,
        "Pretax Income": -81018000.0,
        "Other Income Expense": 1504000.0,
        "Other Non Operating Income Expenses": 1504000.0,
        "Special Income Charges": 0.0,
        "Gain On Sale Of Business": 0.0,
        "Net Non Operating Interest Income Expense": 8091000.0,
        "Interest Income Non Operating": 8091000.0,
        "Operating Income": -90613000.0,
        "Operating Expense": 95668000.0,
        "Research And Development": 67301000.0,
        "Selling General And Administration": 28367000.0,
        "Gross Profit": 5055000.0,
        "Cost Of Revenue": 554000.0,
        "Total Revenue": 5609000.0,
        "Operating Revenue": 5609000.0
    },
    "2022-12-31": {
        "Tax Effect Of Unusual Items": 26849130.0,
        "Tax Rate For Calcs": 0.21,
        "Normalized EBITDA": -225211000.0,
        "Total Unusual Items": 127853000.0,
        "Total Unusual Items Excluding Goodwill": 127853000.0,
        "Net Income From Continuing Operation Net Minority Interest": 36526000.0,
        "Reconciled Depreciation": 1814000.0,
        "Reconciled Cost Of Revenue": 413000.0,
        "EBITDA": -97358000.0,
        "EBIT": -99172000.0,
        "Net Interest Income": 6488000.0,
        "Interest Income": 6488000.0,
        "Normalized Income": -64477870.0,
        "Net Income From Continuing And Discontinued Operation": 36526000.0,
        "Total Expenses": 103482000.0,
        "Total Operating Income As Reported": -99172000.0,
        "Diluted Average Shares": NaN,
        "Basic Average Shares": NaN,
        "Diluted EPS": NaN,
        "Basic EPS": NaN,
        "Diluted NI Availto Com Stockholders": 36526000.0,
        "Net Income Common Stockholders": 36526000.0,
        "Net Income": 36526000.0,
        "Net Income Including Noncontrolling Interests": 36526000.0,
        "Net Income Discontinuous Operations": 0.0,
        "Net Income Continuous Operations": 36526000.0,
        "Pretax Income": 36526000.0,
        "Other Income Expense": 129210000.0,
        "Other Non Operating Income Expenses": 1357000.0,
        "Special Income Charges": 127853000.0,
        "Gain On Sale Of Business": 127853000.0,
        "Net Non Operating Interest Income Expense": 6488000.0,
        "Interest Income Non Operating": 6488000.0,
        "Operating Income": -99172000.0,
        "Operating Expense": 103069000.0,
        "Research And Development": 70298000.0,
        "Selling General And Administration": 32771000.0,
        "Gross Profit": 3897000.0,
        "Cost Of Revenue": 413000.0,
        "Total Revenue": 4310000.0,
        "Operating Revenue": 4310000.0
    },
    "2022-09-30": {
        "Tax Effect Of Unusual Items": 0.0,
        "Tax Rate For Calcs": 0.0,
        "Normalized EBITDA": -93552000.0,
        "Total Unusual Items": 4443000.0,
        "Total Unusual Items Excluding Goodwill": 4443000.0,
        "Net Income From Continuing Operation Net Minority Interest": -81747000.0,
        "Reconciled Depreciation": 1981000.0,
        "Reconciled Cost Of Revenue": 517000.0,
        "EBITDA": -89109000.0,
        "EBIT": -91090000.0,
        "Net Interest Income": 3818000.0,
        "Interest Income": 3818000.0,
        "Normalized Income": -86190000.0,
        "Net Income From Continuing And Discontinued Operation": -81747000.0,
        "Total Expenses": 94606000.0,
        "Total Operating Income As Reported": -91090000.0,
        "Diluted Average Shares": 54844579.0,
        "Basic Average Shares": 54844579.0,
        "Diluted EPS": -1.49,
        "Basic EPS": -1.49,
        "Diluted NI Availto Com Stockholders": -81747000.0,
        "Net Income Common Stockholders": -81747000.0,
        "Net Income": -81747000.0,
        "Net Income Including Noncontrolling Interests": -81747000.0,
        "Net Income Discontinuous Operations": 0.0,
        "Net Income Continuous Operations": -81747000.0,
        "Pretax Income": -81747000.0,
        "Other Income Expense": 5525000.0,
        "Other Non Operating Income Expenses": 1082000.0,
        "Special Income Charges": 4443000.0,
        "Gain On Sale Of Business": 4443000.0,
        "Net Non Operating Interest Income Expense": 3818000.0,
        "Interest Income Non Operating": 3818000.0,
        "Operating Income": -91090000.0,
        "Operating Expense": 94089000.0,
        "Research And Development": 64966000.0,
        "Selling General And Administration": 29123000.0,
        "Gross Profit": 2999000.0,
        "Cost Of Revenue": 517000.0,
        "Total Revenue": 3516000.0,
        "Operating Revenue": 3516000.0
    },
    "2022-06-30": {
        "Tax Effect Of Unusual Items": 0.0,
        "Tax Rate For Calcs": 0.0,
        "Normalized EBITDA": -98053000.0,
        "Total Unusual Items": 2704000.0,
        "Total Unusual Items Excluding Goodwill": 2704000.0,
        "Net Income From Continuing Operation Net Minority Interest": -91806000.0,
        "Reconciled Depreciation": 2291000.0,
        "Reconciled Cost Of Revenue": 435000.0,
        "EBITDA": -95349000.0,
        "EBIT": -97640000.0,
        "Net Interest Income": 1793000.0,
        "Interest Income": NaN,
        "Normalized Income": -94510000.0,
        "Net Income From Continuing And Discontinued Operation": -91806000.0,
        "Total Expenses": 103222000.0,
        "Total Operating Income As Reported": -97640000.0,
        "Diluted Average Shares": 54799680.0,
        "Basic Average Shares": 54799680.0,
        "Diluted EPS": -1.68,
        "Basic EPS": -1.68,
        "Diluted NI Availto Com Stockholders": -91806000.0,
        "Net Income Common Stockholders": -91806000.0,
        "Net Income": -91806000.0,
        "Net Income Including Noncontrolling Interests": -91806000.0,
        "Net Income Discontinuous Operations": 0.0,
        "Net Income Continuous Operations": -91806000.0,
        "Pretax Income": -91806000.0,
        "Other Income Expense": 4041000.0,
        "Other Non Operating Income Expenses": 1337000.0,
        "Special Income Charges": 2704000.0,
        "Gain On Sale Of Business": 2704000.0,
        "Net Non Operating Interest Income Expense": 1793000.0,
        "Total Other Finance Cost": -1793000.0,
        "Interest Income Non Operating": NaN,
        "Operating Income": -97640000.0,
        "Operating Expense": 102787000.0,
        "Research And Development": 74523000.0,
        "Selling General And Administration": 28264000.0,
        "Gross Profit": 5147000.0,
        "Cost Of Revenue": 435000.0,
        "Total Revenue": 5582000.0,
        "Operating Revenue": 5582000.0
    },
    "2023-06-30": {
        "Tax Effect Of Unusual Items": 0.0,
        "Tax Rate For Calcs": 0.0,
        "Normalized EBITDA": -91893000.0,
        "Total Unusual Items": 0.0,
        "Total Unusual Items Excluding Goodwill": 0.0,
        "Net Income From Continuing Operation Net Minority Interest": -83806000.0,
        "Reconciled Depreciation": 1807000.0,
        "Reconciled Cost Of Revenue": 1108000.0,
        "EBITDA": -91893000.0,
        "EBIT": -93700000.0,
        "Net Interest Income": 8254000.0,
        "Interest Income": 8254000.0,
        "Normalized Income": -83806000.0,
        "Net Income From Continuing And Discontinued Operation": -83806000.0,
        "Total Expenses": 100412000.0,
        "Total Operating Income As Reported": -93700000.0,
        "Diluted Average Shares": 55604330.0,
        "Basic Average Shares": 55604330.0,
        "Diluted EPS": -1.51,
        "Basic EPS": -1.51,
        "Diluted NI Availto Com Stockholders": -83806000.0,
        "Net Income Common Stockholders": -83806000.0,
        "Net Income": -83806000.0,
        "Net Income Including Noncontrolling Interests": -83806000.0,
        "Net Income Continuous Operations": -83806000.0,
        "Pretax Income": -83806000.0,
        "Other Income Expense": 1640000.0,
        "Other Non Operating Income Expenses": 1640000.0,
        "Special Income Charges": 0.0,
        "Gain On Sale Of Business": 0.0,
        "Net Non Operating Interest Income Expense": 8254000.0,
        "Interest Income Non Operating": 8254000.0,
        "Operating Income": -93700000.0,
        "Operating Expense": 99304000.0,
        "Research And Development": 68895000.0,
        "Selling General And Administration": 30409000.0,
        "Gross Profit": 5604000.0,
        "Cost Of Revenue": 1108000.0,
        "Total Revenue": 6712000.0,
        "Operating Revenue": 6712000.0
    },
    "2022-03-31": {
        "Diluted EPS": -1.74,
        "Total Revenue": 1,
        "Gross Profit": 0,
        "Operating Income": -101,
        "EBIT": -98,
        "Net Income": -95
    },
    "2021-12-31": {
        "Diluted EPS": 2.57,
        "Total Revenue": NaN,
        "Gross Profit": NaN,
        "Operating Income": -105,
        "EBIT": -101,
        "Net Income": -95
    },
    "2021-09-30": {
        "Diluted EPS": -1.56,
        "Total Revenue": NaN,
        "Gross Profit": NaN,
        "Operating Income": -91,
        "EBIT": -87,
        "Net Income": -89
    },
    "2021-06-30": {
        "Diluted EPS": -1.41,
        "Total Revenue": NaN,
        "Gross Profit": NaN,
        "Operating Income": -91,
        "EBIT": -87,
        "Net Income": -86
    },
    "2021-03-31": {
        "Diluted EPS": 26.95,
        "Total Revenue": NaN,
        "Gross Profit": NaN,
        "Operating Income": -91,
        "EBIT": -87,
        "Net Income": NaN
    },
    "2020-12-31": {
        "Diluted EPS": -1.41,
        "Total Revenue": NaN,
        "Gross Profit": NaN,
        "Operating Income": -85,
        "EBIT": -81,
        "Net Income": -98
    },
    "2020-09-30": {
        "Diluted EPS": -1.43,
        "Total Revenue": NaN,
        "Gross Profit": NaN,
        "Operating Income": -80,
        "EBIT": -77,
        "Net Income": -99
    },
    "2020-06-30": {
        "Diluted EPS": -1.31,
        "Total Revenue": NaN,
        "Gross Profit": NaN,
        "Operating Income": -83,
        "EBIT": -81,
        "Net Income": -90
    },
    "2020-03-31": {
        "Diluted EPS": -0.59,
        "Total Revenue": NaN,
        "Gross Profit": NaN,
        "Operating Income": -87,
        "EBIT": -84,
        "Net Income": -40
    },
    "2019-12-31": {
        "Diluted EPS": -1.59,
        "Total Revenue": NaN,
        "Gross Profit": NaN,
        "Operating Income": 87,
        "EBIT": 88,
        "Net Income": -102
    },
    "2019-09-30": {
        "Diluted EPS": -1.81,
        "Total Revenue": 26,
        "Gross Profit": 26,
        "Operating Income": -109,
        "EBIT": -108,
        "Net Income": -106
    },
    "2019-06-30": {
        "Diluted EPS": -1.87,
        "Total Revenue": 26,
        "Gross Profit": 26,
        "Operating Income": -114,
        "EBIT": -113,
        "Net Income": -110
    },
    "2019-03-31": {
        "Diluted EPS": -1.59,
        "Total Revenue": 30,
        "Gross Profit": 30,
        "Operating Income": -97,
        "EBIT": -97,
        "Net Income": -93
    },
    "2018-12-31": {
        "Diluted EPS": -1.58,
        "Total Revenue": 30,
        "Gross Profit": 29,
        "Operating Income": -96,
        "EBIT": -96,
        "Net Income": -92
    },
    "2018-09-30": {
        "Diluted EPS": -1.63,
        "Total Revenue": 15,
        "Gross Profit": 15,
        "Operating Income": -99,
        "EBIT": -99,
        "Net Income": -95
    },
    "2018-06-30": {
        "Diluted EPS": -1.19,
        "Total Revenue": 40,
        "Gross Profit": 40,
        "Operating Income": -73,
        "EBIT": -72,
        "Net Income": -69
    },
    "2018-03-31": {
        "Diluted EPS": -1.63,
        "Total Revenue": 9,
        "Gross Profit": 9,
        "Operating Income": -94,
        "EBIT": -93,
        "Net Income": -91
    },
    "2017-12-31": {
        "Diluted EPS": -1.82,
        "Total Revenue": 10,
        "Gross Profit": 10,
        "Operating Income": -90,
        "EBIT": -89,
        "Net Income": -88
    },
    "2017-09-30": {
        "Diluted EPS": -1.59,
        "Total Revenue": 11,
        "Gross Profit": 11,
        "Operating Income": -79,
        "EBIT": -77,
        "Net Income": -77
    },
    "2017-06-30": {
        "Diluted EPS": -1.78,
        "Total Revenue": 11,
        "Gross Profit": 11,
        "Operating Income": -85,
        "EBIT": -83,
        "Net Income": -83
    },
    "2017-03-31": {
        "Diluted EPS": -1.56,
        "Total Revenue": 11,
        "Gross Profit": 11,
        "Operating Income": -67,
        "EBIT": -65,
        "Net Income": -66
    },
    "2016-12-31": {
        "Diluted EPS": -1.36,
        "Total Revenue": 23,
        "Gross Profit": 23,
        "Operating Income": -57,
        "EBIT": -55,
        "Net Income": -56
    },
    "2016-09-30": {
        "Diluted EPS": -1.63,
        "Total Revenue": 9,
        "Gross Profit": 9,
        "Operating Income": -64,
        "EBIT": -62,
        "Net Income": -63
    },
    "2016-06-30": {
        "Diluted EPS": -1.47,
        "Total Revenue": 7,
        "Gross Profit": 7,
        "Operating Income": -56,
        "EBIT": -55,
        "Net Income": -56
    },
    "2016-03-31": {
        "Diluted EPS": -0.61,
        "Total Revenue": 31,
        "Gross Profit": 31,
        "Operating Income": -24,
        "EBIT": -22,
        "Net Income": -23
    },
    "2015-12-31": {
        "Diluted EPS": -1.1,
        "Total Revenue": 6,
        "Gross Profit": 6,
        "Operating Income": -41,
        "EBIT": -40,
        "Net Income": -41
    },
    "2015-09-30": {
        "Diluted EPS": -1.07,
        "Total Revenue": 5,
        "Gross Profit": 5,
        "Operating Income": -40,
        "EBIT": -39,
        "Net Income": -40
    },
    "2015-06-30": {
        "Diluted EPS": -0.85,
        "Total Revenue": 13,
        "Gross Profit": 13,
        "Operating Income": -32,
        "EBIT": -31,
        "Net Income": -32
    },
    "2015-03-31": {
        "Diluted EPS": -0.13,
        "Total Revenue": 34,
        "Gross Profit": 34,
        "Operating Income": -5,
        "EBIT": -5,
        "Net Income": -5
    },
    "2014-12-31": {
        "Diluted EPS": -0.76,
        "Total Revenue": 15,
        "Gross Profit": 15,
        "Operating Income": -27,
        "EBIT": -26,
        "Net Income": -27
    },
    "2014-09-30": {
        "Diluted EPS": 0.1,
        "Total Revenue": 34,
        "Gross Profit": 34,
        "Operating Income": 3,
        "EBIT": 4,
        "Net Income": 4
    },
    "2014-06-30": {
        "Diluted EPS": -0.54,
        "Total Revenue": 8,
        "Gross Profit": 8,
        "Operating Income": -18,
        "EBIT": -18,
        "Net Income": -18
    },
    "2014-03-31": {
        "Diluted EPS": -0.39,
        "Total Revenue": 8,
        "Gross Profit": 8,
        "Operating Income": -12,
        "EBIT": -12,
        "Net Income": -12
    },
    "2013-12-31": {
        "Diluted EPS": 2.96,
        "Total Revenue": 7,
        "Gross Profit": 7,
        "Operating Income": -12,
        "EBIT": -12,
        "Net Income": -12
    },
    "2013-09-30": {
        "Diluted EPS": -0.52,
        "Total Revenue": 6,
        "Gross Profit": 6,
        "Operating Income": -11,
        "EBIT": -11,
        "Net Income": -12
    },
    "2013-06-30": {
        "Diluted EPS": -2.8,
        "Total Revenue": 6,
        "Gross Profit": 6,
        "Operating Income": -9,
        "EBIT": -8,
        "Net Income": -10
    },
    "2013-03-31": {
        "Diluted EPS": -2.47,
        "Total Revenue": 6,
        "Gross Profit": 6,
        "Operating Income": -7,
        "EBIT": -7,
        "Net Income": -9
    },
    "2012-12-31": {
        "Diluted EPS": 0.0,
        "Total Revenue": NaN,
        "Gross Profit": NaN,
        "Operating Income": NaN,
        "EBIT": NaN,
        "Net Income": NaN
    },
    "2012-09-30": {
        "Diluted EPS": -0.83,
        "Total Revenue": 6,
        "Gross Profit": 6,
        "Operating Income": -5,
        "EBIT": -5,
        "Net Income": -3
    },
    "2012-06-30": {
        "Diluted EPS": -2.18,
        "Total Revenue": 6,
        "Gross Profit": 6,
        "Operating Income": -6,
        "EBIT": -6,
        "Net Income": -7
    },
    "2011-12-31": {
        "Diluted EPS": 0.0,
        "Total Revenue": NaN,
        "Gross Profit": NaN,
        "Operating Income": NaN,
        "EBIT": NaN,
        "Net Income": NaN
    },
    "2023-09-30": {
        "Tax Effect Of Unusual Items": 0.0,
        "Tax Rate For Calcs": 0.0,
        "Normalized EBITDA": -99274000.0,
        "Total Unusual Items": 0.0,
        "Total Unusual Items Excluding Goodwill": 0.0,
        "Net Income From Continuing Operation Net Minority Interest": -91324000.0,
        "Reconciled Depreciation": 1623000.0,
        "Reconciled Cost Of Revenue": 633000.0,
        "EBITDA": -99274000.0,
        "EBIT": -100897000.0,
        "Net Interest Income": 8375000.0,
        "Interest Income": 8375000.0,
        "Normalized Income": -91324000.0,
        "Net Income From Continuing And Discontinued Operation": -91324000.0,
        "Total Expenses": 108296000.0,
        "Total Operating Income As Reported": -100897000.0,
        "Diluted Average Shares": 55803663.0,
        "Basic Average Shares": 55803663.0,
        "Diluted EPS": -1.64,
        "Basic EPS": -1.64,
        "Diluted NI Availto Com Stockholders": -91324000.0,
        "Net Income Common Stockholders": -91324000.0,
        "Net Income": -91324000.0,
        "Net Income Including Noncontrolling Interests": -91324000.0,
        "Net Income Continuous Operations": -91324000.0,
        "Pretax Income": -91324000.0,
        "Other Income Expense": 1198000.0,
        "Other Non Operating Income Expenses": 1198000.0,
        "Special Income Charges": 0.0,
        "Gain On Sale Of Business": 0.0,
        "Net Non Operating Interest Income Expense": 8375000.0,
        "Interest Income Non Operating": 8375000.0,
        "Operating Income": -100897000.0,
        "Operating Expense": 107663000.0,
        "Research And Development": 81841000.0,
        "Selling General And Administration": 25822000.0,
        "Gross Profit": 6766000.0,
        "Cost Of Revenue": 633000.0,
        "Total Revenue": 7399000.0,
        "Operating Revenue": 7399000.0
    },
    "2023-12-31": {
        "Tax Effect Of Unusual Items": 0.0,
        "Tax Rate For Calcs": 0.0,
        "Normalized EBITDA": -104874000.0,
        "Total Unusual Items": 0.0,
        "Total Unusual Items Excluding Goodwill": 0.0,
        "Net Income From Continuing Operation Net Minority Interest": -95940000.0,
        "Reconciled Depreciation": 1403000.0,
        "Reconciled Cost Of Revenue": 586000.0,
        "EBITDA": -104874000.0,
        "EBIT": -106277000.0,
        "Net Interest Income": 8624000.0,
        "Interest Income": 8624000.0,
        "Normalized Income": -95940000.0,
        "Net Income From Continuing And Discontinued Operation": -95940000.0,
        "Total Expenses": 113380000.0,
        "Total Operating Income As Reported": -106277000.0,
        "Diluted Average Shares": NaN,
        "Basic Average Shares": NaN,
        "Diluted EPS": NaN,
        "Basic EPS": NaN,
        "Diluted NI Availto Com Stockholders": -95940000.0,
        "Net Income Common Stockholders": -95940000.0,
        "Net Income": -95940000.0,
        "Net Income Including Noncontrolling Interests": -95940000.0,
        "Net Income Continuous Operations": -95940000.0,
        "Pretax Income": -95940000.0,
        "Other Income Expense": 1713000.0,
        "Other Non Operating Income Expenses": 1713000.0,
        "Special Income Charges": 0.0,
        "Gain On Sale Of Business": 0.0,
        "Net Non Operating Interest Income Expense": 8624000.0,
        "Interest Income Non Operating": 8624000.0,
        "Operating Income": -106277000.0,
        "Operating Expense": 112794000.0,
        "Research And Development": 77489000.0,
        "Selling General And Administration": 35305000.0,
        "Gross Profit": 6517000.0,
        "Cost Of Revenue": 586000.0,
        "Total Revenue": 7103000.0,
        "Operating Revenue": 7103000.0
    }
}