{
    "2023-03-31": {
        "Tax Effect Of Unusual Items": NaN,
        "Tax Rate For Calcs": NaN,
        "Normalized EBITDA": NaN,
        "Total Unusual Items": NaN,
        "Total Unusual Items Excluding Goodwill": NaN,
        "Net Income From Continuing Operation Net Minority Interest": NaN,
        "Reconciled Depreciation": NaN,
        "Reconciled Cost Of Revenue": NaN,
        "EBITDA": NaN,
        "EBIT": NaN,
        "Net Interest Income": NaN,
        "Interest Expense": NaN,
        "Normalized Income": NaN,
        "Net Income From Continuing And Discontinued Operation": NaN,
        "Total Expenses": NaN,
        "Total Operating Income As Reported": NaN,
        "Diluted Average Shares": 426586000.0,
        "Basic Average Shares": 413136000.0,
        "Diluted EPS": 0.04,
        "Basic EPS": 0.04,
        "Diluted NI Availto Com Stockholders": NaN,
        "Net Income Common Stockholders": NaN,
        "Net Income": NaN,
        "Minority Interests": NaN,
        "Net Income Including Noncontrolling Interests": NaN,
        "Net Income Discontinuous Operations": NaN,
        "Net Income Continuous Operations": NaN,
        "Tax Provision": NaN,
        "Pretax Income": NaN,
        "Other Income Expense": NaN,
        "Other Non Operating Income Expenses": NaN,
        "Special Income Charges": NaN,
        "Earnings From Equity Interest": NaN,
        "Net Non Operating Interest Income Expense": NaN,
        "Interest Expense Non Operating": NaN,
        "Operating Income": NaN,
        "Operating Expense": NaN,
        "Depreciation Amortization Depletion Income Statement": NaN,
        "Depreciation And Amortization In Income Statement": NaN,
        "Selling General And Administration": NaN,
        "General And Administrative Expense": NaN,
        "Other Gand A": NaN,
        "Salaries And Wages": NaN,
        "Gross Profit": NaN,
        "Cost Of Revenue": NaN,
        "Total Revenue": NaN,
        "Operating Revenue": NaN
    },
    "2022-12-31": {
        "Tax Effect Of Unusual Items": NaN,
        "Tax Rate For Calcs": NaN,
        "Normalized EBITDA": NaN,
        "Total Unusual Items": 0.0,
        "Total Unusual Items Excluding Goodwill": 0.0,
        "Net Income From Continuing Operation Net Minority Interest": NaN,
        "Reconciled Depreciation": NaN,
        "Reconciled Cost Of Revenue": NaN,
        "EBITDA": NaN,
        "EBIT": NaN,
        "Net Interest Income": NaN,
        "Interest Expense": NaN,
        "Normalized Income": NaN,
        "Net Income From Continuing And Discontinued Operation": NaN,
        "Total Expenses": NaN,
        "Total Operating Income As Reported": NaN,
        "Diluted Average Shares": NaN,
        "Basic Average Shares": NaN,
        "Diluted EPS": NaN,
        "Basic EPS": NaN,
        "Diluted NI Availto Com Stockholders": NaN,
        "Net Income Common Stockholders": NaN,
        "Net Income": NaN,
        "Minority Interests": NaN,
        "Net Income Including Noncontrolling Interests": NaN,
        "Net Income Discontinuous Operations": NaN,
        "Net Income Continuous Operations": NaN,
        "Tax Provision": NaN,
        "Pretax Income": NaN,
        "Other Income Expense": NaN,
        "Other Non Operating Income Expenses": NaN,
        "Special Income Charges": 0.0,
        "Other Special Charges": 0.0,
        "Earnings From Equity Interest": NaN,
        "Net Non Operating Interest Income Expense": NaN,
        "Interest Expense Non Operating": NaN,
        "Operating Income": NaN,
        "Operating Expense": NaN,
        "Depreciation Amortization Depletion Income Statement": NaN,
        "Depreciation And Amortization In Income Statement": NaN,
        "Selling General And Administration": NaN,
        "General And Administrative Expense": NaN,
        "Other Gand A": NaN,
        "Salaries And Wages": NaN,
        "Gross Profit": NaN,
        "Cost Of Revenue": NaN,
        "Total Revenue": NaN,
        "Operating Revenue": NaN
    },
    "2022-09-30": {
        "Tax Effect Of Unusual Items": NaN,
        "Tax Rate For Calcs": NaN,
        "Normalized EBITDA": NaN,
        "Total Unusual Items": 0.0,
        "Total Unusual Items Excluding Goodwill": 0.0,
        "Net Income From Continuing Operation Net Minority Interest": NaN,
        "Reconciled Depreciation": NaN,
        "Reconciled Cost Of Revenue": NaN,
        "EBITDA": NaN,
        "EBIT": NaN,
        "Net Interest Income": NaN,
        "Interest Expense": NaN,
        "Normalized Income": NaN,
        "Net Income From Continuing And Discontinued Operation": NaN,
        "Total Expenses": NaN,
        "Total Operating Income As Reported": NaN,
        "Diluted Average Shares": NaN,
        "Basic Average Shares": NaN,
        "Diluted EPS": NaN,
        "Basic EPS": NaN,
        "Diluted NI Availto Com Stockholders": NaN,
        "Net Income Common Stockholders": NaN,
        "Net Income": NaN,
        "Minority Interests": NaN,
        "Net Income Including Noncontrolling Interests": NaN,
        "Net Income Discontinuous Operations": NaN,
        "Net Income Continuous Operations": NaN,
        "Tax Provision": NaN,
        "Pretax Income": NaN,
        "Other Income Expense": NaN,
        "Other Non Operating Income Expenses": NaN,
        "Special Income Charges": 0.0,
        "Other Special Charges": NaN,
        "Earnings From Equity Interest": -4314000.0,
        "Net Non Operating Interest Income Expense": NaN,
        "Interest Expense Non Operating": NaN,
        "Operating Income": NaN,
        "Operating Expense": NaN,
        "Depreciation Amortization Depletion Income Statement": NaN,
        "Depreciation And Amortization In Income Statement": NaN,
        "Selling General And Administration": NaN,
        "General And Administrative Expense": NaN,
        "Other Gand A": NaN,
        "Salaries And Wages": 7907000.0,
        "Gross Profit": NaN,
        "Cost Of Revenue": NaN,
        "Total Revenue": NaN,
        "Operating Revenue": NaN
    },
    "2022-06-30": {
        "Tax Effect Of Unusual Items": -2183200.0,
        "Tax Rate For Calcs": 0.4,
        "Normalized EBITDA": -11013000.0,
        "Total Unusual Items": -5458000.0,
        "Total Unusual Items Excluding Goodwill": -5458000.0,
        "Net Income From Continuing Operation Net Minority Interest": -20956000.0,
        "Reconciled Depreciation": 3042000.0,
        "Reconciled Cost Of Revenue": 636220000.0,
        "EBITDA": -16471000.0,
        "EBIT": -19513000.0,
        "Net Interest Income": -945000.0,
        "Interest Expense": 945000.0,
        "Normalized Income": -17681200.0,
        "Net Income From Continuing And Discontinued Operation": -20649000.0,
        "Total Expenses": 691186000.0,
        "Total Operating Income As Reported": -21052000.0,
        "Diluted Average Shares": 407339000.0,
        "Basic Average Shares": 407339000.0,
        "Diluted EPS": -0.05,
        "Basic EPS": -0.05,
        "Diluted NI Availto Com Stockholders": -20649000.0,
        "Net Income Common Stockholders": -20649000.0,
        "Net Income": -20649000.0,
        "Minority Interests": 82000.0,
        "Net Income Including Noncontrolling Interests": -20731000.0,
        "Net Income Discontinuous Operations": 307000.0,
        "Net Income Continuous Operations": -21038000.0,
        "Tax Provision": 580000.0,
        "Pretax Income": -20458000.0,
        "Other Income Expense": 1539000.0,
        "Other Non Operating Income Expenses": 6997000.0,
        "Special Income Charges": -5458000.0,
        "Other Special Charges": 5458000.0,
        "Restructuring And Mergern Acquisition": NaN,
        "Net Non Operating Interest Income Expense": -945000.0,
        "Interest Expense Non Operating": 945000.0,
        "Operating Income": -21052000.0,
        "Operating Expense": 54966000.0,
        "Depreciation Amortization Depletion Income Statement": 3042000.0,
        "Depreciation And Amortization In Income Statement": 3042000.0,
        "Selling General And Administration": 51924000.0,
        "General And Administrative Expense": 51924000.0,
        "Other Gand A": 51924000.0,
        "Salaries And Wages": NaN,
        "Gross Profit": 33914000.0,
        "Cost Of Revenue": 636220000.0,
        "Total Revenue": 670134000.0,
        "Operating Revenue": 669184000.0
    },
    "2022-03-31": {
        "Diluted EPS": 0.0,
        "Total Revenue": 653,
        "Gross Profit": 42,
        "Operating Income": -1,
        "EBIT": 3,
        "Net Income": 1
    },
    "2021-12-31": {
        "Diluted EPS": -0.16,
        "Total Revenue": 463,
        "Gross Profit": 10,
        "Operating Income": -48,
        "EBIT": -44,
        "Net Income": -57
    },
    "2021-09-30": {
        "Diluted EPS": -0.09,
        "Total Revenue": 459,
        "Gross Profit": 15,
        "Operating Income": -36,
        "EBIT": -32,
        "Net Income": -36
    },
    "2021-06-30": {
        "Diluted EPS": -0.79,
        "Total Revenue": 499,
        "Gross Profit": 23,
        "Operating Income": -298,
        "EBIT": -295,
        "Net Income": -299
    },
    "2021-03-31": {
        "Diluted EPS": -0.05,
        "Total Revenue": 413,
        "Gross Profit": 29,
        "Operating Income": -12,
        "EBIT": -9,
        "Net Income": -15
    },
    "2020-12-31": {
        "Diluted EPS": -0.08,
        "Total Revenue": 321,
        "Gross Profit": 5,
        "Operating Income": -40,
        "EBIT": -36,
        "Net Income": -24
    },
    "2020-09-30": {
        "Diluted EPS": -0.04,
        "Total Revenue": 313,
        "Gross Profit": 25,
        "Operating Income": -10,
        "EBIT": -6,
        "Net Income": -12
    },
    "2020-06-30": {
        "Diluted EPS": -0.02,
        "Total Revenue": 294,
        "Gross Profit": 38,
        "Operating Income": -1,
        "EBIT": 2,
        "Net Income": -8
    },
    "2020-03-31": {
        "Diluted EPS": -0.05,
        "Total Revenue": 291,
        "Gross Profit": 25,
        "Operating Income": -6,
        "EBIT": -2,
        "Net Income": -16
    },
    "2019-12-31": {
        "Diluted EPS": 0.0,
        "Total Revenue": NaN,
        "Gross Profit": NaN,
        "Operating Income": NaN,
        "EBIT": NaN,
        "Net Income": NaN
    },
    "2023-06-30": {
        "Tax Effect Of Unusual Items": NaN,
        "Tax Rate For Calcs": NaN,
        "Normalized EBITDA": NaN,
        "Total Unusual Items": 0.0,
        "Total Unusual Items Excluding Goodwill": 0.0,
        "Net Income From Continuing Operation Net Minority Interest": NaN,
        "Reconciled Depreciation": NaN,
        "Reconciled Cost Of Revenue": NaN,
        "EBITDA": NaN,
        "EBIT": NaN,
        "Net Interest Income": NaN,
        "Interest Expense": NaN,
        "Normalized Income": NaN,
        "Net Income From Continuing And Discontinued Operation": NaN,
        "Total Expenses": NaN,
        "Total Operating Income As Reported": NaN,
        "Diluted Average Shares": 410338000.0,
        "Basic Average Shares": 410338000.0,
        "Diluted EPS": -0.04,
        "Basic EPS": -0.04,
        "Diluted NI Availto Com Stockholders": NaN,
        "Net Income Common Stockholders": NaN,
        "Net Income": NaN,
        "Minority Interests": NaN,
        "Net Income Including Noncontrolling Interests": NaN,
        "Net Income Discontinuous Operations": NaN,
        "Net Income Continuous Operations": NaN,
        "Tax Provision": NaN,
        "Pretax Income": NaN,
        "Other Income Expense": NaN,
        "Other Non Operating Income Expenses": NaN,
        "Special Income Charges": 0.0,
        "Earnings From Equity Interest": NaN,
        "Net Non Operating Interest Income Expense": NaN,
        "Interest Expense Non Operating": NaN,
        "Operating Income": NaN,
        "Operating Expense": NaN,
        "Depreciation Amortization Depletion Income Statement": NaN,
        "Depreciation And Amortization In Income Statement": NaN,
        "Selling General And Administration": NaN,
        "General And Administrative Expense": NaN,
        "Other Gand A": NaN,
        "Salaries And Wages": 19572000.0,
        "Gross Profit": NaN,
        "Cost Of Revenue": NaN,
        "Total Revenue": NaN,
        "Operating Revenue": NaN
    },
    "2023-09-30": {
        "Tax Effect Of Unusual Items": 0.0,
        "Tax Rate For Calcs": 0.21,
        "Normalized EBITDA": -13902000.0,
        "Total Unusual Items": 0.0,
        "Total Unusual Items Excluding Goodwill": 0.0,
        "Net Income From Continuing Operation Net Minority Interest": -21992000.0,
        "Reconciled Depreciation": 5310000.0,
        "Reconciled Cost Of Revenue": 1098789000.0,
        "EBITDA": -13902000.0,
        "EBIT": -19212000.0,
        "Net Interest Income": -1617000.0,
        "Interest Expense": 1617000.0,
        "Normalized Income": -21992000.0,
        "Net Income From Continuing And Discontinued Operation": -31436000.0,
        "Total Expenses": 1176157000.0,
        "Total Operating Income As Reported": -39294000.0,
        "Diluted Average Shares": 405787000.0,
        "Basic Average Shares": 405787000.0,
        "Diluted EPS": -0.08,
        "Basic EPS": -0.08,
        "Diluted NI Availto Com Stockholders": -31436000.0,
        "Net Income Common Stockholders": -31436000.0,
        "Net Income": -31436000.0,
        "Minority Interests": 47000.0,
        "Net Income Including Noncontrolling Interests": -31483000.0,
        "Net Income Discontinuous Operations": -9444000.0,
        "Net Income Continuous Operations": -22039000.0,
        "Tax Provision": 1210000.0,
        "Pretax Income": -20829000.0,
        "Other Income Expense": 20082000.0,
        "Other Non Operating Income Expenses": 5423000.0,
        "Special Income Charges": 0.0,
        "Earnings From Equity Interest": 14659000.0,
        "Net Non Operating Interest Income Expense": -1617000.0,
        "Interest Expense Non Operating": 1617000.0,
        "Operating Income": -39294000.0,
        "Operating Expense": 76133000.0,
        "Depreciation Amortization Depletion Income Statement": 4075000.0,
        "Depreciation And Amortization In Income Statement": 4075000.0,
        "Selling General And Administration": 72058000.0,
        "General And Administrative Expense": 72058000.0,
        "Other Gand A": 72058000.0,
        "Salaries And Wages": 20736000.0,
        "Gross Profit": 36839000.0,
        "Cost Of Revenue": 1100024000.0,
        "Total Revenue": 1136863000.0,
        "Operating Revenue": 1133457000.0
    },
    "2023-12-31": {
        "Tax Effect Of Unusual Items": 0.0,
        "Tax Rate For Calcs": 0.21,
        "Normalized EBITDA": -155634000.0,
        "Total Unusual Items": 0.0,
        "Total Unusual Items Excluding Goodwill": 0.0,
        "Net Income From Continuing Operation Net Minority Interest": -162883000.0,
        "Reconciled Depreciation": 5147000.0,
        "Reconciled Cost Of Revenue": 906682000.0,
        "EBITDA": -155634000.0,
        "EBIT": -160781000.0,
        "Net Interest Income": -1886000.0,
        "Interest Expense": 1886000.0,
        "Normalized Income": -162883000.0,
        "Net Income From Continuing And Discontinued Operation": -230433000.0,
        "Total Expenses": 975106000.0,
        "Total Operating Income As Reported": -159602000.0,
        "Diluted Average Shares": NaN,
        "Basic Average Shares": NaN,
        "Diluted EPS": NaN,
        "Basic EPS": NaN,
        "Diluted NI Availto Com Stockholders": -230433000.0,
        "Net Income Common Stockholders": -230433000.0,
        "Net Income": -230433000.0,
        "Minority Interests": 51000.0,
        "Net Income Including Noncontrolling Interests": -230484000.0,
        "Net Income Discontinuous Operations": -67550000.0,
        "Net Income Continuous Operations": -162934000.0,
        "Tax Provision": 267000.0,
        "Pretax Income": -162667000.0,
        "Other Income Expense": -1179000.0,
        "Other Non Operating Income Expenses": 6839000.0,
        "Special Income Charges": 0.0,
        "Earnings From Equity Interest": -8018000.0,
        "Net Non Operating Interest Income Expense": -1886000.0,
        "Interest Expense Non Operating": 1886000.0,
        "Operating Income": -159602000.0,
        "Operating Expense": 64306000.0,
        "Depreciation Amortization Depletion Income Statement": 1029000.0,
        "Depreciation And Amortization In Income Statement": 1029000.0,
        "Selling General And Administration": 63277000.0,
        "General And Administrative Expense": 63277000.0,
        "Other Gand A": 117257000.0,
        "Salaries And Wages": NaN,
        "Gross Profit": -95296000.0,
        "Cost Of Revenue": 910800000.0,
        "Total Revenue": 815504000.0,
        "Operating Revenue": 813344000.0
    },
    "2024-03-31": {
        "Tax Effect Of Unusual Items": 0.0,
        "Tax Rate For Calcs": 0.21,
        "Normalized EBITDA": 10242000.0,
        "Total Unusual Items": NaN,
        "Total Unusual Items Excluding Goodwill": NaN,
        "Net Income From Continuing Operation Net Minority Interest": 3217000.0,
        "Reconciled Depreciation": 5844000.0,
        "Reconciled Cost Of Revenue": 1529266000.0,
        "EBITDA": 10242000.0,
        "EBIT": 4398000.0,
        "Net Interest Income": -1284000.0,
        "Interest Expense": 1284000.0,
        "Normalized Income": 3217000.0,
        "Net Income From Continuing And Discontinued Operation": -6064000.0,
        "Total Expenses": 1611532000.0,
        "Total Operating Income As Reported": -7178000.0,
        "Diluted Average Shares": 413437000.0,
        "Basic Average Shares": 408938000.0,
        "Diluted EPS": -0.01,
        "Basic EPS": -0.01,
        "Diluted NI Availto Com Stockholders": -6064000.0,
        "Net Income Common Stockholders": -6064000.0,
        "Net Income": -6064000.0,
        "Minority Interests": -30000.0,
        "Net Income Including Noncontrolling Interests": -6034000.0,
        "Net Income Discontinuous Operations": -9281000.0,
        "Net Income Continuous Operations": 3247000.0,
        "Tax Provision": -133000.0,
        "Pretax Income": 3114000.0,
        "Other Income Expense": 11576000.0,
        "Other Non Operating Income Expenses": 5892000.0,
        "Special Income Charges": NaN,
        "Earnings From Equity Interest": 5684000.0,
        "Net Non Operating Interest Income Expense": -1284000.0,
        "Interest Expense Non Operating": 1284000.0,
        "Operating Income": -7178000.0,
        "Operating Expense": 82266000.0,
        "Depreciation Amortization Depletion Income Statement": 5844000.0,
        "Depreciation And Amortization In Income Statement": 5844000.0,
        "Selling General And Administration": 76422000.0,
        "General And Administrative Expense": 76422000.0,
        "Other Gand A": 76422000.0,
        "Salaries And Wages": NaN,
        "Gross Profit": 75088000.0,
        "Cost Of Revenue": 1529266000.0,
        "Total Revenue": 1604354000.0,
        "Operating Revenue": 1601195000.0
    },
    "2024-06-30": {
        "Tax Effect Of Unusual Items": 0.0,
        "Tax Rate For Calcs": 0.21,
        "Normalized EBITDA": -22641000.0,
        "Total Unusual Items": NaN,
        "Total Unusual Items Excluding Goodwill": NaN,
        "Net Income From Continuing Operation Net Minority Interest": -30682000.0,
        "Reconciled Depreciation": 5907000.0,
        "Reconciled Cost Of Revenue": 1450583000.0,
        "EBITDA": -22641000.0,
        "EBIT": -28548000.0,
        "Net Interest Income": -1697000.0,
        "Interest Expense": 1697000.0,
        "Normalized Income": -30682000.0,
        "Net Income From Continuing And Discontinued Operation": -30682000.0,
        "Total Expenses": 1526102000.0,
        "Total Operating Income As Reported": -43344000.0,
        "Diluted Average Shares": 411271000.0,
        "Basic Average Shares": 411271000.0,
        "Diluted EPS": -0.07,
        "Basic EPS": -0.07,
        "Diluted NI Availto Com Stockholders": -30682000.0,
        "Net Income Common Stockholders": -30682000.0,
        "Net Income": -30682000.0,
        "Minority Interests": -20000.0,
        "Net Income Including Noncontrolling Interests": -30662000.0,
        "Net Income Discontinuous Operations": 0.0,
        "Net Income Continuous Operations": -30662000.0,
        "Tax Provision": 417000.0,
        "Pretax Income": -30245000.0,
        "Other Income Expense": 14796000.0,
        "Other Non Operating Income Expenses": 4841000.0,
        "Special Income Charges": NaN,
        "Earnings From Equity Interest": 9955000.0,
        "Net Non Operating Interest Income Expense": -1697000.0,
        "Interest Expense Non Operating": 1697000.0,
        "Operating Income": -43344000.0,
        "Operating Expense": 75519000.0,
        "Depreciation Amortization Depletion Income Statement": 5907000.0,
        "Depreciation And Amortization In Income Statement": 5907000.0,
        "Selling General And Administration": 69612000.0,
        "General And Administrative Expense": 69612000.0,
        "Other Gand A": 69612000.0,
        "Salaries And Wages": NaN,
        "Gross Profit": 32175000.0,
        "Cost Of Revenue": 1450583000.0,
        "Total Revenue": 1482758000.0,
        "Operating Revenue": 1479579000.0
    },
    "2024-09-30": {
        "Tax Effect Of Unusual Items": 0.0,
        "Tax Rate For Calcs": 0.005042,
        "Normalized EBITDA": -109182000.0,
        "Total Unusual Items": NaN,
        "Total Unusual Items Excluding Goodwill": NaN,
        "Net Income From Continuing Operation Net Minority Interest": -116432000.0,
        "Reconciled Depreciation": 6218000.0,
        "Reconciled Cost Of Revenue": 1515099000.0,
        "EBITDA": -109182000.0,
        "EBIT": -115400000.0,
        "Net Interest Income": -1622000.0,
        "Interest Expense": 1622000.0,
        "Normalized Income": -116432000.0,
        "Net Income From Continuing And Discontinued Operation": -117615000.0,
        "Total Expenses": 1584440000.0,
        "Total Operating Income As Reported": -133508000.0,
        "Diluted Average Shares": 411591000.0,
        "Basic Average Shares": 411591000.0,
        "Diluted EPS": -0.29,
        "Basic EPS": -0.29,
        "Diluted NI Availto Com Stockholders": -117615000.0,
        "Net Income Common Stockholders": -117615000.0,
        "Net Income": -117615000.0,
        "Minority Interests": 0.0,
        "Net Income Including Noncontrolling Interests": -117615000.0,
        "Net Income Discontinuous Operations": -1183000.0,
        "Net Income Continuous Operations": -116432000.0,
        "Tax Provision": -590000.0,
        "Pretax Income": -117022000.0,
        "Other Income Expense": 18108000.0,
        "Other Non Operating Income Expenses": 16061000.0,
        "Special Income Charges": NaN,
        "Earnings From Equity Interest": 2047000.0,
        "Net Non Operating Interest Income Expense": -1622000.0,
        "Interest Expense Non Operating": 1622000.0,
        "Operating Income": -133508000.0,
        "Operating Expense": 69341000.0,
        "Depreciation Amortization Depletion Income Statement": 6218000.0,
        "Depreciation And Amortization In Income Statement": 6218000.0,
        "Selling General And Administration": 63123000.0,
        "General And Administrative Expense": 63123000.0,
        "Other Gand A": 63123000.0,
        "Salaries And Wages": NaN,
        "Gross Profit": -64167000.0,
        "Cost Of Revenue": 1515099000.0,
        "Total Revenue": 1450932000.0,
        "Operating Revenue": 1447697000.0
    }
}