{
    "2023-03-31": {
        "Tax Effect Of Unusual Items": 0.0,
        "Tax Rate For Calcs": 0.218,
        "Net Income From Continuing Operation Net Minority Interest": 47035000.0,
        "Net Interest Income": 79058000.0,
        "Interest Expense": 236214000.0,
        "Interest Income": 315272000.0,
        "Normalized Income": 47035000.0,
        "Net Income From Continuing And Discontinued Operation": 47035000.0,
        "Diluted Average Shares": 10918000.0,
        "Basic Average Shares": 10802000.0,
        "Diluted EPS": 3.69,
        "Basic EPS": 3.73,
        "Diluted NI Availto Com Stockholders": 40244000.0,
        "Average Dilution Earnings": NaN,
        "Net Income Common Stockholders": 40244000.0,
        "Preferred Stock Dividends": 6791000.0,
        "Net Income": 47035000.0,
        "Net Income Including Noncontrolling Interests": 47035000.0,
        "Net Income Continuous Operations": 47035000.0,
        "Tax Provision": 13118000.0,
        "Pretax Income": 60153000.0,
        "Gain On Sale Of Security": 424000.0,
        "Selling General And Administration": 22878000.0,
        "General And Administrative Expense": 22878000.0,
        "Other Gand A": 7527000.0,
        "Salaries And Wages": 15351000.0,
        "Total Revenue": 84616000.0,
        "Operating Revenue": 84616000.0
    },
    "2022-12-31": {
        "Tax Effect Of Unusual Items": 0.0,
        "Tax Rate For Calcs": 0.213698,
        "Net Income From Continuing Operation Net Minority Interest": 43418000.0,
        "Net Interest Income": 73635000.0,
        "Interest Expense": 194092000.0,
        "Interest Income": 267727000.0,
        "Normalized Income": 43418000.0,
        "Net Income From Continuing And Discontinued Operation": 43418000.0,
        "Diluted Average Shares": 10894000.0,
        "Basic Average Shares": 10801000.0,
        "Diluted EPS": 3.36,
        "Basic EPS": 3.39,
        "Diluted NI Availto Com Stockholders": 36627000.0,
        "Average Dilution Earnings": NaN,
        "Net Income Common Stockholders": 36627000.0,
        "Preferred Stock Dividends": 6791000.0,
        "Net Income": 43418000.0,
        "Net Income Including Noncontrolling Interests": 43418000.0,
        "Net Income Continuous Operations": 43418000.0,
        "Tax Provision": 11800000.0,
        "Pretax Income": 55218000.0,
        "Gain On Sale Of Security": 1104000.0,
        "Selling General And Administration": 20160000.0,
        "General And Administrative Expense": 20160000.0,
        "Other Gand A": 8055000.0,
        "Salaries And Wages": 12105000.0,
        "Total Revenue": 78627000.0,
        "Operating Revenue": 78627000.0
    },
    "2022-09-30": {
        "Tax Effect Of Unusual Items": 0.0,
        "Tax Rate For Calcs": 0.20425,
        "Net Income From Continuing Operation Net Minority Interest": 41418000.0,
        "Reconciled Depreciation": 80000.0,
        "Net Interest Income": 67853000.0,
        "Interest Expense": 125937000.0,
        "Interest Income": 193790000.0,
        "Normalized Income": 41418000.0,
        "Net Income From Continuing And Discontinued Operation": 41418000.0,
        "Diluted Average Shares": 10874000.0,
        "Basic Average Shares": 10799000.0,
        "Diluted EPS": 3.18,
        "Basic EPS": 3.21,
        "Diluted NI Availto Com Stockholders": 34627000.0,
        "Average Dilution Earnings": 0.0,
        "Net Income Common Stockholders": 34627000.0,
        "Preferred Stock Dividends": 6791000.0,
        "Net Income": 41418000.0,
        "Net Income Including Noncontrolling Interests": 41418000.0,
        "Net Income Continuous Operations": 41418000.0,
        "Tax Provision": 10631000.0,
        "Pretax Income": 52049000.0,
        "Gain On Sale Of Security": 731000.0,
        "Depreciation Amortization Depletion Income Statement": 80000.0,
        "Depreciation And Amortization In Income Statement": 80000.0,
        "Amortization": 80000.0,
        "Amortization Of Intangibles Income Statement": 80000.0,
        "Selling General And Administration": 18567000.0,
        "General And Administrative Expense": 18567000.0,
        "Other Gand A": 6919000.0,
        "Salaries And Wages": 11648000.0,
        "Total Revenue": 71878000.0,
        "Operating Revenue": 71878000.0
    },
    "2022-06-30": {
        "Tax Effect Of Unusual Items": 0.0,
        "Tax Rate For Calcs": 0.209,
        "Net Income From Continuing Operation Net Minority Interest": 45896000.0,
        "Reconciled Depreciation": 136000.0,
        "Net Interest Income": 69402000.0,
        "Interest Expense": 75534000.0,
        "Interest Income": 144936000.0,
        "Normalized Income": 45896000.0,
        "Net Income From Continuing And Discontinued Operation": 45896000.0,
        "Diluted Average Shares": 10864000.0,
        "Basic Average Shares": 10796000.0,
        "Diluted EPS": 3.23,
        "Basic EPS": 3.25,
        "Diluted NI Availto Com Stockholders": 39104000.0,
        "Average Dilution Earnings": NaN,
        "Net Income Common Stockholders": 39104000.0,
        "Preferred Stock Dividends": 6792000.0,
        "Net Income": 45896000.0,
        "Net Income Including Noncontrolling Interests": 45896000.0,
        "Net Income Continuous Operations": 45896000.0,
        "Tax Provision": 12132000.0,
        "Pretax Income": 58028000.0,
        "Gain On Sale Of Security": 3447000.0,
        "Depreciation Amortization Depletion Income Statement": 136000.0,
        "Depreciation And Amortization In Income Statement": 136000.0,
        "Amortization": 136000.0,
        "Amortization Of Intangibles Income Statement": 136000.0,
        "Selling General And Administration": 19235000.0,
        "General And Administrative Expense": 19235000.0,
        "Other Gand A": 7520000.0,
        "Salaries And Wages": 11715000.0,
        "Total Revenue": 76677000.0,
        "Operating Revenue": 76677000.0
    },
    "2022-03-31": {
        "Diluted EPS": 4.1,
        "Total Revenue": 137,
        "Gross Profit": 87,
        "Operating Income": 65,
        "EBIT": NaN,
        "Net Income": 45
    },
    "2021-12-31": {
        "Diluted EPS": 2.71,
        "Total Revenue": 114,
        "Gross Profit": 65,
        "Operating Income": 46,
        "EBIT": NaN,
        "Net Income": 29
    },
    "2021-09-30": {
        "Diluted EPS": 2.63,
        "Total Revenue": 112,
        "Gross Profit": 62,
        "Operating Income": 45,
        "EBIT": NaN,
        "Net Income": 29
    },
    "2021-06-30": {
        "Diluted EPS": 2.35,
        "Total Revenue": 108,
        "Gross Profit": 56,
        "Operating Income": 40,
        "EBIT": NaN,
        "Net Income": 25
    },
    "2021-03-31": {
        "Diluted EPS": 2.58,
        "Total Revenue": 116,
        "Gross Profit": 62,
        "Operating Income": 42,
        "EBIT": NaN,
        "Net Income": 28
    },
    "2020-12-31": {
        "Diluted EPS": 3.26,
        "Total Revenue": 132,
        "Gross Profit": 71,
        "Operating Income": 51,
        "EBIT": NaN,
        "Net Income": 35
    },
    "2020-09-30": {
        "Diluted EPS": 1.73,
        "Total Revenue": 111,
        "Gross Profit": 47,
        "Operating Income": 32,
        "EBIT": NaN,
        "Net Income": 19
    },
    "2020-06-30": {
        "Diluted EPS": 2.94,
        "Total Revenue": 139,
        "Gross Profit": 60,
        "Operating Income": 45,
        "EBIT": NaN,
        "Net Income": 32
    },
    "2020-03-31": {
        "Diluted EPS": 0.87,
        "Total Revenue": 145,
        "Gross Profit": 36,
        "Operating Income": 17,
        "EBIT": NaN,
        "Net Income": 9
    },
    "2019-12-31": {
        "Diluted EPS": 2.7,
        "Total Revenue": 170,
        "Gross Profit": 57,
        "Operating Income": 41,
        "EBIT": NaN,
        "Net Income": 29
    },
    "2019-09-30": {
        "Diluted EPS": 1.33,
        "Total Revenue": 158,
        "Gross Profit": 37,
        "Operating Income": 22,
        "EBIT": NaN,
        "Net Income": 14
    },
    "2019-06-30": {
        "Diluted EPS": 2.63,
        "Total Revenue": 178,
        "Gross Profit": 56,
        "Operating Income": 43,
        "EBIT": NaN,
        "Net Income": 28
    },
    "2019-03-31": {
        "Diluted EPS": 2.03,
        "Total Revenue": 159,
        "Gross Profit": 44,
        "Operating Income": 32,
        "EBIT": NaN,
        "Net Income": 22
    },
    "2018-12-31": {
        "Diluted EPS": 1.82,
        "Total Revenue": 147,
        "Gross Profit": 43,
        "Operating Income": 29,
        "EBIT": NaN,
        "Net Income": 20
    },
    "2018-09-30": {
        "Diluted EPS": 2.46,
        "Total Revenue": 147,
        "Gross Profit": 49,
        "Operating Income": 38,
        "EBIT": NaN,
        "Net Income": 26
    },
    "2018-06-30": {
        "Diluted EPS": 2.45,
        "Total Revenue": 142,
        "Gross Profit": 50,
        "Operating Income": 37,
        "EBIT": NaN,
        "Net Income": 26
    },
    "2018-03-31": {
        "Diluted EPS": 2.1,
        "Total Revenue": 120,
        "Gross Profit": 43,
        "Operating Income": 32,
        "EBIT": NaN,
        "Net Income": 23
    },
    "2017-12-31": {
        "Diluted EPS": 1.54,
        "Total Revenue": 114,
        "Gross Profit": 44,
        "Operating Income": 33,
        "EBIT": NaN,
        "Net Income": 17
    },
    "2017-09-30": {
        "Diluted EPS": 1.71,
        "Total Revenue": 109,
        "Gross Profit": 44,
        "Operating Income": 33,
        "EBIT": NaN,
        "Net Income": 18
    },
    "2017-06-30": {
        "Diluted EPS": 1.62,
        "Total Revenue": 102,
        "Gross Profit": 43,
        "Operating Income": 32,
        "EBIT": NaN,
        "Net Income": 17
    },
    "2017-03-31": {
        "Diluted EPS": 1.73,
        "Total Revenue": 93,
        "Gross Profit": 44,
        "Operating Income": 32,
        "EBIT": NaN,
        "Net Income": 19
    },
    "2016-12-31": {
        "Diluted EPS": 2.36,
        "Total Revenue": 101,
        "Gross Profit": 56,
        "Operating Income": 45,
        "EBIT": NaN,
        "Net Income": 25
    },
    "2016-09-30": {
        "Diluted EPS": 1.54,
        "Total Revenue": 84,
        "Gross Profit": 40,
        "Operating Income": 30,
        "EBIT": NaN,
        "Net Income": 16
    },
    "2016-06-30": {
        "Diluted EPS": 1.13,
        "Total Revenue": 77,
        "Gross Profit": 34,
        "Operating Income": 24,
        "EBIT": NaN,
        "Net Income": 12
    },
    "2016-03-31": {
        "Diluted EPS": 0.94,
        "Total Revenue": 71,
        "Gross Profit": 31,
        "Operating Income": 21,
        "EBIT": NaN,
        "Net Income": 10
    },
    "2015-12-31": {
        "Diluted EPS": 1.35,
        "Total Revenue": 74,
        "Gross Profit": 37,
        "Operating Income": 25,
        "EBIT": NaN,
        "Net Income": 15
    },
    "2015-09-30": {
        "Diluted EPS": 0.74,
        "Total Revenue": 62,
        "Gross Profit": 27,
        "Operating Income": 19,
        "EBIT": NaN,
        "Net Income": 8
    },
    "2015-06-30": {
        "Diluted EPS": 1.94,
        "Total Revenue": 85,
        "Gross Profit": 50,
        "Operating Income": 40,
        "EBIT": NaN,
        "Net Income": 22
    },
    "2015-03-31": {
        "Diluted EPS": 0.16,
        "Total Revenue": 64,
        "Gross Profit": 31,
        "Operating Income": 22,
        "EBIT": NaN,
        "Net Income": 2
    },
    "2014-12-31": {
        "Diluted EPS": 0.5,
        "Total Revenue": 70,
        "Gross Profit": 25,
        "Operating Income": 17,
        "EBIT": NaN,
        "Net Income": 6
    },
    "2014-09-30": {
        "Diluted EPS": 1.02,
        "Total Revenue": 84,
        "Gross Profit": 35,
        "Operating Income": 27,
        "EBIT": NaN,
        "Net Income": 12
    },
    "2014-06-30": {
        "Diluted EPS": 1.78,
        "Total Revenue": 71,
        "Gross Profit": 28,
        "Operating Income": 21,
        "EBIT": NaN,
        "Net Income": 20
    },
    "2014-03-31": {
        "Diluted EPS": 0.07,
        "Total Revenue": 49,
        "Gross Profit": 15,
        "Operating Income": 6,
        "EBIT": NaN,
        "Net Income": 1
    },
    "2013-12-31": {
        "Diluted EPS": 1.11,
        "Total Revenue": 66,
        "Gross Profit": 30,
        "Operating Income": 23,
        "EBIT": NaN,
        "Net Income": 12
    },
    "2013-09-30": {
        "Diluted EPS": 1.37,
        "Total Revenue": 73,
        "Gross Profit": 38,
        "Operating Income": 31,
        "EBIT": NaN,
        "Net Income": 15
    },
    "2013-06-30": {
        "Diluted EPS": 2.48,
        "Total Revenue": 88,
        "Gross Profit": 55,
        "Operating Income": 47,
        "EBIT": NaN,
        "Net Income": 28
    },
    "2013-03-31": {
        "Diluted EPS": 1.45,
        "Total Revenue": 74,
        "Gross Profit": 41,
        "Operating Income": 32,
        "EBIT": NaN,
        "Net Income": 16
    },
    "2012-12-31": {
        "Diluted EPS": 0.86,
        "Total Revenue": 65,
        "Gross Profit": 31,
        "Operating Income": 18,
        "EBIT": NaN,
        "Net Income": 10
    },
    "2012-09-30": {
        "Diluted EPS": 1.49,
        "Total Revenue": 72,
        "Gross Profit": 39,
        "Operating Income": 31,
        "EBIT": NaN,
        "Net Income": 16
    },
    "2012-06-30": {
        "Diluted EPS": -0.41,
        "Total Revenue": 44,
        "Gross Profit": 7,
        "Operating Income": 1,
        "EBIT": NaN,
        "Net Income": -4
    },
    "2012-03-31": {
        "Diluted EPS": 2.04,
        "Total Revenue": 87,
        "Gross Profit": 48,
        "Operating Income": 40,
        "EBIT": NaN,
        "Net Income": 22
    },
    "2011-12-31": {
        "Diluted EPS": 1.3,
        "Total Revenue": 73,
        "Gross Profit": 34,
        "Operating Income": 28,
        "EBIT": NaN,
        "Net Income": 13
    },
    "2011-09-30": {
        "Diluted EPS": -2.22,
        "Total Revenue": 16,
        "Gross Profit": -24,
        "Operating Income": -31,
        "EBIT": NaN,
        "Net Income": -23
    },
    "2011-06-30": {
        "Diluted EPS": 0.48,
        "Total Revenue": 59,
        "Gross Profit": 21,
        "Operating Income": 13,
        "EBIT": NaN,
        "Net Income": 5
    },
    "2011-03-31": {
        "Diluted EPS": 1.72,
        "Total Revenue": 79,
        "Gross Profit": 42,
        "Operating Income": 32,
        "EBIT": NaN,
        "Net Income": 18
    },
    "2010-12-31": {
        "Diluted EPS": 1.18,
        "Total Revenue": 73,
        "Gross Profit": 37,
        "Operating Income": 27,
        "EBIT": NaN,
        "Net Income": 12
    },
    "2010-09-30": {
        "Diluted EPS": 0.56,
        "Total Revenue": 55,
        "Gross Profit": 22,
        "Operating Income": 13,
        "EBIT": NaN,
        "Net Income": 6
    },
    "2010-06-30": {
        "Diluted EPS": 0.17,
        "Total Revenue": 53,
        "Gross Profit": 17,
        "Operating Income": 12,
        "EBIT": NaN,
        "Net Income": 2
    },
    "2010-03-31": {
        "Diluted EPS": 0.17,
        "Total Revenue": 63,
        "Gross Profit": 26,
        "Operating Income": 16,
        "EBIT": NaN,
        "Net Income": 2
    },
    "2009-12-31": {
        "Diluted EPS": 0.5,
        "Total Revenue": 46,
        "Gross Profit": 24,
        "Operating Income": 15,
        "EBIT": NaN,
        "Net Income": 5
    },
    "2009-09-30": {
        "Diluted EPS": 1.74,
        "Total Revenue": 68,
        "Gross Profit": 45,
        "Operating Income": 35,
        "EBIT": NaN,
        "Net Income": 18
    },
    "2009-06-30": {
        "Diluted EPS": 2.49,
        "Total Revenue": 69,
        "Gross Profit": 47,
        "Operating Income": 46,
        "EBIT": NaN,
        "Net Income": 25
    },
    "2009-03-31": {
        "Diluted EPS": 3.31,
        "Total Revenue": 93,
        "Gross Profit": 69,
        "Operating Income": 58,
        "EBIT": NaN,
        "Net Income": 34
    },
    "2023-06-30": {
        "Tax Effect Of Unusual Items": 0.0,
        "Tax Rate For Calcs": 0.204,
        "Net Income From Continuing Operation Net Minority Interest": 47212000.0,
        "Net Interest Income": 78677000.0,
        "Interest Expense": 265155000.0,
        "Interest Income": 343832000.0,
        "Normalized Income": 47212000.0,
        "Net Income From Continuing And Discontinued Operation": 47212000.0,
        "Diluted Average Shares": 10916000.0,
        "Basic Average Shares": 10833000.0,
        "Diluted EPS": 3.7,
        "Basic EPS": 3.73,
        "Diluted NI Availto Com Stockholders": 40421000.0,
        "Average Dilution Earnings": NaN,
        "Net Income Common Stockholders": 40421000.0,
        "Preferred Stock Dividends": 6791000.0,
        "Net Income": 47212000.0,
        "Net Income Including Noncontrolling Interests": 47212000.0,
        "Net Income Continuous Operations": 47212000.0,
        "Tax Provision": 12075000.0,
        "Pretax Income": 59287000.0,
        "Gain On Sale Of Security": 1684000.0,
        "Selling General And Administration": 23357000.0,
        "General And Administrative Expense": 23357000.0,
        "Other Gand A": 9420000.0,
        "Salaries And Wages": 13937000.0,
        "Total Revenue": 84617000.0,
        "Operating Revenue": 84617000.0
    },
    "2023-09-30": {
        "Tax Effect Of Unusual Items": 0.0,
        "Tax Rate For Calcs": 0.206,
        "Net Income From Continuing Operation Net Minority Interest": 58137000.0,
        "Net Interest Income": 87643000.0,
        "Interest Expense": 294168000.0,
        "Interest Income": 381811000.0,
        "Normalized Income": 58137000.0,
        "Net Income From Continuing And Discontinued Operation": 58137000.0,
        "Diluted Average Shares": 10938000.0,
        "Basic Average Shares": 10839000.0,
        "Diluted EPS": 4.69,
        "Basic EPS": 4.74,
        "Diluted NI Availto Com Stockholders": 51345000.0,
        "Average Dilution Earnings": 0.0,
        "Net Income Common Stockholders": 51345000.0,
        "Preferred Stock Dividends": 6792000.0,
        "Net Income": 58137000.0,
        "Net Income Including Noncontrolling Interests": 58137000.0,
        "Net Income Continuous Operations": 58137000.0,
        "Tax Provision": 15113000.0,
        "Pretax Income": 73250000.0,
        "Gain On Sale Of Security": 2669000.0,
        "Selling General And Administration": 23203000.0,
        "General And Administrative Expense": 23203000.0,
        "Other Gand A": 9100000.0,
        "Salaries And Wages": 14103000.0,
        "Total Revenue": 97103000.0,
        "Operating Revenue": 97103000.0
    }
}