{
    "2023-03-31": {
        "Tax Effect Of Unusual Items": NaN,
        "Tax Rate For Calcs": NaN,
        "Total Unusual Items": NaN,
        "Total Unusual Items Excluding Goodwill": NaN,
        "Net Income From Continuing Operation Net Minority Interest": NaN,
        "EBIT": NaN,
        "Net Interest Income": NaN,
        "Interest Expense": NaN,
        "Normalized Income": NaN,
        "Net Income From Continuing And Discontinued Operation": NaN,
        "Total Expenses": NaN,
        "Diluted Average Shares": 60400000.0,
        "Basic Average Shares": 59274112.0,
        "Diluted EPS": 1.34,
        "Basic EPS": 1.366532,
        "Diluted NI Availto Com Stockholders": NaN,
        "Average Dilution Earnings": NaN,
        "Net Income Common Stockholders": NaN,
        "Otherunder Preferred Stock Dividend": NaN,
        "Net Income": NaN,
        "Minority Interests": NaN,
        "Net Income Including Noncontrolling Interests": NaN,
        "Net Income Continuous Operations": NaN,
        "Tax Provision": NaN,
        "Pretax Income": NaN,
        "Other Income Expense": NaN,
        "Special Income Charges": NaN,
        "Other Special Charges": NaN,
        "Net Non Operating Interest Income Expense": NaN,
        "Interest Expense Non Operating": NaN,
        "Other Operating Expenses": NaN,
        "Selling General And Administration": NaN,
        "General And Administrative Expense": NaN,
        "Salaries And Wages": NaN,
        "Total Revenue": NaN,
        "Operating Revenue": NaN,
        "Loss Adjustment Expense": NaN,
        "Net Policyholder Benefits And Claims": NaN
    },
    "2022-12-31": {
        "Tax Effect Of Unusual Items": NaN,
        "Tax Rate For Calcs": NaN,
        "Total Unusual Items": 0.0,
        "Total Unusual Items Excluding Goodwill": 0.0,
        "Net Income From Continuing Operation Net Minority Interest": NaN,
        "EBIT": NaN,
        "Net Interest Income": NaN,
        "Interest Expense": NaN,
        "Normalized Income": NaN,
        "Net Income From Continuing And Discontinued Operation": NaN,
        "Total Expenses": NaN,
        "Diluted Average Shares": NaN,
        "Basic Average Shares": NaN,
        "Diluted EPS": NaN,
        "Basic EPS": NaN,
        "Diluted NI Availto Com Stockholders": NaN,
        "Average Dilution Earnings": NaN,
        "Net Income Common Stockholders": NaN,
        "Otherunder Preferred Stock Dividend": NaN,
        "Net Income": NaN,
        "Minority Interests": NaN,
        "Net Income Including Noncontrolling Interests": NaN,
        "Net Income Continuous Operations": NaN,
        "Tax Provision": NaN,
        "Pretax Income": NaN,
        "Other Income Expense": NaN,
        "Special Income Charges": 0.0,
        "Other Special Charges": NaN,
        "Net Non Operating Interest Income Expense": NaN,
        "Interest Expense Non Operating": NaN,
        "Other Operating Expenses": NaN,
        "Selling General And Administration": NaN,
        "General And Administrative Expense": NaN,
        "Salaries And Wages": NaN,
        "Total Revenue": NaN,
        "Operating Revenue": NaN,
        "Loss Adjustment Expense": NaN,
        "Net Policyholder Benefits And Claims": NaN
    },
    "2022-09-30": {
        "Tax Effect Of Unusual Items": NaN,
        "Tax Rate For Calcs": NaN,
        "Total Unusual Items": 0.0,
        "Total Unusual Items Excluding Goodwill": 0.0,
        "Net Income From Continuing Operation Net Minority Interest": NaN,
        "EBIT": NaN,
        "Net Interest Income": NaN,
        "Interest Expense": NaN,
        "Normalized Income": NaN,
        "Net Income From Continuing And Discontinued Operation": NaN,
        "Total Expenses": NaN,
        "Diluted Average Shares": NaN,
        "Basic Average Shares": NaN,
        "Diluted EPS": NaN,
        "Basic EPS": NaN,
        "Diluted NI Availto Com Stockholders": NaN,
        "Average Dilution Earnings": NaN,
        "Net Income Common Stockholders": NaN,
        "Otherunder Preferred Stock Dividend": NaN,
        "Net Income": NaN,
        "Minority Interests": NaN,
        "Net Income Including Noncontrolling Interests": NaN,
        "Net Income Continuous Operations": NaN,
        "Tax Provision": NaN,
        "Pretax Income": NaN,
        "Other Income Expense": NaN,
        "Special Income Charges": 0.0,
        "Other Special Charges": NaN,
        "Net Non Operating Interest Income Expense": NaN,
        "Interest Expense Non Operating": NaN,
        "Other Operating Expenses": NaN,
        "Selling General And Administration": NaN,
        "General And Administrative Expense": NaN,
        "Salaries And Wages": NaN,
        "Total Revenue": NaN,
        "Operating Revenue": NaN
    },
    "2022-06-30": {
        "Tax Effect Of Unusual Items": 0.0,
        "Tax Rate For Calcs": 0.096,
        "Total Unusual Items": NaN,
        "Total Unusual Items Excluding Goodwill": NaN,
        "Net Income From Continuing Operation Net Minority Interest": -47000000.0,
        "EBIT": -2000000.0,
        "Net Interest Income": -20000000.0,
        "Interest Expense": 20000000.0,
        "Normalized Income": -47000000.0,
        "Net Income From Continuing And Discontinued Operation": -47000000.0,
        "Total Expenses": 99000000.0,
        "Diluted Average Shares": 63800000.0,
        "Basic Average Shares": 63800000.0,
        "Diluted EPS": -0.74,
        "Basic EPS": -0.74,
        "Diluted NI Availto Com Stockholders": -47000000.0,
        "Average Dilution Earnings": 0.0,
        "Net Income Common Stockholders": -47000000.0,
        "Otherunder Preferred Stock Dividend": NaN,
        "Net Income": -47000000.0,
        "Minority Interests": -22000000.0,
        "Net Income Including Noncontrolling Interests": -25000000.0,
        "Net Income Continuous Operations": -25000000.0,
        "Tax Provision": 3000000.0,
        "Pretax Income": -22000000.0,
        "Other Income Expense": 10000000.0,
        "Special Income Charges": NaN,
        "Net Non Operating Interest Income Expense": -20000000.0,
        "Interest Expense Non Operating": 20000000.0,
        "Other Operating Expenses": 41000000.0,
        "Selling General And Administration": 59000000.0,
        "General And Administrative Expense": 59000000.0,
        "Salaries And Wages": 59000000.0,
        "Total Revenue": 77000000.0,
        "Operating Revenue": 77000000.0
    },
    "2022-03-31": {
        "Diluted EPS": 0.98,
        "Total Revenue": 300,
        "Gross Profit": 243,
        "Operating Income": 124,
        "EBIT": 124,
        "Net Income": 66
    },
    "2021-12-31": {
        "Diluted EPS": 3.58,
        "Total Revenue": 263,
        "Gross Profit": 429,
        "Operating Income": 286,
        "EBIT": 286,
        "Net Income": 263
    },
    "2021-09-30": {
        "Diluted EPS": 0.22,
        "Total Revenue": 212,
        "Gross Profit": 280,
        "Operating Income": 218,
        "EBIT": 218,
        "Net Income": 17
    },
    "2021-06-30": {
        "Diluted EPS": 1.29,
        "Total Revenue": 196,
        "Gross Profit": 212,
        "Operating Income": 114,
        "EBIT": 114,
        "Net Income": 98
    },
    "2021-03-31": {
        "Diluted EPS": 0.14,
        "Total Revenue": 177,
        "Gross Profit": 147,
        "Operating Income": 27,
        "EBIT": 27,
        "Net Income": 11
    },
    "2020-12-31": {
        "Diluted EPS": 1.66,
        "Total Revenue": 379,
        "Gross Profit": 306,
        "Operating Income": 171,
        "EBIT": 171,
        "Net Income": 148
    },
    "2020-09-30": {
        "Diluted EPS": 1.02,
        "Total Revenue": 268,
        "Gross Profit": 195,
        "Operating Income": 93,
        "EBIT": 93,
        "Net Income": 86
    },
    "2020-06-30": {
        "Diluted EPS": 2.1,
        "Total Revenue": 372,
        "Gross Profit": 335,
        "Operating Income": 243,
        "EBIT": 243,
        "Net Income": 183
    },
    "2020-03-31": {
        "Diluted EPS": -0.59,
        "Total Revenue": 96,
        "Gross Profit": 76,
        "Operating Income": -36,
        "EBIT": -36,
        "Net Income": -55
    },
    "2019-12-31": {
        "Diluted EPS": 1.39,
        "Total Revenue": 296,
        "Gross Profit": 278,
        "Operating Income": 159,
        "EBIT": 159,
        "Net Income": 137
    },
    "2019-09-30": {
        "Diluted EPS": 0.7,
        "Total Revenue": 206,
        "Gross Profit": 176,
        "Operating Income": 108,
        "EBIT": 108,
        "Net Income": 69
    },
    "2019-06-30": {
        "Diluted EPS": 1.39,
        "Total Revenue": 266,
        "Gross Profit": 267,
        "Operating Income": 203,
        "EBIT": 203,
        "Net Income": 142
    },
    "2019-03-31": {
        "Diluted EPS": 0.52,
        "Total Revenue": 195,
        "Gross Profit": 149,
        "Operating Income": 79,
        "EBIT": 79,
        "Net Income": 54
    },
    "2018-12-31": {
        "Diluted EPS": 0.86,
        "Total Revenue": 213,
        "Gross Profit": 192,
        "Operating Income": 58,
        "EBIT": 58,
        "Net Income": 88
    },
    "2018-09-30": {
        "Diluted EPS": 1.47,
        "Total Revenue": 275,
        "Gross Profit": 258,
        "Operating Income": 199,
        "EBIT": 199,
        "Net Income": 161
    },
    "2018-06-30": {
        "Diluted EPS": 0.67,
        "Total Revenue": 220,
        "Gross Profit": 176,
        "Operating Income": 110,
        "EBIT": 110,
        "Net Income": 75
    },
    "2018-03-31": {
        "Diluted EPS": 1.68,
        "Total Revenue": 293,
        "Gross Profit": 311,
        "Operating Income": 306,
        "EBIT": 306,
        "Net Income": 197
    },
    "2017-12-31": {
        "Diluted EPS": 0.51,
        "Total Revenue": 281,
        "Gross Profit": 247,
        "Operating Income": 180,
        "EBIT": 180,
        "Net Income": 52
    },
    "2017-09-30": {
        "Diluted EPS": 1.72,
        "Total Revenue": 623,
        "Gross Profit": 400,
        "Operating Income": 337,
        "EBIT": 337,
        "Net Income": 208
    },
    "2017-06-30": {
        "Diluted EPS": 1.24,
        "Total Revenue": 308,
        "Gross Profit": 236,
        "Operating Income": 175,
        "EBIT": 175,
        "Net Income": 153
    },
    "2017-03-31": {
        "Diluted EPS": 2.49,
        "Total Revenue": 527,
        "Gross Profit": 468,
        "Operating Income": 396,
        "EBIT": 396,
        "Net Income": 317
    },
    "2016-12-31": {
        "Diluted EPS": 1.44,
        "Total Revenue": 470,
        "Gross Profit": 358,
        "Operating Income": 296,
        "EBIT": 296,
        "Net Income": 198
    },
    "2016-09-30": {
        "Diluted EPS": 3.6,
        "Total Revenue": 566,
        "Gross Profit": 575,
        "Operating Income": 506,
        "EBIT": 506,
        "Net Income": 478
    },
    "2016-06-30": {
        "Diluted EPS": 1.09,
        "Total Revenue": 396,
        "Gross Profit": 294,
        "Operating Income": 226,
        "EBIT": 226,
        "Net Income": 146
    },
    "2016-03-31": {
        "Diluted EPS": 0.43,
        "Total Revenue": 245,
        "Gross Profit": 155,
        "Operating Income": 91,
        "EBIT": 91,
        "Net Income": 59
    },
    "2015-12-31": {
        "Diluted EPS": 2.96,
        "Total Revenue": 775,
        "Gross Profit": 669,
        "Operating Income": 609,
        "EBIT": 609,
        "Net Income": 429
    },
    "2015-09-30": {
        "Diluted EPS": 0.88,
        "Total Revenue": 368,
        "Gross Profit": 256,
        "Operating Income": 197,
        "EBIT": 197,
        "Net Income": 129
    },
    "2015-06-30": {
        "Diluted EPS": 1.96,
        "Total Revenue": 695,
        "Gross Profit": 507,
        "Operating Income": 435,
        "EBIT": 435,
        "Net Income": 297
    },
    "2015-03-31": {
        "Diluted EPS": 1.28,
        "Total Revenue": 369,
        "Gross Profit": 351,
        "Operating Income": 291,
        "EBIT": 291,
        "Net Income": 201
    },
    "2014-12-31": {
        "Diluted EPS": 3.05,
        "Total Revenue": 921,
        "Gross Profit": 849,
        "Operating Income": 726,
        "EBIT": 726,
        "Net Income": 533
    },
    "2014-09-30": {
        "Diluted EPS": 2.09,
        "Total Revenue": 525,
        "Gross Profit": 569,
        "Operating Income": 515,
        "EBIT": 515,
        "Net Income": 354
    },
    "2014-06-30": {
        "Diluted EPS": 0.89,
        "Total Revenue": 353,
        "Gross Profit": 296,
        "Operating Income": 293,
        "EBIT": 293,
        "Net Income": 159
    },
    "2014-03-31": {
        "Diluted EPS": 0.23,
        "Total Revenue": 195,
        "Gross Profit": 149,
        "Operating Income": 89,
        "EBIT": 89,
        "Net Income": 42
    },
    "2013-12-31": {
        "Diluted EPS": 1.79,
        "Total Revenue": 649,
        "Gross Profit": 564,
        "Operating Income": 508,
        "EBIT": 508,
        "Net Income": 348
    },
    "2013-09-30": {
        "Diluted EPS": 2.09,
        "Total Revenue": 670,
        "Gross Profit": 615,
        "Operating Income": 557,
        "EBIT": 557,
        "Net Income": 384
    },
    "2013-06-30": {
        "Diluted EPS": 1.16,
        "Total Revenue": 465,
        "Gross Profit": 403,
        "Operating Income": 350,
        "EBIT": 350,
        "Net Income": 219
    },
    "2013-03-31": {
        "Diluted EPS": -0.74,
        "Total Revenue": -176,
        "Gross Profit": -128,
        "Operating Income": -191,
        "EBIT": -191,
        "Net Income": -144
    },
    "2012-12-31": {
        "Diluted EPS": 0.48,
        "Total Revenue": 223,
        "Gross Profit": 165,
        "Operating Income": 116,
        "EBIT": 116,
        "Net Income": 74
    },
    "2012-09-30": {
        "Diluted EPS": 0.73,
        "Total Revenue": 338,
        "Gross Profit": 252,
        "Operating Income": 200,
        "EBIT": 200,
        "Net Income": 142
    },
    "2012-06-30": {
        "Diluted EPS": 2.01,
        "Total Revenue": 755,
        "Gross Profit": 637,
        "Operating Income": 579,
        "EBIT": 579,
        "Net Income": 377
    },
    "2012-03-31": {
        "Diluted EPS": -2.65,
        "Total Revenue": -362,
        "Gross Profit": -604,
        "Operating Income": -671,
        "EBIT": -671,
        "Net Income": -483
    },
    "2011-12-31": {
        "Diluted EPS": -0.48,
        "Total Revenue": 65,
        "Gross Profit": -70,
        "Operating Income": -123,
        "EBIT": -123,
        "Net Income": -84
    },
    "2011-09-30": {
        "Diluted EPS": 4.13,
        "Total Revenue": NaN,
        "Gross Profit": NaN,
        "Operating Income": NaN,
        "EBIT": NaN,
        "Net Income": 761
    },
    "2011-06-30": {
        "Diluted EPS": -0.23,
        "Total Revenue": 116,
        "Gross Profit": -8,
        "Operating Income": -67,
        "EBIT": -67,
        "Net Income": -43
    },
    "2011-03-31": {
        "Diluted EPS": 0.74,
        "Total Revenue": 279,
        "Gross Profit": 304,
        "Operating Income": 238,
        "EBIT": 238,
        "Net Income": 139
    },
    "2010-12-31": {
        "Diluted EPS": -1.09,
        "Total Revenue": -149,
        "Gross Profit": -249,
        "Operating Income": -324,
        "EBIT": -324,
        "Net Income": -206
    },
    "2010-09-30": {
        "Diluted EPS": 0.88,
        "Total Revenue": 347,
        "Gross Profit": 237,
        "Operating Income": 177,
        "EBIT": 177,
        "Net Income": 165
    },
    "2010-06-30": {
        "Diluted EPS": 1.08,
        "Total Revenue": 448,
        "Gross Profit": 377,
        "Operating Income": 319,
        "EBIT": 319,
        "Net Income": 204
    },
    "2010-03-31": {
        "Diluted EPS": 1.69,
        "Total Revenue": 667,
        "Gross Profit": 537,
        "Operating Income": 462,
        "EBIT": 462,
        "Net Income": 322
    },
    "2009-12-31": {
        "Diluted EPS": 1.77,
        "Total Revenue": 560,
        "Gross Profit": 417,
        "Operating Income": 318,
        "EBIT": 318,
        "Net Income": 205
    },
    "2009-09-30": {
        "Diluted EPS": -0.22,
        "Total Revenue": 284,
        "Gross Profit": 150,
        "Operating Income": 31,
        "EBIT": 31,
        "Net Income": -35
    },
    "2009-06-30": {
        "Diluted EPS": -1.82,
        "Total Revenue": -170,
        "Gross Profit": -208,
        "Operating Income": -275,
        "EBIT": -275,
        "Net Income": -170
    },
    "2009-03-31": {
        "Diluted EPS": 0.93,
        "Total Revenue": 243,
        "Gross Profit": 163,
        "Operating Income": 106,
        "EBIT": 99,
        "Net Income": 85
    },
    "2023-06-30": {
        "Tax Effect Of Unusual Items": NaN,
        "Tax Rate For Calcs": NaN,
        "Total Unusual Items": NaN,
        "Total Unusual Items Excluding Goodwill": NaN,
        "Net Income From Continuing Operation Net Minority Interest": NaN,
        "EBIT": NaN,
        "Net Interest Income": NaN,
        "Interest Expense": NaN,
        "Normalized Income": NaN,
        "Net Income From Continuing And Discontinued Operation": NaN,
        "Total Expenses": NaN,
        "Diluted Average Shares": 60100000.0,
        "Basic Average Shares": 58850144.0,
        "Diluted EPS": 2.06,
        "Basic EPS": 2.124039,
        "Diluted NI Availto Com Stockholders": NaN,
        "Average Dilution Earnings": NaN,
        "Net Income Common Stockholders": NaN,
        "Otherunder Preferred Stock Dividend": 1000000.0,
        "Net Income": NaN,
        "Minority Interests": NaN,
        "Net Income Including Noncontrolling Interests": NaN,
        "Net Income Continuous Operations": NaN,
        "Tax Provision": NaN,
        "Pretax Income": NaN,
        "Other Income Expense": NaN,
        "Special Income Charges": NaN,
        "Other Special Charges": NaN,
        "Net Non Operating Interest Income Expense": NaN,
        "Interest Expense Non Operating": NaN,
        "Other Operating Expenses": NaN,
        "Selling General And Administration": NaN,
        "General And Administrative Expense": NaN,
        "Salaries And Wages": NaN,
        "Total Revenue": NaN,
        "Operating Revenue": NaN,
        "Loss Adjustment Expense": NaN,
        "Net Policyholder Benefits And Claims": NaN
    },
    "2023-09-30": {
        "Tax Effect Of Unusual Items": 54570000.0,
        "Tax Rate For Calcs": 0.214,
        "Total Unusual Items": 255000000.0,
        "Total Unusual Items Excluding Goodwill": 255000000.0,
        "Net Income From Continuing Operation Net Minority Interest": 157000000.0,
        "EBIT": 226000000.0,
        "Net Interest Income": -24000000.0,
        "Interest Expense": 24000000.0,
        "Normalized Income": -43430000.0,
        "Net Income From Continuing And Discontinued Operation": 157000000.0,
        "Total Expenses": -48000000.0,
        "Diluted Average Shares": 59600000.0,
        "Basic Average Shares": 58500000.0,
        "Diluted EPS": 2.6,
        "Basic EPS": 2.65,
        "Diluted NI Availto Com Stockholders": 155000000.0,
        "Average Dilution Earnings": 0.0,
        "Net Income Common Stockholders": 155000000.0,
        "Otherunder Preferred Stock Dividend": 2000000.0,
        "Net Income": 157000000.0,
        "Minority Interests": -2000000.0,
        "Net Income Including Noncontrolling Interests": 159000000.0,
        "Net Income Continuous Operations": 159000000.0,
        "Tax Provision": 43000000.0,
        "Pretax Income": 202000000.0,
        "Other Income Expense": 6000000.0,
        "Special Income Charges": 255000000.0,
        "Other Special Charges": -255000000.0,
        "Net Non Operating Interest Income Expense": -24000000.0,
        "Interest Expense Non Operating": 24000000.0,
        "Other Operating Expenses": 52000000.0,
        "Selling General And Administration": 47000000.0,
        "General And Administrative Expense": 47000000.0,
        "Salaries And Wages": 47000000.0,
        "Total Revenue": 154000000.0,
        "Operating Revenue": 154000000.0,
        "Loss Adjustment Expense": 100000000.0,
        "Net Policyholder Benefits And Claims": 100000000.0
    },
    "2023-12-31": {
        "Tax Effect Of Unusual Items": 1470000.0,
        "Tax Rate For Calcs": 0.21,
        "Total Unusual Items": 7000000.0,
        "Total Unusual Items Excluding Goodwill": 7000000.0,
        "Net Income From Continuing Operation Net Minority Interest": 376000000.0,
        "EBIT": 225000000.0,
        "Net Interest Income": -23000000.0,
        "Interest Expense": 23000000.0,
        "Normalized Income": 370470000.0,
        "Net Income From Continuing And Discontinued Operation": 376000000.0,
        "Total Expenses": 80000000.0,
        "Diluted Average Shares": NaN,
        "Basic Average Shares": NaN,
        "Diluted EPS": NaN,
        "Basic EPS": NaN,
        "Diluted NI Availto Com Stockholders": 373000000.0,
        "Average Dilution Earnings": 0.0,
        "Net Income Common Stockholders": 373000000.0,
        "Otherunder Preferred Stock Dividend": 3000000.0,
        "Net Income": 376000000.0,
        "Minority Interests": -3000000.0,
        "Net Income Including Noncontrolling Interests": 379000000.0,
        "Net Income Continuous Operations": 379000000.0,
        "Tax Provision": -177000000.0,
        "Pretax Income": 202000000.0,
        "Other Income Expense": 23000000.0,
        "Special Income Charges": 7000000.0,
        "Other Special Charges": -7000000.0,
        "Net Non Operating Interest Income Expense": -23000000.0,
        "Interest Expense Non Operating": 23000000.0,
        "Other Operating Expenses": 47000000.0,
        "Selling General And Administration": 52000000.0,
        "General And Administrative Expense": 52000000.0,
        "Salaries And Wages": 52000000.0,
        "Total Revenue": 282000000.0,
        "Operating Revenue": 282000000.0,
        "Loss Adjustment Expense": 3000000.0,
        "Net Policyholder Benefits And Claims": 3000000.0
    },
    "2024-03-31": {
        "Tax Effect Of Unusual Items": 0.0,
        "Tax Rate For Calcs": 0.214,
        "Total Unusual Items": NaN,
        "Total Unusual Items Excluding Goodwill": NaN,
        "Net Income From Continuing Operation Net Minority Interest": 109000000.0,
        "EBIT": 167000000.0,
        "Net Interest Income": -23000000.0,
        "Interest Expense": 23000000.0,
        "Normalized Income": 109000000.0,
        "Net Income From Continuing And Discontinued Operation": 109000000.0,
        "Total Expenses": 82000000.0,
        "Diluted Average Shares": 57100000.0,
        "Basic Average Shares": 55600000.0,
        "Diluted EPS": 1.89,
        "Basic EPS": 1.94,
        "Diluted NI Availto Com Stockholders": 108000000.0,
        "Average Dilution Earnings": 0.0,
        "Net Income Common Stockholders": 108000000.0,
        "Otherunder Preferred Stock Dividend": 1000000.0,
        "Net Income": 109000000.0,
        "Minority Interests": -4000000.0,
        "Net Income Including Noncontrolling Interests": 113000000.0,
        "Net Income Continuous Operations": 113000000.0,
        "Tax Provision": 31000000.0,
        "Pretax Income": 144000000.0,
        "Other Income Expense": 1000000.0,
        "Special Income Charges": NaN,
        "Other Special Charges": NaN,
        "Net Non Operating Interest Income Expense": -23000000.0,
        "Interest Expense Non Operating": 23000000.0,
        "Other Operating Expenses": 39000000.0,
        "Selling General And Administration": 58000000.0,
        "General And Administrative Expense": 58000000.0,
        "Salaries And Wages": 58000000.0,
        "Total Revenue": 226000000.0,
        "Operating Revenue": 226000000.0,
        "Loss Adjustment Expense": -1000000.0,
        "Net Policyholder Benefits And Claims": -1000000.0
    },
    "2024-06-30": {
        "Tax Effect Of Unusual Items": 0.0,
        "Tax Rate For Calcs": 0.145,
        "Total Unusual Items": NaN,
        "Total Unusual Items Excluding Goodwill": NaN,
        "Net Income From Continuing Operation Net Minority Interest": 78000000.0,
        "EBIT": 117000000.0,
        "Net Interest Income": -23000000.0,
        "Interest Expense": 23000000.0,
        "Normalized Income": 78000000.0,
        "Net Income From Continuing And Discontinued Operation": 78000000.0,
        "Total Expenses": 98000000.0,
        "Diluted Average Shares": 55000000.0,
        "Basic Average Shares": 54100000.0,
        "Diluted EPS": 1.41,
        "Basic EPS": 1.43,
        "Diluted NI Availto Com Stockholders": 78000000.0,
        "Average Dilution Earnings": 0.0,
        "Net Income Common Stockholders": 78000000.0,
        "Otherunder Preferred Stock Dividend": NaN,
        "Net Income": 78000000.0,
        "Minority Interests": -3000000.0,
        "Net Income Including Noncontrolling Interests": 81000000.0,
        "Net Income Continuous Operations": 81000000.0,
        "Tax Provision": 13000000.0,
        "Pretax Income": 94000000.0,
        "Other Income Expense": 9000000.0,
        "Special Income Charges": NaN,
        "Other Special Charges": NaN,
        "Net Non Operating Interest Income Expense": -23000000.0,
        "Interest Expense Non Operating": 23000000.0,
        "Other Operating Expenses": 41000000.0,
        "Selling General And Administration": 48000000.0,
        "General And Administrative Expense": 48000000.0,
        "Salaries And Wages": 48000000.0,
        "Total Revenue": 192000000.0,
        "Operating Revenue": 192000000.0,
        "Loss Adjustment Expense": -2000000.0,
        "Net Policyholder Benefits And Claims": -2000000.0
    },
    "2024-09-30": {
        "Tax Effect Of Unusual Items": 0.0,
        "Tax Rate For Calcs": 0.199,
        "Total Unusual Items": 0.0,
        "Total Unusual Items Excluding Goodwill": 0.0,
        "Net Income From Continuing Operation Net Minority Interest": 171000000.0,
        "EBIT": 242000000.0,
        "Net Interest Income": -22000000.0,
        "Interest Expense": 22000000.0,
        "Normalized Income": 171000000.0,
        "Net Income From Continuing And Discontinued Operation": 171000000.0,
        "Total Expenses": 32000000.0,
        "Diluted Average Shares": 53400000.0,
        "Basic Average Shares": 52400000.0,
        "Diluted EPS": 3.17,
        "Basic EPS": 3.23,
        "Diluted NI Availto Com Stockholders": 169000000.0,
        "Average Dilution Earnings": 0.0,
        "Net Income Common Stockholders": 169000000.0,
        "Otherunder Preferred Stock Dividend": 2000000.0,
        "Net Income": 171000000.0,
        "Minority Interests": -5000000.0,
        "Net Income Including Noncontrolling Interests": 176000000.0,
        "Net Income Continuous Operations": 176000000.0,
        "Tax Provision": 44000000.0,
        "Pretax Income": 220000000.0,
        "Other Income Expense": 12000000.0,
        "Special Income Charges": 0.0,
        "Other Special Charges": NaN,
        "Net Non Operating Interest Income Expense": -22000000.0,
        "Interest Expense Non Operating": 22000000.0,
        "Other Operating Expenses": 41000000.0,
        "Selling General And Administration": 47000000.0,
        "General And Administrative Expense": 47000000.0,
        "Salaries And Wages": 47000000.0,
        "Total Revenue": 252000000.0,
        "Operating Revenue": 252000000.0,
        "Loss Adjustment Expense": -51000000.0,
        "Net Policyholder Benefits And Claims": -51000000.0
    }
}