{
    "2023-03-31": {
        "Tax Effect Of Unusual Items": -2601340.0,
        "Tax Rate For Calcs": 0.34,
        "Normalized EBITDA": 102910000.0,
        "Total Unusual Items": -7651000.0,
        "Total Unusual Items Excluding Goodwill": -7651000.0,
        "Net Income From Continuing Operation Net Minority Interest": 21569000.0,
        "Reconciled Depreciation": 42136000.0,
        "Reconciled Cost Of Revenue": 98976000.0,
        "EBITDA": 95259000.0,
        "EBIT": 53123000.0,
        "Net Interest Income": -13737000.0,
        "Interest Expense": 13900000.0,
        "Interest Income": 2031000.0,
        "Normalized Income": 26618660.0,
        "Net Income From Continuing And Discontinued Operation": 21569000.0,
        "Total Expenses": 185647000.0,
        "Rent Expense Supplemental": 645000.0,
        "Total Operating Income As Reported": 56014000.0,
        "Diluted Average Shares": 107845000.0,
        "Basic Average Shares": 107845000.0,
        "Diluted EPS": 0.2,
        "Basic EPS": 0.2,
        "Diluted NI Availto Com Stockholders": 21569000.0,
        "Net Income Common Stockholders": 21569000.0,
        "Net Income": 21569000.0,
        "Minority Interests": -1437000.0,
        "Net Income Including Noncontrolling Interests": 23006000.0,
        "Net Income Continuous Operations": 23006000.0,
        "Tax Provision": 16217000.0,
        "Pretax Income": 39223000.0,
        "Other Income Expense": -7651000.0,
        "Other Non Operating Income Expenses": 9861000.0,
        "Special Income Charges": 1813000.0,
        "Gain On Sale Of Ppe": 1813000.0,
        "Other Special Charges": 11729000.0,
        "Restructuring And Mergern Acquisition": NaN,
        "Gain On Sale Of Security": -9464000.0,
        "Net Non Operating Interest Income Expense": -13737000.0,
        "Total Other Finance Cost": 1868000.0,
        "Interest Expense Non Operating": 13900000.0,
        "Interest Income Non Operating": 2031000.0,
        "Operating Income": 60611000.0,
        "Operating Expense": 51532000.0,
        "Other Operating Expenses": 1319000.0,
        "Other Taxes": 8055000.0,
        "Depreciation Amortization Depletion Income Statement": 6997000.0,
        "Depreciation And Amortization In Income Statement": 6997000.0,
        "Depreciation Income Statement": 6997000.0,
        "Selling General And Administration": 35161000.0,
        "Selling And Marketing Expense": 18183000.0,
        "General And Administrative Expense": 16978000.0,
        "Other Gand A": 4585000.0,
        "Rent And Landing Fees": 341000.0,
        "Salaries And Wages": 12052000.0,
        "Gross Profit": 112143000.0,
        "Cost Of Revenue": 134115000.0,
        "Total Revenue": 246258000.0,
        "Operating Revenue": 246258000.0
    },
    "2022-12-31": {
        "Tax Effect Of Unusual Items": -8170200.0,
        "Tax Rate For Calcs": 0.34,
        "Normalized EBITDA": 125090000.0,
        "Total Unusual Items": -24030000.0,
        "Total Unusual Items Excluding Goodwill": -24030000.0,
        "Net Income From Continuing Operation Net Minority Interest": 3246000.0,
        "Reconciled Depreciation": 69310000.0,
        "Reconciled Cost Of Revenue": 195055000.0,
        "EBITDA": 101060000.0,
        "EBIT": 31750000.0,
        "Net Interest Income": -27508000.0,
        "Interest Expense": 26125000.0,
        "Interest Income": 1421000.0,
        "Normalized Income": 19105800.0,
        "Net Income From Continuing And Discontinued Operation": 3246000.0,
        "Total Expenses": 314461000.0,
        "Rent Expense Supplemental": 262000.0,
        "Total Operating Income As Reported": 50360000.0,
        "Diluted Average Shares": 108191218.0,
        "Basic Average Shares": 108191218.0,
        "Diluted EPS": 0.025252,
        "Basic EPS": 0.025252,
        "Diluted NI Availto Com Stockholders": 3246000.0,
        "Net Income Common Stockholders": 3246000.0,
        "Net Income": 3246000.0,
        "Minority Interests": 514000.0,
        "Net Income Including Noncontrolling Interests": 2732000.0,
        "Net Income Continuous Operations": 2732000.0,
        "Tax Provision": 2893000.0,
        "Pretax Income": 5625000.0,
        "Other Income Expense": -24030000.0,
        "Other Non Operating Income Expenses": NaN,
        "Special Income Charges": -15051000.0,
        "Other Special Charges": 16821000.0,
        "Restructuring And Mergern Acquisition": 1948000.0,
        "Gain On Sale Of Security": -8979000.0,
        "Net Non Operating Interest Income Expense": -27508000.0,
        "Total Other Finance Cost": 2804000.0,
        "Interest Expense Non Operating": 26125000.0,
        "Interest Income Non Operating": 1421000.0,
        "Operating Income": 57163000.0,
        "Operating Expense": 55664000.0,
        "Other Operating Expenses": -4132000.0,
        "Other Taxes": 1321000.0,
        "Depreciation Amortization Depletion Income Statement": 5568000.0,
        "Depreciation And Amortization In Income Statement": 5568000.0,
        "Depreciation Income Statement": 5568000.0,
        "Selling General And Administration": 52907000.0,
        "Selling And Marketing Expense": 39546000.0,
        "General And Administrative Expense": 13361000.0,
        "Other Gand A": 3035000.0,
        "Rent And Landing Fees": 262000.0,
        "Salaries And Wages": 10064000.0,
        "Gross Profit": 112827000.0,
        "Cost Of Revenue": 258797000.0,
        "Total Revenue": 371624000.0,
        "Operating Revenue": 371624000.0
    },
    "2022-09-30": {
        "Tax Effect Of Unusual Items": -54643.378063,
        "Tax Rate For Calcs": 0.176269,
        "Normalized EBITDA": 139680000.0,
        "Total Unusual Items": -310000.0,
        "Total Unusual Items Excluding Goodwill": -310000.0,
        "Net Income From Continuing Operation Net Minority Interest": 22548000.0,
        "Reconciled Depreciation": 78106000.0,
        "Reconciled Cost Of Revenue": 260069000.0,
        "EBITDA": 139370000.0,
        "EBIT": 61264000.0,
        "Net Interest Income": -36439000.0,
        "Interest Expense": 33840000.0,
        "Interest Income": NaN,
        "Normalized Income": 22803356.621937,
        "Net Income From Continuing And Discontinued Operation": 22548000.0,
        "Total Expenses": 321890000.0,
        "Rent Expense Supplemental": NaN,
        "Total Operating Income As Reported": 63863000.0,
        "Diluted Average Shares": 109990244.0,
        "Basic Average Shares": 109990244.0,
        "Diluted EPS": 0.205,
        "Basic EPS": 0.205,
        "Diluted NI Availto Com Stockholders": 22548000.0,
        "Net Income Common Stockholders": 22548000.0,
        "Net Income": 22548000.0,
        "Minority Interests": -42000.0,
        "Net Income Including Noncontrolling Interests": 22590000.0,
        "Net Income Continuous Operations": 22590000.0,
        "Tax Provision": 4834000.0,
        "Pretax Income": 27424000.0,
        "Other Income Expense": -310000.0,
        "Other Non Operating Income Expenses": NaN,
        "Special Income Charges": -310000.0,
        "Other Special Charges": 2599000.0,
        "Restructuring And Mergern Acquisition": 310000.0,
        "Gain On Sale Of Security": NaN,
        "Net Non Operating Interest Income Expense": -36439000.0,
        "Total Other Finance Cost": 2599000.0,
        "Interest Expense Non Operating": 33840000.0,
        "Interest Income Non Operating": NaN,
        "Operating Income": 64173000.0,
        "Operating Expense": 61821000.0,
        "Other Operating Expenses": -3325000.0,
        "Other Taxes": NaN,
        "Depreciation Amortization Depletion Income Statement": NaN,
        "Depreciation And Amortization In Income Statement": NaN,
        "Depreciation Income Statement": NaN,
        "Selling General And Administration": 65146000.0,
        "Selling And Marketing Expense": 41446000.0,
        "General And Administrative Expense": 23700000.0,
        "Other Gand A": 23700000.0,
        "Rent And Landing Fees": NaN,
        "Salaries And Wages": NaN,
        "Gross Profit": 125994000.0,
        "Cost Of Revenue": 260069000.0,
        "Total Revenue": 386063000.0,
        "Operating Revenue": 386063000.0
    },
    "2022-06-30": {
        "Tax Effect Of Unusual Items": 4946000.0,
        "Tax Rate For Calcs": 0.4,
        "Normalized EBITDA": 149167000.0,
        "Total Unusual Items": 12365000.0,
        "Total Unusual Items Excluding Goodwill": 12365000.0,
        "Net Income From Continuing Operation Net Minority Interest": 19087000.0,
        "Reconciled Depreciation": 78736000.0,
        "Reconciled Cost Of Revenue": 276157000.0,
        "EBITDA": 161532000.0,
        "EBIT": 82796000.0,
        "Net Interest Income": -65188000.0,
        "Interest Expense": 75198000.0,
        "Interest Income": NaN,
        "Normalized Income": 11668000.0,
        "Net Income From Continuing And Discontinued Operation": 19087000.0,
        "Total Expenses": 323252000.0,
        "Rent Expense Supplemental": NaN,
        "Total Operating Income As Reported": 72786000.0,
        "Diluted Average Shares": 113613095.0,
        "Basic Average Shares": 112940828.0,
        "Diluted EPS": 0.168,
        "Basic EPS": 0.169,
        "Diluted NI Availto Com Stockholders": 19087000.0,
        "Net Income Common Stockholders": 19087000.0,
        "Net Income": 19087000.0,
        "Minority Interests": 976000.0,
        "Net Income Including Noncontrolling Interests": 18111000.0,
        "Net Income Continuous Operations": 18111000.0,
        "Tax Provision": -10513000.0,
        "Pretax Income": 7598000.0,
        "Other Income Expense": 12365000.0,
        "Other Non Operating Income Expenses": NaN,
        "Special Income Charges": 12365000.0,
        "Other Special Charges": -10010000.0,
        "Restructuring And Mergern Acquisition": -12365000.0,
        "Gain On Sale Of Security": NaN,
        "Net Non Operating Interest Income Expense": -65188000.0,
        "Total Other Finance Cost": -10010000.0,
        "Interest Expense Non Operating": 75198000.0,
        "Interest Income Non Operating": NaN,
        "Operating Income": 60421000.0,
        "Operating Expense": 47095000.0,
        "Other Operating Expenses": -13588000.0,
        "Other Taxes": NaN,
        "Depreciation Amortization Depletion Income Statement": NaN,
        "Depreciation And Amortization In Income Statement": NaN,
        "Depreciation Income Statement": NaN,
        "Selling General And Administration": 60683000.0,
        "Selling And Marketing Expense": 38137000.0,
        "General And Administrative Expense": 22546000.0,
        "Other Gand A": 22546000.0,
        "Rent And Landing Fees": NaN,
        "Salaries And Wages": NaN,
        "Gross Profit": 107516000.0,
        "Cost Of Revenue": 276157000.0,
        "Total Revenue": 383673000.0,
        "Operating Revenue": 383673000.0
    },
    "2022-03-31": {
        "Diluted EPS": 0.57,
        "Total Revenue": 206,
        "Gross Profit": 119,
        "Operating Income": 63,
        "EBIT": 91,
        "Net Income": 63
    },
    "2021-12-31": {
        "Diluted EPS": 0.52,
        "Total Revenue": 334,
        "Gross Profit": 105,
        "Operating Income": 43,
        "EBIT": 86,
        "Net Income": 59
    },
    "2021-09-30": {
        "Diluted EPS": 0.32,
        "Total Revenue": 326,
        "Gross Profit": 150,
        "Operating Income": 99,
        "EBIT": 175,
        "Net Income": 37
    },
    "2021-06-30": {
        "Diluted EPS": 0.14,
        "Total Revenue": 290,
        "Gross Profit": 108,
        "Operating Income": 55,
        "EBIT": 115,
        "Net Income": 17
    },
    "2021-03-31": {
        "Diluted EPS": 0.16,
        "Total Revenue": 175,
        "Gross Profit": 121,
        "Operating Income": 81,
        "EBIT": 119,
        "Net Income": 18
    },
    "2020-12-31": {
        "Diluted EPS": 0.4,
        "Total Revenue": 243,
        "Gross Profit": 108,
        "Operating Income": 57,
        "EBIT": 105,
        "Net Income": 47
    },
    "2020-09-30": {
        "Diluted EPS": 0.17,
        "Total Revenue": 237,
        "Gross Profit": 100,
        "Operating Income": 57,
        "EBIT": 112,
        "Net Income": 20
    },
    "2020-06-30": {
        "Diluted EPS": -0.1,
        "Total Revenue": 182,
        "Gross Profit": 69,
        "Operating Income": 38,
        "EBIT": 82,
        "Net Income": -12
    },
    "2020-03-31": {
        "Diluted EPS": -0.47,
        "Total Revenue": 156,
        "Gross Profit": 58,
        "Operating Income": 37,
        "EBIT": 72,
        "Net Income": -55
    },
    "2019-12-31": {
        "Diluted EPS": 0.08,
        "Total Revenue": 279,
        "Gross Profit": 79,
        "Operating Income": 24,
        "EBIT": 79,
        "Net Income": 10
    },
    "2019-09-30": {
        "Diluted EPS": -0.26,
        "Total Revenue": 220,
        "Gross Profit": 64,
        "Operating Income": 40,
        "EBIT": 104,
        "Net Income": -30
    },
    "2019-06-30": {
        "Diluted EPS": 0.2,
        "Total Revenue": 228,
        "Gross Profit": 83,
        "Operating Income": 33,
        "EBIT": 97,
        "Net Income": 23
    },
    "2019-03-31": {
        "Diluted EPS": -0.03,
        "Total Revenue": 160,
        "Gross Profit": 60,
        "Operating Income": 24,
        "EBIT": 61,
        "Net Income": -3
    },
    "2018-12-31": {
        "Diluted EPS": -0.14,
        "Total Revenue": 243,
        "Gross Profit": 42,
        "Operating Income": -23,
        "EBIT": 19,
        "Net Income": -17
    },
    "2018-09-30": {
        "Diluted EPS": 0.04,
        "Total Revenue": 179,
        "Gross Profit": 28,
        "Operating Income": 34,
        "EBIT": 77,
        "Net Income": 4
    },
    "2018-06-30": {
        "Diluted EPS": -0.19,
        "Total Revenue": 216,
        "Gross Profit": 79,
        "Operating Income": 104,
        "EBIT": 150,
        "Net Income": -22
    },
    "2018-03-31": {
        "Diluted EPS": 0.08,
        "Total Revenue": 156,
        "Gross Profit": 50,
        "Operating Income": 41,
        "EBIT": 65,
        "Net Income": 9
    },
    "2017-12-31": {
        "Diluted EPS": 0.06,
        "Total Revenue": 276,
        "Gross Profit": 91,
        "Operating Income": 50,
        "EBIT": 92,
        "Net Income": 6
    },
    "2017-09-30": {
        "Diluted EPS": -0.03,
        "Total Revenue": 263,
        "Gross Profit": 62,
        "Operating Income": 24,
        "EBIT": 77,
        "Net Income": -2
    },
    "2017-06-30": {
        "Diluted EPS": 0.03,
        "Total Revenue": 229,
        "Gross Profit": 41,
        "Operating Income": 29,
        "EBIT": 67,
        "Net Income": 4
    },
    "2017-03-31": {
        "Diluted EPS": 0.04,
        "Total Revenue": 166,
        "Gross Profit": 44,
        "Operating Income": 27,
        "EBIT": 45,
        "Net Income": 5
    },
    "2016-12-31": {
        "Diluted EPS": 0.1,
        "Total Revenue": 332,
        "Gross Profit": 99,
        "Operating Income": 69,
        "EBIT": 114,
        "Net Income": 12
    },
    "2016-09-30": {
        "Diluted EPS": 0.05,
        "Total Revenue": 246,
        "Gross Profit": 76,
        "Operating Income": 49,
        "EBIT": 90,
        "Net Income": 7
    },
    "2016-06-30": {
        "Diluted EPS": -0.15,
        "Total Revenue": 169,
        "Gross Profit": 84,
        "Operating Income": 23,
        "EBIT": 51,
        "Net Income": -18
    },
    "2016-03-31": {
        "Diluted EPS": 0.01,
        "Total Revenue": 121,
        "Gross Profit": 51,
        "Operating Income": 30,
        "EBIT": 43,
        "Net Income": 2
    },
    "2015-12-31": {
        "Diluted EPS": 0.0,
        "Total Revenue": 174,
        "Gross Profit": 25,
        "Operating Income": -10,
        "EBIT": -14,
        "Net Income": 0
    },
    "2015-09-30": {
        "Diluted EPS": 0.13,
        "Total Revenue": 171,
        "Gross Profit": 52,
        "Operating Income": 36,
        "EBIT": 68,
        "Net Income": 16
    },
    "2015-06-30": {
        "Diluted EPS": -0.04,
        "Total Revenue": 171,
        "Gross Profit": 46,
        "Operating Income": 10,
        "EBIT": 48,
        "Net Income": -5
    },
    "2015-03-31": {
        "Diluted EPS": 0.0,
        "Total Revenue": 114,
        "Gross Profit": 18,
        "Operating Income": 14,
        "EBIT": 20,
        "Net Income": -7
    },
    "2014-12-31": {
        "Diluted EPS": -0.11,
        "Total Revenue": 217,
        "Gross Profit": 115,
        "Operating Income": 70,
        "EBIT": 93,
        "Net Income": -13
    },
    "2014-09-30": {
        "Diluted EPS": 0.09,
        "Total Revenue": 203,
        "Gross Profit": 45,
        "Operating Income": 27,
        "EBIT": 59,
        "Net Income": 11
    },
    "2014-06-30": {
        "Diluted EPS": 0.01,
        "Total Revenue": 204,
        "Gross Profit": 39,
        "Operating Income": 17,
        "EBIT": 46,
        "Net Income": 1
    },
    "2014-03-31": {
        "Diluted EPS": 0.02,
        "Total Revenue": 99,
        "Gross Profit": 22,
        "Operating Income": -14,
        "EBIT": -8,
        "Net Income": 3
    },
    "2013-12-31": {
        "Diluted EPS": 0.06,
        "Total Revenue": 170,
        "Gross Profit": 43,
        "Operating Income": 47,
        "EBIT": 66,
        "Net Income": 5
    },
    "2013-09-30": {
        "Diluted EPS": -0.05,
        "Total Revenue": 176,
        "Gross Profit": 39,
        "Operating Income": 10,
        "EBIT": 32,
        "Net Income": -6
    },
    "2013-06-30": {
        "Diluted EPS": -0.22,
        "Total Revenue": 193,
        "Gross Profit": 25,
        "Operating Income": -1,
        "EBIT": 23,
        "Net Income": -27
    },
    "2013-03-31": {
        "Diluted EPS": 0.0,
        "Total Revenue": 106,
        "Gross Profit": 20,
        "Operating Income": -1,
        "EBIT": 4,
        "Net Income": 3
    },
    "2012-12-31": {
        "Diluted EPS": 0.04,
        "Total Revenue": 123,
        "Gross Profit": 17,
        "Operating Income": 6,
        "EBIT": 20,
        "Net Income": 26
    },
    "2012-09-30": {
        "Diluted EPS": 0.0,
        "Total Revenue": 108,
        "Gross Profit": -20,
        "Operating Income": -56,
        "EBIT": -37,
        "Net Income": -3
    },
    "2012-06-30": {
        "Diluted EPS": -0.23,
        "Total Revenue": 80,
        "Gross Profit": -79,
        "Operating Income": -92,
        "EBIT": -75,
        "Net Income": -14
    },
    "2012-03-31": {
        "Diluted EPS": 0.0,
        "Total Revenue": 108,
        "Gross Profit": 13,
        "Operating Income": -13,
        "EBIT": -9,
        "Net Income": 1
    },
    "2011-12-31": {
        "Diluted EPS": 0.0,
        "Total Revenue": 111,
        "Gross Profit": -6,
        "Operating Income": -50,
        "EBIT": -42,
        "Net Income": -1
    },
    "2011-09-30": {
        "Diluted EPS": 0.05,
        "Total Revenue": 109,
        "Gross Profit": -7,
        "Operating Income": -29,
        "EBIT": -17,
        "Net Income": 30
    },
    "2011-06-30": {
        "Diluted EPS": 0.02,
        "Total Revenue": 120,
        "Gross Profit": -14,
        "Operating Income": -43,
        "EBIT": -33,
        "Net Income": 12
    },
    "2011-03-31": {
        "Diluted EPS": 0.03,
        "Total Revenue": 58,
        "Gross Profit": 4,
        "Operating Income": -24,
        "EBIT": -20,
        "Net Income": 15
    },
    "2010-12-31": {
        "Diluted EPS": 0.11,
        "Total Revenue": 121,
        "Gross Profit": 121,
        "Operating Income": 121,
        "EBIT": 121,
        "Net Income": 44
    },
    "2010-09-30": {
        "Diluted EPS": -0.05,
        "Total Revenue": 87,
        "Gross Profit": 87,
        "Operating Income": 87,
        "EBIT": 87,
        "Net Income": -19
    },
    "2023-06-30": {
        "Tax Effect Of Unusual Items": -195507.695021,
        "Tax Rate For Calcs": 0.322088,
        "Normalized EBITDA": 216721000.0,
        "Total Unusual Items": -607000.0,
        "Total Unusual Items Excluding Goodwill": -607000.0,
        "Net Income From Continuing Operation Net Minority Interest": 46268000.0,
        "Reconciled Depreciation": 83469000.0,
        "Reconciled Cost Of Revenue": 263715000.0,
        "EBITDA": 216114000.0,
        "EBIT": 132645000.0,
        "Net Interest Income": -10284000.0,
        "Interest Expense": 64614000.0,
        "Interest Income": 54330000.0,
        "Normalized Income": 46679492.304979,
        "Net Income From Continuing And Discontinued Operation": 46268000.0,
        "Total Expenses": 323951000.0,
        "Rent Expense Supplemental": NaN,
        "Total Operating Income As Reported": 78922000.0,
        "Diluted Average Shares": 107850816.0,
        "Basic Average Shares": 107600000.0,
        "Diluted EPS": 0.429,
        "Basic EPS": 0.43,
        "Diluted NI Availto Com Stockholders": 46268000.0,
        "Net Income Common Stockholders": 46268000.0,
        "Net Income": 46268000.0,
        "Minority Interests": 149000.0,
        "Net Income Including Noncontrolling Interests": 46119000.0,
        "Net Income Continuous Operations": 46119000.0,
        "Tax Provision": 21912000.0,
        "Pretax Income": 68031000.0,
        "Other Income Expense": -607000.0,
        "Other Non Operating Income Expenses": NaN,
        "Special Income Charges": -607000.0,
        "Gain On Sale Of Ppe": NaN,
        "Other Special Charges": 607000.0,
        "Restructuring And Mergern Acquisition": 0.0,
        "Gain On Sale Of Security": NaN,
        "Net Non Operating Interest Income Expense": -10284000.0,
        "Total Other Finance Cost": NaN,
        "Interest Expense Non Operating": 64614000.0,
        "Interest Income Non Operating": 54330000.0,
        "Operating Income": 78922000.0,
        "Operating Expense": 60236000.0,
        "Other Operating Expenses": -1908000.0,
        "Other Taxes": NaN,
        "Depreciation Amortization Depletion Income Statement": NaN,
        "Depreciation And Amortization In Income Statement": NaN,
        "Depreciation Income Statement": NaN,
        "Selling General And Administration": 62144000.0,
        "Selling And Marketing Expense": 37583000.0,
        "General And Administrative Expense": 24561000.0,
        "Other Gand A": 24561000.0,
        "Rent And Landing Fees": NaN,
        "Salaries And Wages": NaN,
        "Gross Profit": 139158000.0,
        "Cost Of Revenue": 263715000.0,
        "Total Revenue": 402873000.0,
        "Operating Revenue": 402873000.0
    },
    "2023-09-30": {
        "Tax Effect Of Unusual Items": 0.0,
        "Tax Rate For Calcs": 0.15326,
        "Normalized EBITDA": 204850000.0,
        "Total Unusual Items": 0.0,
        "Total Unusual Items Excluding Goodwill": 0.0,
        "Net Income From Continuing Operation Net Minority Interest": 75910000.0,
        "Reconciled Depreciation": 89372000.0,
        "Reconciled Cost Of Revenue": 256232000.0,
        "EBITDA": 204850000.0,
        "EBIT": 115478000.0,
        "Net Interest Income": 20896000.0,
        "Interest Expense": 26446000.0,
        "Interest Income": 29934000.0,
        "Normalized Income": 75910000.0,
        "Net Income From Continuing And Discontinued Operation": 75910000.0,
        "Total Expenses": 317658000.0,
        "Rent Expense Supplemental": NaN,
        "Total Operating Income As Reported": 68136000.0,
        "Diluted Average Shares": 107673759.0,
        "Basic Average Shares": 107217514.0,
        "Diluted EPS": 0.705,
        "Basic EPS": 0.708,
        "Diluted NI Availto Com Stockholders": 75910000.0,
        "Net Income Common Stockholders": 75910000.0,
        "Net Income": 75910000.0,
        "Minority Interests": 523000.0,
        "Net Income Including Noncontrolling Interests": 75387000.0,
        "Net Income Continuous Operations": 75387000.0,
        "Tax Provision": 13645000.0,
        "Pretax Income": 89032000.0,
        "Other Income Expense": 17408000.0,
        "Other Non Operating Income Expenses": NaN,
        "Special Income Charges": 0.0,
        "Gain On Sale Of Ppe": NaN,
        "Other Special Charges": -17408000.0,
        "Restructuring And Mergern Acquisition": 0.0,
        "Gain On Sale Of Security": NaN,
        "Net Non Operating Interest Income Expense": 20896000.0,
        "Total Other Finance Cost": -17408000.0,
        "Interest Expense Non Operating": 26446000.0,
        "Interest Income Non Operating": 29934000.0,
        "Operating Income": 68136000.0,
        "Operating Expense": 61426000.0,
        "Other Operating Expenses": 1926000.0,
        "Other Taxes": NaN,
        "Depreciation Amortization Depletion Income Statement": NaN,
        "Depreciation And Amortization In Income Statement": NaN,
        "Depreciation Income Statement": NaN,
        "Selling General And Administration": 59500000.0,
        "Selling And Marketing Expense": 39543000.0,
        "General And Administrative Expense": 19957000.0,
        "Other Gand A": 19957000.0,
        "Rent And Landing Fees": NaN,
        "Salaries And Wages": NaN,
        "Gross Profit": 129562000.0,
        "Cost Of Revenue": 256232000.0,
        "Total Revenue": 385794000.0,
        "Operating Revenue": 385794000.0
    },
    "2023-12-31": {
        "Tax Effect Of Unusual Items": 23602326.722147,
        "Tax Rate For Calcs": 0.246536,
        "Normalized EBITDA": 81135000.0,
        "Total Unusual Items": 95736000.0,
        "Total Unusual Items Excluding Goodwill": 95736000.0,
        "Net Income From Continuing Operation Net Minority Interest": 82544000.0,
        "Reconciled Depreciation": 59126000.0,
        "Reconciled Cost Of Revenue": 168129000.0,
        "EBITDA": 176871000.0,
        "EBIT": 117745000.0,
        "Net Interest Income": 5319000.0,
        "Interest Expense": 8637000.0,
        "Interest Income": 3800000.0,
        "Normalized Income": 10410326.722147,
        "Net Income From Continuing And Discontinued Operation": 82544000.0,
        "Total Expenses": 255893000.0,
        "Rent Expense Supplemental": 418000.0,
        "Total Operating Income As Reported": 38493000.0,
        "Diluted Average Shares": NaN,
        "Basic Average Shares": NaN,
        "Diluted EPS": NaN,
        "Basic EPS": NaN,
        "Diluted NI Availto Com Stockholders": 82544000.0,
        "Net Income Common Stockholders": 82544000.0,
        "Net Income": 82544000.0,
        "Minority Interests": 335000.0,
        "Net Income Including Noncontrolling Interests": 82209000.0,
        "Net Income Continuous Operations": 82209000.0,
        "Tax Provision": 26899000.0,
        "Pretax Income": 109108000.0,
        "Other Income Expense": 95736000.0,
        "Other Non Operating Income Expenses": NaN,
        "Special Income Charges": -273000.0,
        "Gain On Sale Of Ppe": -273000.0,
        "Other Special Charges": NaN,
        "Restructuring And Mergern Acquisition": 0.0,
        "Gain On Sale Of Security": 96009000.0,
        "Net Non Operating Interest Income Expense": 5319000.0,
        "Total Other Finance Cost": -10156000.0,
        "Interest Expense Non Operating": 8637000.0,
        "Interest Income Non Operating": 3800000.0,
        "Operating Income": 8053000.0,
        "Operating Expense": 26471000.0,
        "Other Operating Expenses": -1527000.0,
        "Other Taxes": 5817000.0,
        "Depreciation Amortization Depletion Income Statement": -2167000.0,
        "Depreciation And Amortization In Income Statement": -2167000.0,
        "Depreciation Income Statement": -2167000.0,
        "Selling General And Administration": 24348000.0,
        "Selling And Marketing Expense": 16214000.0,
        "General And Administrative Expense": 8134000.0,
        "Other Gand A": 2951000.0,
        "Rent And Landing Fees": 455000.0,
        "Salaries And Wages": 4728000.0,
        "Gross Profit": 34524000.0,
        "Cost Of Revenue": 229422000.0,
        "Total Revenue": 263946000.0,
        "Operating Revenue": 302357000.0
    },
    "2024-03-31": {
        "Tax Effect Of Unusual Items": -3717320.136066,
        "Tax Rate For Calcs": 0.214403,
        "Normalized EBITDA": 151652000.0,
        "Total Unusual Items": -17338000.0,
        "Total Unusual Items Excluding Goodwill": -17338000.0,
        "Net Income From Continuing Operation Net Minority Interest": 47387000.0,
        "Reconciled Depreciation": 57045000.0,
        "Reconciled Cost Of Revenue": 101913000.0,
        "EBITDA": 134314000.0,
        "EBIT": 77269000.0,
        "Net Interest Income": 16171000.0,
        "Interest Expense": 17004000.0,
        "Interest Income": 2798000.0,
        "Normalized Income": 61007679.863934,
        "Net Income From Continuing And Discontinued Operation": 47387000.0,
        "Total Expenses": 200343000.0,
        "Rent Expense Supplemental": 869000.0,
        "Total Operating Income As Reported": 39778000.0,
        "Diluted Average Shares": 105304444.0,
        "Basic Average Shares": 104838496.0,
        "Diluted EPS": 0.45,
        "Basic EPS": 0.452,
        "Diluted NI Availto Com Stockholders": 47387000.0,
        "Net Income Common Stockholders": 47387000.0,
        "Net Income": 47387000.0,
        "Minority Interests": 43000.0,
        "Net Income Including Noncontrolling Interests": 47344000.0,
        "Net Income Continuous Operations": 47344000.0,
        "Tax Provision": 12921000.0,
        "Pretax Income": 60265000.0,
        "Other Income Expense": -17338000.0,
        "Other Non Operating Income Expenses": NaN,
        "Special Income Charges": 718000.0,
        "Gain On Sale Of Ppe": 718000.0,
        "Other Special Charges": NaN,
        "Restructuring And Mergern Acquisition": NaN,
        "Gain On Sale Of Security": -18056000.0,
        "Net Non Operating Interest Income Expense": 16171000.0,
        "Total Other Finance Cost": -30377000.0,
        "Interest Expense Non Operating": 17004000.0,
        "Interest Income Non Operating": 2798000.0,
        "Operating Income": 61432000.0,
        "Operating Expense": 49089000.0,
        "Other Operating Expenses": -2278000.0,
        "Other Taxes": 8150000.0,
        "Depreciation Amortization Depletion Income Statement": 7704000.0,
        "Depreciation And Amortization In Income Statement": 7704000.0,
        "Depreciation Income Statement": 7704000.0,
        "Selling General And Administration": 35513000.0,
        "Selling And Marketing Expense": 18901000.0,
        "General And Administrative Expense": 16612000.0,
        "Other Gand A": 4191000.0,
        "Rent And Landing Fees": 529000.0,
        "Salaries And Wages": 11892000.0,
        "Gross Profit": 110521000.0,
        "Cost Of Revenue": 151254000.0,
        "Total Revenue": 261775000.0,
        "Operating Revenue": 261775000.0
    }
}