{
    "2023-03-31": {
        "Tax Effect Of Unusual Items": -42840.0,
        "Tax Rate For Calcs": 0.21,
        "Normalized EBITDA": 33072000.0,
        "Total Unusual Items": -204000.0,
        "Total Unusual Items Excluding Goodwill": -204000.0,
        "Net Income From Continuing Operation Net Minority Interest": -334000.0,
        "Reconciled Depreciation": 20687000.0,
        "Reconciled Cost Of Revenue": 22544000.0,
        "EBITDA": 32868000.0,
        "EBIT": 12181000.0,
        "Net Interest Income": -13347000.0,
        "Interest Expense": 13704000.0,
        "Interest Income": 357000.0,
        "Normalized Income": -172840.0,
        "Net Income From Continuing And Discontinued Operation": -334000.0,
        "Total Expenses": 71225000.0,
        "Total Operating Income As Reported": 11746000.0,
        "Diluted Average Shares": 37811000.0,
        "Basic Average Shares": 37811000.0,
        "Diluted EPS": -0.01,
        "Basic EPS": -0.01,
        "Diluted NI Availto Com Stockholders": -334000.0,
        "Net Income Common Stockholders": -334000.0,
        "Net Income": -334000.0,
        "Net Income Including Noncontrolling Interests": -334000.0,
        "Net Income Continuous Operations": -334000.0,
        "Tax Provision": -1189000.0,
        "Pretax Income": -1523000.0,
        "Other Income Expense": -126000.0,
        "Other Non Operating Income Expenses": 78000.0,
        "Special Income Charges": -204000.0,
        "Other Special Charges": NaN,
        "Impairment Of Capital Assets": 204000.0,
        "Net Non Operating Interest Income Expense": -13347000.0,
        "Interest Expense Non Operating": 13704000.0,
        "Interest Income Non Operating": 357000.0,
        "Operating Income": 11950000.0,
        "Operating Expense": 47136000.0,
        "Depreciation Amortization Depletion Income Statement": 19142000.0,
        "Depreciation And Amortization In Income Statement": 19142000.0,
        "Research And Development": 10789000.0,
        "Selling General And Administration": 17205000.0,
        "Gross Profit": 59086000.0,
        "Cost Of Revenue": 24089000.0,
        "Total Revenue": 83175000.0,
        "Operating Revenue": 83175000.0
    },
    "2022-12-31": {
        "Tax Effect Of Unusual Items": -20790.0,
        "Tax Rate For Calcs": 0.21,
        "Normalized EBITDA": 34552000.0,
        "Total Unusual Items": -99000.0,
        "Total Unusual Items Excluding Goodwill": -99000.0,
        "Net Income From Continuing Operation Net Minority Interest": 2541000.0,
        "Reconciled Depreciation": 20092000.0,
        "Reconciled Cost Of Revenue": 21575000.0,
        "EBITDA": 34453000.0,
        "EBIT": 14361000.0,
        "Net Interest Income": -12426000.0,
        "Interest Expense": 12757000.0,
        "Interest Income": 331000.0,
        "Normalized Income": 2619210.0,
        "Net Income From Continuing And Discontinued Operation": 2541000.0,
        "Total Expenses": 68190000.0,
        "Total Operating Income As Reported": 13447000.0,
        "Diluted Average Shares": 37747000.0,
        "Basic Average Shares": 37747000.0,
        "Diluted EPS": 0.06,
        "Basic EPS": 0.06,
        "Diluted NI Availto Com Stockholders": 2541000.0,
        "Net Income Common Stockholders": 2541000.0,
        "Net Income": 2541000.0,
        "Net Income Including Noncontrolling Interests": 2541000.0,
        "Net Income Continuous Operations": 2541000.0,
        "Tax Provision": -937000.0,
        "Pretax Income": 1604000.0,
        "Other Income Expense": 484000.0,
        "Other Non Operating Income Expenses": 583000.0,
        "Special Income Charges": -99000.0,
        "Other Special Charges": 0.0,
        "Impairment Of Capital Assets": NaN,
        "Net Non Operating Interest Income Expense": -12426000.0,
        "Interest Expense Non Operating": 12757000.0,
        "Interest Income Non Operating": 331000.0,
        "Operating Income": 13546000.0,
        "Operating Expense": 45060000.0,
        "Depreciation Amortization Depletion Income Statement": 18537000.0,
        "Depreciation And Amortization In Income Statement": 18537000.0,
        "Research And Development": 9676000.0,
        "Selling General And Administration": 16847000.0,
        "Gross Profit": 58606000.0,
        "Cost Of Revenue": 23130000.0,
        "Total Revenue": 81736000.0,
        "Operating Revenue": 81736000.0
    },
    "2022-09-30": {
        "Tax Effect Of Unusual Items": -555600.0,
        "Tax Rate For Calcs": 0.4,
        "Normalized EBITDA": 30822000.0,
        "Total Unusual Items": -1389000.0,
        "Total Unusual Items Excluding Goodwill": -1389000.0,
        "Net Income From Continuing Operation Net Minority Interest": 476000.0,
        "Reconciled Depreciation": 20542000.0,
        "Reconciled Cost Of Revenue": 20640000.0,
        "EBITDA": 29433000.0,
        "EBIT": 8891000.0,
        "Net Interest Income": -9986000.0,
        "Interest Expense": 10291000.0,
        "Interest Income": 305000.0,
        "Normalized Income": 1309400.0,
        "Net Income From Continuing And Discontinued Operation": 476000.0,
        "Total Expenses": 67839000.0,
        "Total Operating Income As Reported": 9031000.0,
        "Diluted Average Shares": 37244000.0,
        "Basic Average Shares": 37244000.0,
        "Diluted EPS": 0.01,
        "Basic EPS": 0.01,
        "Diluted NI Availto Com Stockholders": 450000.0,
        "Net Income Common Stockholders": 450000.0,
        "Otherunder Preferred Stock Dividend": 26000.0,
        "Net Income": 476000.0,
        "Net Income Including Noncontrolling Interests": 476000.0,
        "Net Income Continuous Operations": 476000.0,
        "Tax Provision": -1876000.0,
        "Pretax Income": -1400000.0,
        "Other Income Expense": -1834000.0,
        "Other Non Operating Income Expenses": -445000.0,
        "Special Income Charges": -1389000.0,
        "Other Special Charges": NaN,
        "Write Off": NaN,
        "Impairment Of Capital Assets": 1389000.0,
        "Net Non Operating Interest Income Expense": -9986000.0,
        "Interest Expense Non Operating": 10291000.0,
        "Interest Income Non Operating": 305000.0,
        "Operating Income": 10420000.0,
        "Operating Expense": 45607000.0,
        "Depreciation Amortization Depletion Income Statement": 18950000.0,
        "Depreciation And Amortization In Income Statement": 18950000.0,
        "Research And Development": 9702000.0,
        "Selling General And Administration": 16955000.0,
        "Gross Profit": 56027000.0,
        "Cost Of Revenue": 22232000.0,
        "Total Revenue": 78259000.0,
        "Operating Revenue": 78259000.0
    },
    "2022-06-30": {
        "Tax Effect Of Unusual Items": -24966.0,
        "Tax Rate For Calcs": 0.073,
        "Normalized EBITDA": 30819000.0,
        "Total Unusual Items": -342000.0,
        "Total Unusual Items Excluding Goodwill": -342000.0,
        "Net Income From Continuing Operation Net Minority Interest": 1542000.0,
        "Reconciled Depreciation": 20727000.0,
        "Reconciled Cost Of Revenue": 19687000.0,
        "EBITDA": 30477000.0,
        "EBIT": 9750000.0,
        "Net Interest Income": -7873000.0,
        "Interest Expense": 8087000.0,
        "Interest Income": 214000.0,
        "Normalized Income": 1859034.0,
        "Net Income From Continuing And Discontinued Operation": 1542000.0,
        "Total Expenses": 66429000.0,
        "Total Operating Income As Reported": 9813000.0,
        "Diluted Average Shares": 36998000.0,
        "Basic Average Shares": 36998000.0,
        "Diluted EPS": 0.04,
        "Basic EPS": 0.04,
        "Diluted NI Availto Com Stockholders": 1453000.0,
        "Net Income Common Stockholders": 1453000.0,
        "Otherunder Preferred Stock Dividend": 89000.0,
        "Net Income": 1542000.0,
        "Net Income Including Noncontrolling Interests": 1542000.0,
        "Net Income Continuous Operations": 1542000.0,
        "Tax Provision": 121000.0,
        "Pretax Income": 1663000.0,
        "Other Income Expense": -619000.0,
        "Other Non Operating Income Expenses": -277000.0,
        "Special Income Charges": -342000.0,
        "Other Special Charges": NaN,
        "Write Off": NaN,
        "Impairment Of Capital Assets": 342000.0,
        "Net Non Operating Interest Income Expense": -7873000.0,
        "Interest Expense Non Operating": 8087000.0,
        "Interest Income Non Operating": 214000.0,
        "Operating Income": 10155000.0,
        "Operating Expense": 45175000.0,
        "Depreciation Amortization Depletion Income Statement": 19160000.0,
        "Depreciation And Amortization In Income Statement": 19160000.0,
        "Research And Development": 10040000.0,
        "Selling General And Administration": 15975000.0,
        "Gross Profit": 55330000.0,
        "Cost Of Revenue": 21254000.0,
        "Total Revenue": 76584000.0,
        "Operating Revenue": 76584000.0
    },
    "2022-03-31": {
        "Diluted EPS": -0.34,
        "Total Revenue": 73,
        "Gross Profit": 53,
        "Operating Income": 6,
        "EBIT": 27,
        "Net Income": -13
    },
    "2021-12-31": {
        "Diluted EPS": -0.25,
        "Total Revenue": 70,
        "Gross Profit": 51,
        "Operating Income": 2,
        "EBIT": 23,
        "Net Income": -9
    },
    "2021-09-30": {
        "Diluted EPS": -0.05,
        "Total Revenue": 67,
        "Gross Profit": 51,
        "Operating Income": 7,
        "EBIT": 28,
        "Net Income": -2
    },
    "2021-06-30": {
        "Diluted EPS": -0.11,
        "Total Revenue": 67,
        "Gross Profit": 51,
        "Operating Income": 7,
        "EBIT": 29,
        "Net Income": -4
    },
    "2021-03-31": {
        "Diluted EPS": -0.21,
        "Total Revenue": 55,
        "Gross Profit": 43,
        "Operating Income": 3,
        "EBIT": 25,
        "Net Income": -8
    },
    "2020-12-31": {
        "Diluted EPS": -0.48,
        "Total Revenue": 47,
        "Gross Profit": 35,
        "Operating Income": -8,
        "EBIT": 14,
        "Net Income": -17
    },
    "2020-09-30": {
        "Diluted EPS": -0.31,
        "Total Revenue": 49,
        "Gross Profit": 37,
        "Operating Income": -2,
        "EBIT": 21,
        "Net Income": -11
    },
    "2020-06-30": {
        "Diluted EPS": -1.2,
        "Total Revenue": 17,
        "Gross Profit": 7,
        "Operating Income": -29,
        "EBIT": -4,
        "Net Income": -43
    },
    "2020-03-31": {
        "Diluted EPS": -0.41,
        "Total Revenue": 54,
        "Gross Profit": 39,
        "Operating Income": -5,
        "EBIT": 22,
        "Net Income": -14
    },
    "2019-12-31": {
        "Diluted EPS": 0.04,
        "Total Revenue": 78,
        "Gross Profit": 55,
        "Operating Income": 8,
        "EBIT": 33,
        "Net Income": 1
    },
    "2019-09-30": {
        "Diluted EPS": -0.16,
        "Total Revenue": 79,
        "Gross Profit": 56,
        "Operating Income": 6,
        "EBIT": 32,
        "Net Income": -6
    },
    "2019-06-30": {
        "Diluted EPS": -0.21,
        "Total Revenue": 75,
        "Gross Profit": 54,
        "Operating Income": 2,
        "EBIT": 28,
        "Net Income": -8
    },
    "2019-03-31": {
        "Diluted EPS": -0.0,
        "Total Revenue": 73,
        "Gross Profit": 54,
        "Operating Income": 8,
        "EBIT": 32,
        "Net Income": 0
    },
    "2018-12-31": {
        "Diluted EPS": -0.28,
        "Total Revenue": 72,
        "Gross Profit": 51,
        "Operating Income": 2,
        "EBIT": 23,
        "Net Income": -10
    },
    "2018-09-30": {
        "Diluted EPS": 0.12,
        "Total Revenue": 76,
        "Gross Profit": 53,
        "Operating Income": 10,
        "EBIT": 31,
        "Net Income": 4
    },
    "2018-06-30": {
        "Diluted EPS": -0.15,
        "Total Revenue": 73,
        "Gross Profit": 54,
        "Operating Income": 11,
        "EBIT": 32,
        "Net Income": -5
    },
    "2018-03-31": {
        "Diluted EPS": -0.3,
        "Total Revenue": 65,
        "Gross Profit": 49,
        "Operating Income": 2,
        "EBIT": 23,
        "Net Income": -10
    },
    "2017-12-31": {
        "Diluted EPS": -0.36,
        "Total Revenue": 58,
        "Gross Profit": 42,
        "Operating Income": 1,
        "EBIT": 21,
        "Net Income": -9
    },
    "2017-09-30": {
        "Diluted EPS": -0.18,
        "Total Revenue": 56,
        "Gross Profit": 43,
        "Operating Income": 9,
        "EBIT": 28,
        "Net Income": -4
    },
    "2017-06-30": {
        "Diluted EPS": -0.87,
        "Total Revenue": 50,
        "Gross Profit": 39,
        "Operating Income": 2,
        "EBIT": 23,
        "Net Income": -20
    },
    "2017-03-31": {
        "Diluted EPS": -0.53,
        "Total Revenue": 48,
        "Gross Profit": 36,
        "Operating Income": 2,
        "EBIT": 23,
        "Net Income": -12
    },
    "2016-12-31": {
        "Diluted EPS": 0.0,
        "Total Revenue": NaN,
        "Gross Profit": NaN,
        "Operating Income": NaN,
        "EBIT": NaN,
        "Net Income": NaN
    },
    "2016-09-30": {
        "Diluted EPS": -1.42,
        "Total Revenue": 41,
        "Gross Profit": 34,
        "Operating Income": -7,
        "EBIT": -7,
        "Net Income": -21
    },
    "2015-12-31": {
        "Diluted EPS": 0.0,
        "Total Revenue": NaN,
        "Gross Profit": NaN,
        "Operating Income": NaN,
        "EBIT": NaN,
        "Net Income": NaN
    },
    "2014-12-31": {
        "Diluted EPS": 0.0,
        "Total Revenue": NaN,
        "Gross Profit": NaN,
        "Operating Income": NaN,
        "EBIT": NaN,
        "Net Income": NaN
    },
    "2023-06-30": {
        "Tax Effect Of Unusual Items": -156453.0,
        "Tax Rate For Calcs": 0.363,
        "Normalized EBITDA": 36051000.0,
        "Total Unusual Items": -431000.0,
        "Total Unusual Items Excluding Goodwill": -431000.0,
        "Net Income From Continuing Operation Net Minority Interest": 851000.0,
        "Reconciled Depreciation": 20215000.0,
        "Reconciled Cost Of Revenue": 23433000.0,
        "EBITDA": 35620000.0,
        "EBIT": 15405000.0,
        "Net Interest Income": -13751000.0,
        "Interest Expense": 14070000.0,
        "Interest Income": 319000.0,
        "Normalized Income": 1125547.0,
        "Net Income From Continuing And Discontinued Operation": 851000.0,
        "Total Expenses": 74325000.0,
        "Total Operating Income As Reported": 15076000.0,
        "Diluted Average Shares": 37917000.0,
        "Basic Average Shares": 37917000.0,
        "Diluted EPS": 0.02,
        "Basic EPS": 0.02,
        "Diluted NI Availto Com Stockholders": 851000.0,
        "Net Income Common Stockholders": 851000.0,
        "Net Income": 851000.0,
        "Net Income Including Noncontrolling Interests": 851000.0,
        "Net Income Continuous Operations": 851000.0,
        "Tax Provision": 484000.0,
        "Pretax Income": 1335000.0,
        "Other Income Expense": -421000.0,
        "Other Non Operating Income Expenses": 10000.0,
        "Special Income Charges": -431000.0,
        "Other Special Charges": NaN,
        "Impairment Of Capital Assets": 431000.0,
        "Net Non Operating Interest Income Expense": -13751000.0,
        "Interest Expense Non Operating": 14070000.0,
        "Interest Income Non Operating": 319000.0,
        "Operating Income": 15507000.0,
        "Operating Expense": 49316000.0,
        "Depreciation Amortization Depletion Income Statement": 18639000.0,
        "Depreciation And Amortization In Income Statement": 18639000.0,
        "Research And Development": 10956000.0,
        "Selling General And Administration": 19721000.0,
        "Gross Profit": 64823000.0,
        "Cost Of Revenue": 25009000.0,
        "Total Revenue": 89832000.0,
        "Operating Revenue": 89832000.0
    },
    "2023-09-30": {
        "Tax Effect Of Unusual Items": 2310.0,
        "Tax Rate For Calcs": 0.21,
        "Normalized EBITDA": 35834000.0,
        "Total Unusual Items": 11000.0,
        "Total Unusual Items Excluding Goodwill": 11000.0,
        "Net Income From Continuing Operation Net Minority Interest": -156000.0,
        "Reconciled Depreciation": 20472000.0,
        "Reconciled Cost Of Revenue": 25210000.0,
        "EBITDA": 35845000.0,
        "EBIT": 15373000.0,
        "Net Interest Income": -13997000.0,
        "Interest Expense": 14588000.0,
        "Interest Income": 591000.0,
        "Normalized Income": -164690.0,
        "Net Income From Continuing And Discontinued Operation": -156000.0,
        "Total Expenses": 74866000.0,
        "Total Operating Income As Reported": 14523000.0,
        "Diluted Average Shares": 38162000.0,
        "Basic Average Shares": 38162000.0,
        "Diluted EPS": -0.004088,
        "Basic EPS": -0.004088,
        "Diluted NI Availto Com Stockholders": -156000.0,
        "Net Income Common Stockholders": -156000.0,
        "Net Income": -156000.0,
        "Net Income Including Noncontrolling Interests": -156000.0,
        "Net Income Continuous Operations": -156000.0,
        "Tax Provision": 941000.0,
        "Pretax Income": 785000.0,
        "Other Income Expense": 270000.0,
        "Other Non Operating Income Expenses": 259000.0,
        "Special Income Charges": 11000.0,
        "Other Special Charges": NaN,
        "Impairment Of Capital Assets": -11000.0,
        "Net Non Operating Interest Income Expense": -13997000.0,
        "Interest Expense Non Operating": 14588000.0,
        "Interest Income Non Operating": 591000.0,
        "Operating Income": 14512000.0,
        "Operating Expense": 48080000.0,
        "Depreciation Amortization Depletion Income Statement": 18896000.0,
        "Depreciation And Amortization In Income Statement": 18896000.0,
        "Research And Development": 9731000.0,
        "Selling General And Administration": 19453000.0,
        "Gross Profit": 62592000.0,
        "Cost Of Revenue": 26786000.0,
        "Total Revenue": 89378000.0,
        "Operating Revenue": 89378000.0
    }
}