{
    "2023-03-31": {
        "Tax Effect Of Unusual Items": 0.0,
        "Tax Rate For Calcs": 0.351891,
        "Normalized EBITDA": 63630000.0,
        "Total Unusual Items": NaN,
        "Total Unusual Items Excluding Goodwill": NaN,
        "Net Income From Continuing Operation Net Minority Interest": 3013000.0,
        "Reconciled Depreciation": 43093000.0,
        "Reconciled Cost Of Revenue": 190530000.0,
        "EBITDA": 63630000.0,
        "EBIT": 20537000.0,
        "Net Interest Income": -15831000.0,
        "Interest Expense": 15831000.0,
        "Normalized Income": 3013000.0,
        "Net Income From Continuing And Discontinued Operation": 3013000.0,
        "Total Expenses": 279367000.0,
        "Total Operating Income As Reported": 20537000.0,
        "Diluted Average Shares": NaN,
        "Basic Average Shares": 133850124.0,
        "Diluted EPS": 0.02,
        "Basic EPS": 0.02,
        "Diluted NI Availto Com Stockholders": 3013000.0,
        "Net Income Common Stockholders": 3013000.0,
        "Net Income": 3013000.0,
        "Minority Interests": -37000.0,
        "Net Income Including Noncontrolling Interests": 3050000.0,
        "Net Income Continuous Operations": 3050000.0,
        "Tax Provision": 1656000.0,
        "Pretax Income": 4706000.0,
        "Other Income Expense": NaN,
        "Special Income Charges": NaN,
        "Other Special Charges": NaN,
        "Net Non Operating Interest Income Expense": -15831000.0,
        "Interest Expense Non Operating": 15831000.0,
        "Operating Income": 20537000.0,
        "Operating Expense": 88837000.0,
        "Other Taxes": NaN,
        "Selling General And Administration": 88837000.0,
        "Gross Profit": 109374000.0,
        "Cost Of Revenue": 190530000.0,
        "Total Revenue": 299904000.0,
        "Operating Revenue": 299904000.0
    },
    "2022-12-31": {
        "Tax Effect Of Unusual Items": 0.0,
        "Tax Rate For Calcs": 0.21,
        "Normalized EBITDA": 65921000.0,
        "Total Unusual Items": 0.0,
        "Total Unusual Items Excluding Goodwill": 0.0,
        "Net Income From Continuing Operation Net Minority Interest": 3371000.0,
        "Reconciled Depreciation": 43027000.0,
        "Reconciled Cost Of Revenue": 174100000.0,
        "EBITDA": 65921000.0,
        "EBIT": 22894000.0,
        "Net Interest Income": -14983000.0,
        "Interest Expense": 14983000.0,
        "Normalized Income": 3371000.0,
        "Net Income From Continuing And Discontinued Operation": 3371000.0,
        "Total Expenses": 258785000.0,
        "Total Operating Income As Reported": 22894000.0,
        "Diluted Average Shares": 139001770.0,
        "Basic Average Shares": 133461895.0,
        "Diluted EPS": 0.02,
        "Basic EPS": 0.03,
        "Diluted NI Availto Com Stockholders": 3371000.0,
        "Net Income Common Stockholders": 3371000.0,
        "Net Income": 3371000.0,
        "Minority Interests": -100000.0,
        "Net Income Including Noncontrolling Interests": 3471000.0,
        "Net Income Continuous Operations": 3471000.0,
        "Tax Provision": 4440000.0,
        "Pretax Income": 7911000.0,
        "Other Income Expense": 0.0,
        "Special Income Charges": 0.0,
        "Other Special Charges": 0.0,
        "Net Non Operating Interest Income Expense": -14983000.0,
        "Interest Expense Non Operating": 14983000.0,
        "Operating Income": 22894000.0,
        "Operating Expense": 84685000.0,
        "Other Taxes": 0.0,
        "Selling General And Administration": 84685000.0,
        "Gross Profit": 107579000.0,
        "Cost Of Revenue": 174100000.0,
        "Total Revenue": 281679000.0,
        "Operating Revenue": 281679000.0
    },
    "2022-09-30": {
        "Tax Effect Of Unusual Items": 0.0,
        "Tax Rate For Calcs": 0.4,
        "Normalized EBITDA": 46866000.0,
        "Total Unusual Items": 0.0,
        "Total Unusual Items Excluding Goodwill": 0.0,
        "Net Income From Continuing Operation Net Minority Interest": 1951000.0,
        "Reconciled Depreciation": 43225000.0,
        "Reconciled Cost Of Revenue": 169582000.0,
        "EBITDA": 46866000.0,
        "EBIT": 3641000.0,
        "Net Interest Income": -12531000.0,
        "Interest Expense": 12531000.0,
        "Normalized Income": 1951000.0,
        "Net Income From Continuing And Discontinued Operation": 1951000.0,
        "Total Expenses": 267544000.0,
        "Total Operating Income As Reported": 15559000.0,
        "Diluted Average Shares": 139062813.0,
        "Basic Average Shares": 133212218.0,
        "Diluted EPS": 0.01,
        "Basic EPS": 0.01,
        "Diluted NI Availto Com Stockholders": 1951000.0,
        "Net Income Common Stockholders": 1951000.0,
        "Net Income": 1951000.0,
        "Minority Interests": -38000.0,
        "Net Income Including Noncontrolling Interests": 1989000.0,
        "Net Income Continuous Operations": 1989000.0,
        "Tax Provision": -10879000.0,
        "Pretax Income": -8890000.0,
        "Other Income Expense": NaN,
        "Special Income Charges": 0.0,
        "Other Special Charges": NaN,
        "Net Non Operating Interest Income Expense": -12531000.0,
        "Interest Expense Non Operating": 12531000.0,
        "Operating Income": 3641000.0,
        "Operating Expense": 97962000.0,
        "Other Taxes": 11918000.0,
        "Selling General And Administration": 86044000.0,
        "Gross Profit": 101603000.0,
        "Cost Of Revenue": 169582000.0,
        "Total Revenue": 271185000.0,
        "Operating Revenue": 271185000.0
    },
    "2022-06-30": {
        "Tax Effect Of Unusual Items": -567200.0,
        "Tax Rate For Calcs": 0.4,
        "Normalized EBITDA": 63719000.0,
        "Total Unusual Items": -1418000.0,
        "Total Unusual Items Excluding Goodwill": -1418000.0,
        "Net Income From Continuing Operation Net Minority Interest": 4998000.0,
        "Reconciled Depreciation": 47675000.0,
        "Reconciled Cost Of Revenue": 175819000.0,
        "EBITDA": 62301000.0,
        "EBIT": 14626000.0,
        "Net Interest Income": -11261000.0,
        "Interest Expense": 11261000.0,
        "Normalized Income": 5848800.0,
        "Net Income From Continuing And Discontinued Operation": 4998000.0,
        "Total Expenses": 257940000.0,
        "Total Operating Income As Reported": 16044000.0,
        "Diluted Average Shares": 138697206.0,
        "Basic Average Shares": 132556645.0,
        "Diluted EPS": 0.04,
        "Basic EPS": 0.04,
        "Diluted NI Availto Com Stockholders": 4998000.0,
        "Net Income Common Stockholders": 4998000.0,
        "Net Income": 4998000.0,
        "Minority Interests": -65000.0,
        "Net Income Including Noncontrolling Interests": 5063000.0,
        "Net Income Continuous Operations": 5063000.0,
        "Tax Provision": -1698000.0,
        "Pretax Income": 3365000.0,
        "Other Income Expense": -1418000.0,
        "Special Income Charges": -1418000.0,
        "Other Special Charges": 1418000.0,
        "Net Non Operating Interest Income Expense": -11261000.0,
        "Interest Expense Non Operating": 11261000.0,
        "Operating Income": 16044000.0,
        "Operating Expense": 82121000.0,
        "Other Taxes": NaN,
        "Selling General And Administration": 82121000.0,
        "Gross Profit": 98165000.0,
        "Cost Of Revenue": 175819000.0,
        "Total Revenue": 273984000.0,
        "Operating Revenue": 273984000.0
    },
    "2022-03-31": {
        "Diluted EPS": 0.14,
        "Total Revenue": 294,
        "Gross Profit": 124,
        "Operating Income": 37,
        "EBIT": 83,
        "Net Income": 20
    },
    "2021-12-31": {
        "Diluted EPS": 0.07,
        "Total Revenue": 290,
        "Gross Profit": 121,
        "Operating Income": 26,
        "EBIT": 76,
        "Net Income": 10
    },
    "2021-09-30": {
        "Diluted EPS": 0.07,
        "Total Revenue": 262,
        "Gross Profit": 103,
        "Operating Income": 28,
        "EBIT": 76,
        "Net Income": 10
    },
    "2021-06-30": {
        "Diluted EPS": -0.04,
        "Total Revenue": 251,
        "Gross Profit": 99,
        "Operating Income": 18,
        "EBIT": 67,
        "Net Income": -5
    },
    "2021-03-31": {
        "Diluted EPS": 0.09,
        "Total Revenue": 235,
        "Gross Profit": 101,
        "Operating Income": 32,
        "EBIT": 77,
        "Net Income": 10
    },
    "2020-12-31": {
        "Diluted EPS": -0.01,
        "Total Revenue": 214,
        "Gross Profit": 86,
        "Operating Income": 17,
        "EBIT": 63,
        "Net Income": 0
    },
    "2020-09-30": {
        "Diluted EPS": -0.1,
        "Total Revenue": 195,
        "Gross Profit": 75,
        "Operating Income": 3,
        "EBIT": 46,
        "Net Income": -10
    },
    "2020-06-30": {
        "Diluted EPS": 0.01,
        "Total Revenue": 185,
        "Gross Profit": 67,
        "Operating Income": 15,
        "EBIT": 58,
        "Net Income": 1
    },
    "2020-03-31": {
        "Diluted EPS": -0.13,
        "Total Revenue": 179,
        "Gross Profit": 58,
        "Operating Income": 1,
        "EBIT": 42,
        "Net Income": -13
    },
    "2019-12-31": {
        "Diluted EPS": 0.0,
        "Total Revenue": NaN,
        "Gross Profit": NaN,
        "Operating Income": NaN,
        "EBIT": NaN,
        "Net Income": NaN
    },
    "2023-06-30": {
        "Tax Effect Of Unusual Items": -933450.0,
        "Tax Rate For Calcs": 0.21,
        "Normalized EBITDA": 61097000.0,
        "Total Unusual Items": -4445000.0,
        "Total Unusual Items Excluding Goodwill": -4445000.0,
        "Net Income From Continuing Operation Net Minority Interest": -4026000.0,
        "Reconciled Depreciation": 42923000.0,
        "Reconciled Cost Of Revenue": 191677000.0,
        "EBITDA": 56652000.0,
        "EBIT": 13729000.0,
        "Net Interest Income": -20549000.0,
        "Interest Expense": 20549000.0,
        "Normalized Income": -514450.0,
        "Net Income From Continuing And Discontinued Operation": -4026000.0,
        "Total Expenses": 272907000.0,
        "Total Operating Income As Reported": 18174000.0,
        "Diluted Average Shares": 139744988.0,
        "Basic Average Shares": 134661933.0,
        "Diluted EPS": -0.03,
        "Basic EPS": -0.03,
        "Diluted NI Availto Com Stockholders": -4026000.0,
        "Net Income Common Stockholders": -4026000.0,
        "Net Income": -4026000.0,
        "Minority Interests": -98000.0,
        "Net Income Including Noncontrolling Interests": -3928000.0,
        "Net Income Continuous Operations": -3928000.0,
        "Tax Provision": -2892000.0,
        "Pretax Income": -6820000.0,
        "Other Income Expense": -4445000.0,
        "Special Income Charges": -4445000.0,
        "Other Special Charges": 4445000.0,
        "Net Non Operating Interest Income Expense": -20549000.0,
        "Interest Expense Non Operating": 20549000.0,
        "Operating Income": 18174000.0,
        "Operating Expense": 81230000.0,
        "Other Taxes": NaN,
        "Selling General And Administration": 81230000.0,
        "Gross Profit": 99404000.0,
        "Cost Of Revenue": 191677000.0,
        "Total Revenue": 291081000.0,
        "Operating Revenue": 291081000.0
    },
    "2023-09-30": {
        "Tax Effect Of Unusual Items": -12503.995166,
        "Tax Rate For Calcs": 0.152488,
        "Normalized EBITDA": 53354000.0,
        "Total Unusual Items": -82000.0,
        "Total Unusual Items Excluding Goodwill": -82000.0,
        "Net Income From Continuing Operation Net Minority Interest": -12701000.0,
        "Reconciled Depreciation": 43891000.0,
        "Reconciled Cost Of Revenue": 194875000.0,
        "EBITDA": 53272000.0,
        "EBIT": 9381000.0,
        "Net Interest Income": -24274000.0,
        "Interest Expense": 24274000.0,
        "Normalized Income": -12631503.995166,
        "Net Income From Continuing And Discontinued Operation": -12701000.0,
        "Total Expenses": 282170000.0,
        "Total Operating Income As Reported": 9463000.0,
        "Diluted Average Shares": 134971632.0,
        "Basic Average Shares": 134971632.0,
        "Diluted EPS": -0.09,
        "Basic EPS": NaN,
        "Diluted NI Availto Com Stockholders": -12701000.0,
        "Net Income Common Stockholders": -12701000.0,
        "Net Income": -12701000.0,
        "Minority Interests": -79000.0,
        "Net Income Including Noncontrolling Interests": -12622000.0,
        "Net Income Continuous Operations": -12622000.0,
        "Tax Provision": -2271000.0,
        "Pretax Income": -14893000.0,
        "Other Income Expense": -82000.0,
        "Special Income Charges": -82000.0,
        "Other Special Charges": 82000.0,
        "Net Non Operating Interest Income Expense": -24274000.0,
        "Interest Expense Non Operating": 24274000.0,
        "Operating Income": 9463000.0,
        "Operating Expense": 87295000.0,
        "Other Taxes": 0.0,
        "Selling General And Administration": 87295000.0,
        "Gross Profit": 96758000.0,
        "Cost Of Revenue": 194875000.0,
        "Total Revenue": 291633000.0,
        "Operating Revenue": 291633000.0
    }
}