{
    "2023-04-30": {
        "Tax Effect Of Unusual Items": 0.0,
        "Tax Rate For Calcs": 0.297936,
        "Normalized EBITDA": 3633000.0,
        "Total Unusual Items": NaN,
        "Total Unusual Items Excluding Goodwill": NaN,
        "Net Income From Continuing Operation Net Minority Interest": 2109000.0,
        "Reconciled Depreciation": 645000.0,
        "Reconciled Cost Of Revenue": 89451000.0,
        "EBITDA": 3633000.0,
        "EBIT": 3633000.0,
        "Normalized Income": 2109000.0,
        "Net Income From Continuing And Discontinued Operation": 2109000.0,
        "Total Expenses": 100042000.0,
        "Total Operating Income As Reported": 3633000.0,
        "Diluted Average Shares": 13546000.0,
        "Basic Average Shares": 13413000.0,
        "Diluted EPS": 0.16,
        "Basic EPS": 0.16,
        "Diluted NI Availto Com Stockholders": 2109000.0,
        "Net Income Common Stockholders": 2109000.0,
        "Net Income": 2109000.0,
        "Minority Interests": NaN,
        "Net Income Including Noncontrolling Interests": 2109000.0,
        "Net Income Continuous Operations": 2109000.0,
        "Tax Provision": 895000.0,
        "Pretax Income": 3004000.0,
        "Other Income Expense": -629000.0,
        "Other Non Operating Income Expenses": -629000.0,
        "Special Income Charges": NaN,
        "Write Off": NaN,
        "Operating Income": 3633000.0,
        "Operating Expense": 10591000.0,
        "Selling General And Administration": 10591000.0,
        "Gross Profit": 14224000.0,
        "Cost Of Revenue": 89451000.0,
        "Total Revenue": 103675000.0,
        "Operating Revenue": 103675000.0
    },
    "2023-01-31": {
        "Tax Effect Of Unusual Items": 0.0,
        "Tax Rate For Calcs": 0.21,
        "Normalized EBITDA": 9562000.0,
        "Total Unusual Items": 0.0,
        "Total Unusual Items Excluding Goodwill": 0.0,
        "Net Income From Continuing Operation Net Minority Interest": 13633000.0,
        "Reconciled Depreciation": 808000.0,
        "Reconciled Cost Of Revenue": 98750000.0,
        "EBITDA": 9562000.0,
        "EBIT": 9562000.0,
        "Normalized Income": 13633000.0,
        "Net Income From Continuing And Discontinued Operation": 13633000.0,
        "Total Expenses": 109216000.0,
        "Total Operating Income As Reported": 9562000.0,
        "Diluted Average Shares": 13625000.0,
        "Basic Average Shares": 13535000.0,
        "Diluted EPS": 1.0,
        "Basic EPS": 1.01,
        "Diluted NI Availto Com Stockholders": 13633000.0,
        "Net Income Common Stockholders": 13633000.0,
        "Net Income": 13633000.0,
        "Minority Interests": -1606000.0,
        "Net Income Including Noncontrolling Interests": 15239000.0,
        "Net Income Continuous Operations": 15239000.0,
        "Tax Provision": -3214000.0,
        "Pretax Income": 12025000.0,
        "Other Income Expense": 2463000.0,
        "Other Non Operating Income Expenses": 2463000.0,
        "Special Income Charges": 0.0,
        "Write Off": 0.0,
        "Operating Income": 9562000.0,
        "Operating Expense": 10466000.0,
        "Selling General And Administration": 10466000.0,
        "Gross Profit": 20028000.0,
        "Cost Of Revenue": 98750000.0,
        "Total Revenue": 118778000.0,
        "Operating Revenue": 118778000.0
    },
    "2022-10-31": {
        "Tax Effect Of Unusual Items": 0.0,
        "Tax Rate For Calcs": 0.247454,
        "Normalized EBITDA": 9541000.0,
        "Total Unusual Items": NaN,
        "Total Unusual Items Excluding Goodwill": NaN,
        "Net Income From Continuing Operation Net Minority Interest": 7758000.0,
        "Reconciled Depreciation": 952000.0,
        "Reconciled Cost Of Revenue": 95667000.0,
        "EBITDA": 9541000.0,
        "EBIT": 9541000.0,
        "Normalized Income": 7758000.0,
        "Net Income From Continuing And Discontinued Operation": 7758000.0,
        "Total Expenses": 108334000.0,
        "Total Operating Income As Reported": 9541000.0,
        "Diluted Average Shares": 13812000.0,
        "Basic Average Shares": 13781000.0,
        "Diluted EPS": 0.56,
        "Basic EPS": 0.56,
        "Diluted NI Availto Com Stockholders": 7758000.0,
        "Net Income Common Stockholders": 7758000.0,
        "Net Income": 7758000.0,
        "Minority Interests": NaN,
        "Net Income Including Noncontrolling Interests": 7758000.0,
        "Net Income Continuous Operations": 7758000.0,
        "Tax Provision": 2551000.0,
        "Pretax Income": 10309000.0,
        "Other Income Expense": 768000.0,
        "Other Non Operating Income Expenses": 768000.0,
        "Special Income Charges": NaN,
        "Write Off": NaN,
        "Operating Income": 9541000.0,
        "Operating Expense": 12667000.0,
        "Selling General And Administration": 12667000.0,
        "Gross Profit": 22208000.0,
        "Cost Of Revenue": 95667000.0,
        "Total Revenue": 117875000.0,
        "Operating Revenue": 117875000.0
    },
    "2022-07-31": {
        "Tax Effect Of Unusual Items": 0.0,
        "Tax Rate For Calcs": 0.252,
        "Normalized EBITDA": 13403000.0,
        "Total Unusual Items": NaN,
        "Total Unusual Items Excluding Goodwill": NaN,
        "Net Income From Continuing Operation Net Minority Interest": 4222000.0,
        "Reconciled Depreciation": 980000.0,
        "Reconciled Cost Of Revenue": 93723000.0,
        "EBITDA": 13403000.0,
        "EBIT": 13403000.0,
        "Normalized Income": 4222000.0,
        "Net Income From Continuing And Discontinued Operation": 4222000.0,
        "Total Expenses": 104707000.0,
        "Total Operating Income As Reported": 13403000.0,
        "Diluted Average Shares": 14247000.0,
        "Basic Average Shares": 14134000.0,
        "Diluted EPS": 0.3,
        "Basic EPS": 0.3,
        "Diluted NI Availto Com Stockholders": 4222000.0,
        "Net Income Common Stockholders": 4222000.0,
        "Net Income": 4222000.0,
        "Minority Interests": NaN,
        "Net Income Including Noncontrolling Interests": 4222000.0,
        "Net Income Continuous Operations": 4222000.0,
        "Tax Provision": 9686000.0,
        "Pretax Income": 13908000.0,
        "Other Income Expense": 505000.0,
        "Other Non Operating Income Expenses": 505000.0,
        "Special Income Charges": NaN,
        "Write Off": NaN,
        "Operating Income": 13403000.0,
        "Operating Expense": 10984000.0,
        "Selling General And Administration": 10984000.0,
        "Gross Profit": 24387000.0,
        "Cost Of Revenue": 93723000.0,
        "Total Revenue": 118110000.0,
        "Operating Revenue": 118110000.0
    },
    "2022-04-30": {
        "Diluted EPS": 0.5,
        "Total Revenue": 100,
        "Gross Profit": 20,
        "Operating Income": 9,
        "EBIT": 10,
        "Net Income": 7
    },
    "2022-01-31": {
        "Diluted EPS": 0.14,
        "Total Revenue": 126,
        "Gross Profit": 22,
        "Operating Income": -1,
        "EBIT": 0,
        "Net Income": 2
    },
    "2021-10-31": {
        "Diluted EPS": 0.78,
        "Total Revenue": 124,
        "Gross Profit": 26,
        "Operating Income": 15,
        "EBIT": 16,
        "Net Income": 12
    },
    "2021-07-31": {
        "Diluted EPS": 0.81,
        "Total Revenue": 133,
        "Gross Profit": 28,
        "Operating Income": 17,
        "EBIT": 18,
        "Net Income": 13
    },
    "2021-04-30": {
        "Diluted EPS": 0.67,
        "Total Revenue": 126,
        "Gross Profit": 24,
        "Operating Income": 14,
        "EBIT": 15,
        "Net Income": 11
    },
    "2021-01-31": {
        "Diluted EPS": 0.6,
        "Total Revenue": 117,
        "Gross Profit": 22,
        "Operating Income": 12,
        "EBIT": 13,
        "Net Income": 10
    },
    "2020-10-31": {
        "Diluted EPS": 0.6,
        "Total Revenue": 127,
        "Gross Profit": 20,
        "Operating Income": 11,
        "EBIT": 12,
        "Net Income": 9
    },
    "2020-07-31": {
        "Diluted EPS": 0.36,
        "Total Revenue": 87,
        "Gross Profit": 16,
        "Operating Income": 7,
        "EBIT": 8,
        "Net Income": 6
    },
    "2020-04-30": {
        "Diluted EPS": -0.05,
        "Total Revenue": 60,
        "Gross Profit": 4,
        "Operating Income": -6,
        "EBIT": -5,
        "Net Income": -1
    },
    "2020-01-31": {
        "Diluted EPS": -0.45,
        "Total Revenue": 68,
        "Gross Profit": 5,
        "Operating Income": -10,
        "EBIT": -9,
        "Net Income": -7
    },
    "2019-10-31": {
        "Diluted EPS": -0.44,
        "Total Revenue": 58,
        "Gross Profit": 6,
        "Operating Income": -6,
        "EBIT": -5,
        "Net Income": -7
    },
    "2019-07-31": {
        "Diluted EPS": 0.07,
        "Total Revenue": 63,
        "Gross Profit": 3,
        "Operating Income": -7,
        "EBIT": -8,
        "Net Income": 1
    },
    "2019-04-30": {
        "Diluted EPS": -1.91,
        "Total Revenue": 50,
        "Gross Profit": -21,
        "Operating Income": -33,
        "EBIT": -29,
        "Net Income": -30
    },
    "2019-01-31": {
        "Diluted EPS": -0.14,
        "Total Revenue": 88,
        "Gross Profit": 7,
        "Operating Income": -4,
        "EBIT": -3,
        "Net Income": -2
    },
    "2018-10-31": {
        "Diluted EPS": 2.07,
        "Total Revenue": 116,
        "Gross Profit": 30,
        "Operating Income": 18,
        "EBIT": 20,
        "Net Income": 32
    },
    "2018-07-31": {
        "Diluted EPS": 1.08,
        "Total Revenue": 137,
        "Gross Profit": 31,
        "Operating Income": 20,
        "EBIT": 21,
        "Net Income": 17
    },
    "2018-04-30": {
        "Diluted EPS": 0.31,
        "Total Revenue": 141,
        "Gross Profit": 15,
        "Operating Income": 6,
        "EBIT": 7,
        "Net Income": 5
    },
    "2018-01-31": {
        "Diluted EPS": 0.44,
        "Total Revenue": 170,
        "Gross Profit": 20,
        "Operating Income": 8,
        "EBIT": 9,
        "Net Income": 7
    },
    "2017-10-31": {
        "Diluted EPS": 1.09,
        "Total Revenue": 233,
        "Gross Profit": 38,
        "Operating Income": 28,
        "EBIT": 29,
        "Net Income": 17
    },
    "2017-07-31": {
        "Diluted EPS": 1.72,
        "Total Revenue": 260,
        "Gross Profit": 51,
        "Operating Income": 41,
        "EBIT": 42,
        "Net Income": 27
    },
    "2017-04-30": {
        "Diluted EPS": 1.31,
        "Total Revenue": 230,
        "Gross Profit": 40,
        "Operating Income": 31,
        "EBIT": 31,
        "Net Income": 21
    },
    "2017-01-31": {
        "Diluted EPS": 1.24,
        "Total Revenue": 207,
        "Gross Profit": 38,
        "Operating Income": 30,
        "EBIT": 31,
        "Net Income": 20
    },
    "2016-10-31": {
        "Diluted EPS": 1.16,
        "Total Revenue": 175,
        "Gross Profit": 37,
        "Operating Income": 27,
        "EBIT": 27,
        "Net Income": 18
    },
    "2016-07-31": {
        "Diluted EPS": 1.29,
        "Total Revenue": 162,
        "Gross Profit": 44,
        "Operating Income": 34,
        "EBIT": 35,
        "Net Income": 20
    },
    "2016-04-30": {
        "Diluted EPS": 0.81,
        "Total Revenue": 130,
        "Gross Profit": 28,
        "Operating Income": 21,
        "EBIT": 22,
        "Net Income": 12
    },
    "2016-01-31": {
        "Diluted EPS": 0.45,
        "Total Revenue": 116,
        "Gross Profit": 24,
        "Operating Income": 14,
        "EBIT": 15,
        "Net Income": 7
    },
    "2015-10-31": {
        "Diluted EPS": 0.72,
        "Total Revenue": 114,
        "Gross Profit": 26,
        "Operating Income": 21,
        "EBIT": 21,
        "Net Income": 11
    },
    "2015-07-31": {
        "Diluted EPS": 0.75,
        "Total Revenue": 97,
        "Gross Profit": 28,
        "Operating Income": 24,
        "EBIT": 24,
        "Net Income": 11
    },
    "2015-04-30": {
        "Diluted EPS": 0.5,
        "Total Revenue": 85,
        "Gross Profit": 21,
        "Operating Income": 16,
        "EBIT": 16,
        "Net Income": 8
    },
    "2015-01-31": {
        "Diluted EPS": 0.39,
        "Total Revenue": 102,
        "Gross Profit": 22,
        "Operating Income": 16,
        "EBIT": 16,
        "Net Income": 6
    },
    "2014-10-31": {
        "Diluted EPS": 0.84,
        "Total Revenue": 128,
        "Gross Profit": 30,
        "Operating Income": 25,
        "EBIT": 25,
        "Net Income": 12
    },
    "2014-07-31": {
        "Diluted EPS": 0.58,
        "Total Revenue": 102,
        "Gross Profit": 22,
        "Operating Income": 17,
        "EBIT": 17,
        "Net Income": 9
    },
    "2014-04-30": {
        "Diluted EPS": 0.24,
        "Total Revenue": 51,
        "Gross Profit": 10,
        "Operating Income": 7,
        "EBIT": 7,
        "Net Income": 3
    },
    "2014-01-31": {
        "Diluted EPS": 0.61,
        "Total Revenue": 59,
        "Gross Profit": 21,
        "Operating Income": 16,
        "EBIT": 17,
        "Net Income": 9
    },
    "2013-10-31": {
        "Diluted EPS": 0.83,
        "Total Revenue": 63,
        "Gross Profit": 24,
        "Operating Income": 20,
        "EBIT": 21,
        "Net Income": 12
    },
    "2013-07-31": {
        "Diluted EPS": 0.89,
        "Total Revenue": 58,
        "Gross Profit": 21,
        "Operating Income": 20,
        "EBIT": 20,
        "Net Income": 13
    },
    "2013-04-30": {
        "Diluted EPS": 0.45,
        "Total Revenue": 47,
        "Gross Profit": 13,
        "Operating Income": 10,
        "EBIT": 10,
        "Net Income": 6
    },
    "2013-01-31": {
        "Diluted EPS": 0.45,
        "Total Revenue": 58,
        "Gross Profit": 14,
        "Operating Income": 9,
        "EBIT": 10,
        "Net Income": 7
    },
    "2012-10-31": {
        "Diluted EPS": 0.43,
        "Total Revenue": 74,
        "Gross Profit": 13,
        "Operating Income": 9,
        "EBIT": 10,
        "Net Income": 6
    },
    "2012-07-31": {
        "Diluted EPS": 0.45,
        "Total Revenue": 83,
        "Gross Profit": 13,
        "Operating Income": 10,
        "EBIT": 10,
        "Net Income": 6
    },
    "2012-04-30": {
        "Diluted EPS": 0.32,
        "Total Revenue": 64,
        "Gross Profit": 10,
        "Operating Income": 7,
        "EBIT": 7,
        "Net Income": 4
    },
    "2012-01-31": {
        "Diluted EPS": 0.33,
        "Total Revenue": 56,
        "Gross Profit": 8,
        "Operating Income": 5,
        "EBIT": 5,
        "Net Income": 5
    },
    "2011-10-31": {
        "Diluted EPS": 0.15,
        "Total Revenue": 44,
        "Gross Profit": 6,
        "Operating Income": 4,
        "EBIT": 4,
        "Net Income": 2
    },
    "2011-07-31": {
        "Diluted EPS": 0.15,
        "Total Revenue": 26,
        "Gross Profit": 5,
        "Operating Income": 2,
        "EBIT": 2,
        "Net Income": 2
    },
    "2011-04-30": {
        "Diluted EPS": 0.04,
        "Total Revenue": 16,
        "Gross Profit": 4,
        "Operating Income": 1,
        "EBIT": 1,
        "Net Income": 1
    },
    "2011-01-31": {
        "Diluted EPS": 0.07,
        "Total Revenue": 32,
        "Gross Profit": 6,
        "Operating Income": 3,
        "EBIT": 3,
        "Net Income": 1
    },
    "2010-10-31": {
        "Diluted EPS": 0.11,
        "Total Revenue": 45,
        "Gross Profit": 7,
        "Operating Income": 4,
        "EBIT": 4,
        "Net Income": 2
    },
    "2010-07-31": {
        "Diluted EPS": 0.24,
        "Total Revenue": 52,
        "Gross Profit": 9,
        "Operating Income": 6,
        "EBIT": 6,
        "Net Income": 3
    },
    "2010-04-30": {
        "Diluted EPS": 0.15,
        "Total Revenue": 53,
        "Gross Profit": 7,
        "Operating Income": 4,
        "EBIT": 4,
        "Net Income": 2
    },
    "2010-01-31": {
        "Diluted EPS": -0.04,
        "Total Revenue": 29,
        "Gross Profit": 1,
        "Operating Income": 0,
        "EBIT": 0,
        "Net Income": -1
    },
    "2009-10-31": {
        "Diluted EPS": 0.14,
        "Total Revenue": 61,
        "Gross Profit": 7,
        "Operating Income": 3,
        "EBIT": 3,
        "Net Income": 2
    },
    "2009-07-31": {
        "Diluted EPS": 0.19,
        "Total Revenue": 65,
        "Gross Profit": 7,
        "Operating Income": 4,
        "EBIT": 4,
        "Net Income": 3
    },
    "2009-04-30": {
        "Diluted EPS": 0.22,
        "Total Revenue": 63,
        "Gross Profit": 7,
        "Operating Income": 4,
        "EBIT": 4,
        "Net Income": 3
    },
    "2009-01-31": {
        "Diluted EPS": 0.38,
        "Total Revenue": 56,
        "Gross Profit": 13,
        "Operating Income": 8,
        "EBIT": 11,
        "Net Income": 5
    },
    "2023-07-31": {
        "Tax Effect Of Unusual Items": 0.0,
        "Tax Rate For Calcs": 0.264531,
        "Normalized EBITDA": 13241000.0,
        "Total Unusual Items": NaN,
        "Total Unusual Items Excluding Goodwill": NaN,
        "Net Income From Continuing Operation Net Minority Interest": 12767000.0,
        "Reconciled Depreciation": 586000.0,
        "Reconciled Cost Of Revenue": 117607000.0,
        "EBITDA": 13241000.0,
        "EBIT": 13241000.0,
        "Normalized Income": 12767000.0,
        "Net Income From Continuing And Discontinued Operation": 12767000.0,
        "Total Expenses": 128108000.0,
        "Total Operating Income As Reported": 13241000.0,
        "Diluted Average Shares": 13542000.0,
        "Basic Average Shares": 13403000.0,
        "Diluted EPS": 0.94,
        "Basic EPS": 0.95,
        "Diluted NI Availto Com Stockholders": 12767000.0,
        "Net Income Common Stockholders": 12767000.0,
        "Net Income": 12767000.0,
        "Minority Interests": NaN,
        "Net Income Including Noncontrolling Interests": 12767000.0,
        "Net Income Continuous Operations": 12767000.0,
        "Tax Provision": 4592000.0,
        "Pretax Income": 17359000.0,
        "Other Income Expense": 4118000.0,
        "Other Non Operating Income Expenses": 4118000.0,
        "Special Income Charges": NaN,
        "Write Off": NaN,
        "Operating Income": 13241000.0,
        "Operating Expense": 10501000.0,
        "Selling General And Administration": 10501000.0,
        "Gross Profit": 23742000.0,
        "Cost Of Revenue": 117607000.0,
        "Total Revenue": 141349000.0,
        "Operating Revenue": 141349000.0
    },
    "2023-10-31": {
        "Tax Effect Of Unusual Items": 0.0,
        "Tax Rate For Calcs": 0.21,
        "Normalized EBITDA": 8447000.0,
        "Total Unusual Items": NaN,
        "Total Unusual Items Excluding Goodwill": NaN,
        "Net Income From Continuing Operation Net Minority Interest": 5464000.0,
        "Reconciled Depreciation": 587000.0,
        "Reconciled Cost Of Revenue": 144520000.0,
        "EBITDA": 8447000.0,
        "EBIT": 7860000.0,
        "Normalized Income": 5464000.0,
        "Net Income From Continuing And Discontinued Operation": 5464000.0,
        "Total Expenses": 155895000.0,
        "Total Operating Income As Reported": 7860000.0,
        "Diluted Average Shares": 13559000.0,
        "Basic Average Shares": 13328000.0,
        "Diluted EPS": 0.4,
        "Basic EPS": 0.41,
        "Diluted NI Availto Com Stockholders": 5464000.0,
        "Net Income Common Stockholders": 5464000.0,
        "Net Income": 5464000.0,
        "Minority Interests": NaN,
        "Net Income Including Noncontrolling Interests": 5464000.0,
        "Net Income Continuous Operations": 5464000.0,
        "Tax Provision": 6129000.0,
        "Pretax Income": 11593000.0,
        "Other Income Expense": 3733000.0,
        "Other Non Operating Income Expenses": 3733000.0,
        "Special Income Charges": NaN,
        "Write Off": NaN,
        "Operating Income": 7860000.0,
        "Operating Expense": 11375000.0,
        "Selling General And Administration": 11375000.0,
        "Gross Profit": 19235000.0,
        "Cost Of Revenue": 144520000.0,
        "Total Revenue": 163755000.0,
        "Operating Revenue": 163755000.0
    }
}