{
    "2023-06-30": {
        "Tax Effect Of Unusual Items": 0.0,
        "Tax Rate For Calcs": 0.185,
        "Normalized EBITDA": 3253000.0,
        "Total Unusual Items": NaN,
        "Total Unusual Items Excluding Goodwill": NaN,
        "Net Income From Continuing Operation Net Minority Interest": 1548000.0,
        "Reconciled Depreciation": 1353000.0,
        "Reconciled Cost Of Revenue": 23002000.0,
        "EBITDA": 3253000.0,
        "EBIT": 1900000.0,
        "Net Interest Income": 1101000.0,
        "Interest Expense": 0.0,
        "Interest Income": 1101000.0,
        "Normalized Income": 1548000.0,
        "Net Income From Continuing And Discontinued Operation": 1548000.0,
        "Total Expenses": 55101000.0,
        "Total Operating Income As Reported": 958000.0,
        "Diluted Average Shares": 26177000.0,
        "Basic Average Shares": 24936000.0,
        "Diluted EPS": NaN,
        "Basic EPS": 0.04,
        "Diluted NI Availto Com Stockholders": 1089000.0,
        "Net Income Common Stockholders": 1089000.0,
        "Preferred Stock Dividends": 459000.0,
        "Net Income": 1548000.0,
        "Net Income Including Noncontrolling Interests": 1548000.0,
        "Net Income Continuous Operations": 1548000.0,
        "Tax Provision": 352000.0,
        "Pretax Income": 1900000.0,
        "Other Income Expense": -159000.0,
        "Other Non Operating Income Expenses": -159000.0,
        "Special Income Charges": NaN,
        "Other Special Charges": NaN,
        "Net Non Operating Interest Income Expense": 1101000.0,
        "Interest Expense Non Operating": 0.0,
        "Interest Income Non Operating": 1101000.0,
        "Operating Income": 958000.0,
        "Operating Expense": 32099000.0,
        "Other Operating Expenses": 759000.0,
        "Depreciation Amortization Depletion Income Statement": 1353000.0,
        "Depreciation And Amortization In Income Statement": 1353000.0,
        "Amortization": 430000.0,
        "Amortization Of Intangibles Income Statement": 430000.0,
        "Depreciation Income Statement": 923000.0,
        "Research And Development": 13321000.0,
        "Selling General And Administration": 16666000.0,
        "Selling And Marketing Expense": 7301000.0,
        "General And Administrative Expense": 9365000.0,
        "Other Gand A": 9365000.0,
        "Gross Profit": 33057000.0,
        "Cost Of Revenue": 23002000.0,
        "Total Revenue": 56059000.0,
        "Operating Revenue": 56059000.0
    },
    "2023-03-31": {
        "Tax Effect Of Unusual Items": -14981.784644,
        "Tax Rate For Calcs": 0.06041,
        "Normalized EBITDA": 5400000.0,
        "Total Unusual Items": -248000.0,
        "Total Unusual Items Excluding Goodwill": -248000.0,
        "Net Income From Continuing Operation Net Minority Interest": 4075000.0,
        "Reconciled Depreciation": 815000.0,
        "Reconciled Cost Of Revenue": 20714000.0,
        "EBITDA": 5152000.0,
        "EBIT": 4337000.0,
        "Net Interest Income": 1006000.0,
        "Interest Expense": 0.0,
        "Interest Income": 1006000.0,
        "Normalized Income": 4308018.215356,
        "Net Income From Continuing And Discontinued Operation": 4075000.0,
        "Total Expenses": 49216000.0,
        "Total Operating Income As Reported": 3433000.0,
        "Diluted Average Shares": 26262000.0,
        "Basic Average Shares": NaN,
        "Diluted EPS": 0.14,
        "Basic EPS": NaN,
        "Diluted NI Availto Com Stockholders": 3616000.0,
        "Net Income Common Stockholders": 3616000.0,
        "Preferred Stock Dividends": 459000.0,
        "Net Income": 4075000.0,
        "Net Income Including Noncontrolling Interests": 4075000.0,
        "Net Income Continuous Operations": 4075000.0,
        "Tax Provision": 262000.0,
        "Pretax Income": 4337000.0,
        "Other Income Expense": -350000.0,
        "Other Non Operating Income Expenses": -102000.0,
        "Special Income Charges": -248000.0,
        "Other Special Charges": 248000.0,
        "Net Non Operating Interest Income Expense": 1006000.0,
        "Interest Expense Non Operating": 0.0,
        "Interest Income Non Operating": 1006000.0,
        "Operating Income": 3681000.0,
        "Operating Expense": 28502000.0,
        "Other Operating Expenses": 61000.0,
        "Depreciation Amortization Depletion Income Statement": 815000.0,
        "Depreciation And Amortization In Income Statement": 815000.0,
        "Amortization": 417000.0,
        "Amortization Of Intangibles Income Statement": 417000.0,
        "Depreciation Income Statement": 398000.0,
        "Research And Development": 13710000.0,
        "Selling General And Administration": 13916000.0,
        "Selling And Marketing Expense": 6097000.0,
        "General And Administrative Expense": 7819000.0,
        "Other Gand A": 7819000.0,
        "Gross Profit": 32183000.0,
        "Cost Of Revenue": 20714000.0,
        "Total Revenue": 52897000.0,
        "Operating Revenue": 52897000.0
    },
    "2022-12-31": {
        "Tax Effect Of Unusual Items": -15392.0,
        "Tax Rate For Calcs": 0.148,
        "Normalized EBITDA": 5541000.0,
        "Total Unusual Items": -104000.0,
        "Total Unusual Items Excluding Goodwill": -104000.0,
        "Net Income From Continuing Operation Net Minority Interest": 3892000.0,
        "Reconciled Depreciation": 867000.0,
        "Reconciled Cost Of Revenue": 19144000.0,
        "EBITDA": 5437000.0,
        "EBIT": 4570000.0,
        "Net Interest Income": 704000.0,
        "Interest Expense": 0.0,
        "Interest Income": 704000.0,
        "Normalized Income": 3980608.0,
        "Net Income From Continuing And Discontinued Operation": 3892000.0,
        "Total Expenses": 46334000.0,
        "Total Operating Income As Reported": 3482000.0,
        "Diluted Average Shares": 26070000.0,
        "Basic Average Shares": 24703000.0,
        "Diluted EPS": 0.13,
        "Basic EPS": NaN,
        "Diluted NI Availto Com Stockholders": 3433000.0,
        "Net Income Common Stockholders": 3433000.0,
        "Preferred Stock Dividends": 459000.0,
        "Net Income": 3892000.0,
        "Net Income Including Noncontrolling Interests": 3892000.0,
        "Net Income Continuous Operations": 3892000.0,
        "Tax Provision": 678000.0,
        "Pretax Income": 4570000.0,
        "Other Income Expense": 280000.0,
        "Other Non Operating Income Expenses": 384000.0,
        "Special Income Charges": -104000.0,
        "Other Special Charges": 104000.0,
        "Net Non Operating Interest Income Expense": 704000.0,
        "Interest Expense Non Operating": 0.0,
        "Interest Income Non Operating": 704000.0,
        "Operating Income": 3586000.0,
        "Operating Expense": 27190000.0,
        "Other Operating Expenses": 93000.0,
        "Depreciation Amortization Depletion Income Statement": 867000.0,
        "Depreciation And Amortization In Income Statement": 867000.0,
        "Amortization": 430000.0,
        "Amortization Of Intangibles Income Statement": 430000.0,
        "Depreciation Income Statement": 437000.0,
        "Research And Development": 12416000.0,
        "Selling General And Administration": 13814000.0,
        "Selling And Marketing Expense": 5886000.0,
        "General And Administrative Expense": 7928000.0,
        "Other Gand A": 7928000.0,
        "Gross Profit": 30776000.0,
        "Cost Of Revenue": 19144000.0,
        "Total Revenue": 49920000.0,
        "Operating Revenue": 49920000.0
    },
    "2022-09-30": {
        "Tax Effect Of Unusual Items": 0.0,
        "Tax Rate For Calcs": 0.21,
        "Normalized EBITDA": 4323000.0,
        "Total Unusual Items": 0.0,
        "Total Unusual Items Excluding Goodwill": 0.0,
        "Net Income From Continuing Operation Net Minority Interest": 3576000.0,
        "Reconciled Depreciation": 904000.0,
        "Reconciled Cost Of Revenue": 18377000.0,
        "EBITDA": 4323000.0,
        "EBIT": 3419000.0,
        "Net Interest Income": 379000.0,
        "Interest Expense": 1000.0,
        "Interest Income": 380000.0,
        "Normalized Income": 3576000.0,
        "Net Income From Continuing And Discontinued Operation": 3576000.0,
        "Total Expenses": 44815000.0,
        "Total Operating Income As Reported": 2927000.0,
        "Diluted Average Shares": 25783000.0,
        "Basic Average Shares": 24652000.0,
        "Diluted EPS": 0.12,
        "Basic EPS": 0.13,
        "Diluted NI Availto Com Stockholders": 3117000.0,
        "Net Income Common Stockholders": 3117000.0,
        "Preferred Stock Dividends": 459000.0,
        "Net Income": 3576000.0,
        "Net Income Including Noncontrolling Interests": 3576000.0,
        "Net Income Continuous Operations": 3576000.0,
        "Tax Provision": -158000.0,
        "Pretax Income": 3418000.0,
        "Other Income Expense": 112000.0,
        "Other Non Operating Income Expenses": 112000.0,
        "Special Income Charges": 0.0,
        "Other Special Charges": NaN,
        "Net Non Operating Interest Income Expense": 379000.0,
        "Interest Expense Non Operating": 1000.0,
        "Interest Income Non Operating": 380000.0,
        "Operating Income": 2927000.0,
        "Operating Expense": 26438000.0,
        "Other Operating Expenses": 67000.0,
        "Depreciation Amortization Depletion Income Statement": 904000.0,
        "Depreciation And Amortization In Income Statement": 904000.0,
        "Amortization": 443000.0,
        "Amortization Of Intangibles Income Statement": 443000.0,
        "Depreciation Income Statement": 461000.0,
        "Research And Development": 12577000.0,
        "Selling General And Administration": 12890000.0,
        "Selling And Marketing Expense": 5320000.0,
        "General And Administrative Expense": 7570000.0,
        "Other Gand A": 7570000.0,
        "Gross Profit": 29365000.0,
        "Cost Of Revenue": 18377000.0,
        "Total Revenue": 47742000.0,
        "Operating Revenue": 47742000.0
    },
    "2022-06-30": {
        "Tax Effect Of Unusual Items": 0.0,
        "Tax Rate For Calcs": 0.115799,
        "Normalized EBITDA": 4364000.0,
        "Total Unusual Items": 0.0,
        "Total Unusual Items Excluding Goodwill": 0.0,
        "Net Income From Continuing Operation Net Minority Interest": 3039000.0,
        "Reconciled Depreciation": 926000.0,
        "Reconciled Cost Of Revenue": 19011000.0,
        "EBITDA": 4364000.0,
        "EBIT": 3438000.0,
        "Net Interest Income": 100000.0,
        "Interest Expense": 1000.0,
        "Interest Income": 101000.0,
        "Normalized Income": 3039000.0,
        "Net Income From Continuing And Discontinued Operation": 3039000.0,
        "Total Expenses": 44473000.0,
        "Total Operating Income As Reported": 3033000.0,
        "Diluted Average Shares": 25370000.0,
        "Basic Average Shares": 24598000.0,
        "Diluted EPS": 0.1,
        "Basic EPS": 0.1,
        "Diluted NI Availto Com Stockholders": 2580000.0,
        "Net Income Common Stockholders": 2580000.0,
        "Preferred Stock Dividends": 459000.0,
        "Net Income": 3039000.0,
        "Net Income Including Noncontrolling Interests": 3039000.0,
        "Net Income Continuous Operations": 3039000.0,
        "Tax Provision": 398000.0,
        "Pretax Income": 3437000.0,
        "Other Income Expense": 304000.0,
        "Other Non Operating Income Expenses": 304000.0,
        "Special Income Charges": 0.0,
        "Other Special Charges": NaN,
        "Net Non Operating Interest Income Expense": 100000.0,
        "Interest Expense Non Operating": 1000.0,
        "Interest Income Non Operating": 101000.0,
        "Operating Income": 3033000.0,
        "Operating Expense": 25462000.0,
        "Other Operating Expenses": 214000.0,
        "Depreciation Amortization Depletion Income Statement": 926000.0,
        "Depreciation And Amortization In Income Statement": 926000.0,
        "Amortization": 453000.0,
        "Amortization Of Intangibles Income Statement": 453000.0,
        "Depreciation Income Statement": 473000.0,
        "Research And Development": 11556000.0,
        "Selling General And Administration": 12766000.0,
        "Selling And Marketing Expense": 5413000.0,
        "General And Administrative Expense": 7353000.0,
        "Other Gand A": 7353000.0,
        "Gross Profit": 28495000.0,
        "Cost Of Revenue": 19011000.0,
        "Total Revenue": 47506000.0,
        "Operating Revenue": 47506000.0
    },
    "2022-03-31": {
        "Diluted EPS": 0.06,
        "Total Revenue": 47,
        "Gross Profit": 28,
        "Operating Income": 2,
        "EBIT": 3,
        "Net Income": 2
    },
    "2021-12-31": {
        "Diluted EPS": 0.04,
        "Total Revenue": 39,
        "Gross Profit": 25,
        "Operating Income": 2,
        "EBIT": 2,
        "Net Income": 1
    },
    "2021-09-30": {
        "Diluted EPS": 0.02,
        "Total Revenue": 38,
        "Gross Profit": 24,
        "Operating Income": 1,
        "EBIT": 2,
        "Net Income": 1
    },
    "2021-06-30": {
        "Diluted EPS": 0.06,
        "Total Revenue": 39,
        "Gross Profit": 25,
        "Operating Income": 2,
        "EBIT": 3,
        "Net Income": 2
    },
    "2021-03-31": {
        "Diluted EPS": -1.05,
        "Total Revenue": 36,
        "Gross Profit": 23,
        "Operating Income": -25,
        "EBIT": -24,
        "Net Income": -25
    },
    "2020-12-31": {
        "Diluted EPS": -0.11,
        "Total Revenue": 37,
        "Gross Profit": 24,
        "Operating Income": -2,
        "EBIT": -1,
        "Net Income": -3
    },
    "2020-09-30": {
        "Diluted EPS": 0.22,
        "Total Revenue": 34,
        "Gross Profit": 23,
        "Operating Income": 6,
        "EBIT": 7,
        "Net Income": 5
    },
    "2020-06-30": {
        "Diluted EPS": -0.07,
        "Total Revenue": 30,
        "Gross Profit": 19,
        "Operating Income": 0,
        "EBIT": 1,
        "Net Income": -2
    },
    "2020-03-31": {
        "Diluted EPS": -1.16,
        "Total Revenue": 40,
        "Gross Profit": 20,
        "Operating Income": -27,
        "EBIT": -22,
        "Net Income": -27
    },
    "2019-12-31": {
        "Diluted EPS": -0.11,
        "Total Revenue": 42,
        "Gross Profit": 21,
        "Operating Income": -3,
        "EBIT": 2,
        "Net Income": -3
    },
    "2019-09-30": {
        "Diluted EPS": -0.13,
        "Total Revenue": 41,
        "Gross Profit": 20,
        "Operating Income": -3,
        "EBIT": 2,
        "Net Income": -3
    },
    "2019-06-30": {
        "Diluted EPS": -0.07,
        "Total Revenue": 38,
        "Gross Profit": 20,
        "Operating Income": -2,
        "EBIT": 3,
        "Net Income": -2
    },
    "2019-03-31": {
        "Diluted EPS": -0.15,
        "Total Revenue": 37,
        "Gross Profit": 20,
        "Operating Income": -4,
        "EBIT": 1,
        "Net Income": -4
    },
    "2018-12-31": {
        "Diluted EPS": -0.18,
        "Total Revenue": 36,
        "Gross Profit": 19,
        "Operating Income": -4,
        "EBIT": 1,
        "Net Income": -4
    },
    "2018-09-30": {
        "Diluted EPS": -0.16,
        "Total Revenue": 34,
        "Gross Profit": 18,
        "Operating Income": -4,
        "EBIT": 1,
        "Net Income": -4
    },
    "2018-06-30": {
        "Diluted EPS": -0.08,
        "Total Revenue": 34,
        "Gross Profit": 18,
        "Operating Income": -2,
        "EBIT": 2,
        "Net Income": -2
    },
    "2018-03-31": {
        "Diluted EPS": -0.02,
        "Total Revenue": 32,
        "Gross Profit": 17,
        "Operating Income": -2,
        "EBIT": 2,
        "Net Income": 0
    },
    "2017-12-31": {
        "Diluted EPS": -0.08,
        "Total Revenue": 31,
        "Gross Profit": 16,
        "Operating Income": -4,
        "EBIT": 0,
        "Net Income": -2
    },
    "2017-09-30": {
        "Diluted EPS": -0.14,
        "Total Revenue": 30,
        "Gross Profit": 15,
        "Operating Income": -3,
        "EBIT": 0,
        "Net Income": -3
    },
    "2017-06-30": {
        "Diluted EPS": -0.13,
        "Total Revenue": 34,
        "Gross Profit": 17,
        "Operating Income": -3,
        "EBIT": 0,
        "Net Income": -3
    },
    "2017-03-31": {
        "Diluted EPS": -0.23,
        "Total Revenue": 31,
        "Gross Profit": 15,
        "Operating Income": -5,
        "EBIT": -2,
        "Net Income": -5
    },
    "2016-12-31": {
        "Diluted EPS": -0.08,
        "Total Revenue": 33,
        "Gross Profit": 16,
        "Operating Income": -2,
        "EBIT": 2,
        "Net Income": -2
    },
    "2016-09-30": {
        "Diluted EPS": -0.11,
        "Total Revenue": 33,
        "Gross Profit": 16,
        "Operating Income": -2,
        "EBIT": 1,
        "Net Income": -2
    },
    "2016-06-30": {
        "Diluted EPS": -0.1,
        "Total Revenue": 31,
        "Gross Profit": 16,
        "Operating Income": -2,
        "EBIT": 0,
        "Net Income": -2
    },
    "2016-03-31": {
        "Diluted EPS": -0.07,
        "Total Revenue": 32,
        "Gross Profit": 18,
        "Operating Income": -2,
        "EBIT": -1,
        "Net Income": -2
    },
    "2015-12-31": {
        "Diluted EPS": -0.07,
        "Total Revenue": 31,
        "Gross Profit": 17,
        "Operating Income": -2,
        "EBIT": -1,
        "Net Income": -2
    },
    "2015-09-30": {
        "Diluted EPS": -0.02,
        "Total Revenue": 30,
        "Gross Profit": 18,
        "Operating Income": 0,
        "EBIT": 1,
        "Net Income": 0
    },
    "2015-06-30": {
        "Diluted EPS": -0.01,
        "Total Revenue": 27,
        "Gross Profit": 16,
        "Operating Income": 0,
        "EBIT": 1,
        "Net Income": 0
    },
    "2015-03-31": {
        "Diluted EPS": -0.24,
        "Total Revenue": 29,
        "Gross Profit": 15,
        "Operating Income": -6,
        "EBIT": -4,
        "Net Income": -5
    },
    "2014-12-31": {
        "Diluted EPS": -0.12,
        "Total Revenue": 25,
        "Gross Profit": 14,
        "Operating Income": -3,
        "EBIT": -1,
        "Net Income": -3
    },
    "2014-09-30": {
        "Diluted EPS": -0.05,
        "Total Revenue": 26,
        "Gross Profit": 17,
        "Operating Income": -1,
        "EBIT": 0,
        "Net Income": -1
    },
    "2014-06-30": {
        "Diluted EPS": -0.1,
        "Total Revenue": 24,
        "Gross Profit": 15,
        "Operating Income": -3,
        "EBIT": 0,
        "Net Income": -2
    },
    "2014-03-31": {
        "Diluted EPS": -0.09,
        "Total Revenue": 28,
        "Gross Profit": 17,
        "Operating Income": -3,
        "EBIT": 1,
        "Net Income": -2
    },
    "2013-12-31": {
        "Diluted EPS": -0.12,
        "Total Revenue": 25,
        "Gross Profit": 15,
        "Operating Income": -3,
        "EBIT": 0,
        "Net Income": -3
    },
    "2013-09-30": {
        "Diluted EPS": 0.92,
        "Total Revenue": 25,
        "Gross Profit": 17,
        "Operating Income": -1,
        "EBIT": 0,
        "Net Income": 20
    },
    "2013-06-30": {
        "Diluted EPS": 0.06,
        "Total Revenue": 24,
        "Gross Profit": 16,
        "Operating Income": 0,
        "EBIT": 2,
        "Net Income": 1
    },
    "2013-03-31": {
        "Diluted EPS": 0.01,
        "Total Revenue": 19,
        "Gross Profit": 13,
        "Operating Income": -3,
        "EBIT": -1,
        "Net Income": 0
    },
    "2012-12-31": {
        "Diluted EPS": 0.02,
        "Total Revenue": 28,
        "Gross Profit": 15,
        "Operating Income": -2,
        "EBIT": 0,
        "Net Income": 1
    },
    "2012-09-30": {
        "Diluted EPS": -0.01,
        "Total Revenue": 24,
        "Gross Profit": 15,
        "Operating Income": -2,
        "EBIT": -1,
        "Net Income": 0
    },
    "2012-06-30": {
        "Diluted EPS": -0.08,
        "Total Revenue": 22,
        "Gross Profit": 14,
        "Operating Income": -3,
        "EBIT": -1,
        "Net Income": -2
    },
    "2012-03-31": {
        "Diluted EPS": -0.78,
        "Total Revenue": 52,
        "Gross Profit": 21,
        "Operating Income": -20,
        "EBIT": -18,
        "Net Income": -17
    },
    "2011-12-31": {
        "Diluted EPS": -0.29,
        "Total Revenue": 52,
        "Gross Profit": 20,
        "Operating Income": -7,
        "EBIT": -5,
        "Net Income": -7
    },
    "2011-09-30": {
        "Diluted EPS": 0.3,
        "Total Revenue": 53,
        "Gross Profit": 21,
        "Operating Income": -6,
        "EBIT": -3,
        "Net Income": 7
    },
    "2011-06-30": {
        "Diluted EPS": -0.27,
        "Total Revenue": 53,
        "Gross Profit": 18,
        "Operating Income": -8,
        "EBIT": -6,
        "Net Income": -6
    },
    "2011-03-31": {
        "Diluted EPS": -1.98,
        "Total Revenue": 47,
        "Gross Profit": 20,
        "Operating Income": -5,
        "EBIT": -2,
        "Net Income": -45
    },
    "2010-12-31": {
        "Diluted EPS": 0.09,
        "Total Revenue": 59,
        "Gross Profit": 19,
        "Operating Income": -5,
        "EBIT": -3,
        "Net Income": 2
    },
    "2010-09-30": {
        "Diluted EPS": -0.1,
        "Total Revenue": 49,
        "Gross Profit": 18,
        "Operating Income": -7,
        "EBIT": -5,
        "Net Income": -2
    },
    "2010-06-30": {
        "Diluted EPS": -0.45,
        "Total Revenue": 132,
        "Gross Profit": 34,
        "Operating Income": -7,
        "EBIT": -3,
        "Net Income": -10
    },
    "2010-03-31": {
        "Diluted EPS": -0.02,
        "Total Revenue": 136,
        "Gross Profit": 36,
        "Operating Income": -6,
        "EBIT": -9,
        "Net Income": -1
    },
    "2009-12-31": {
        "Diluted EPS": 0.59,
        "Total Revenue": 216,
        "Gross Profit": 50,
        "Operating Income": 9,
        "EBIT": 12,
        "Net Income": 14
    },
    "2009-09-30": {
        "Diluted EPS": 0.12,
        "Total Revenue": 156,
        "Gross Profit": 44,
        "Operating Income": 4,
        "EBIT": 7,
        "Net Income": 3
    },
    "2009-06-30": {
        "Diluted EPS": -0.55,
        "Total Revenue": 130,
        "Gross Profit": 32,
        "Operating Income": -13,
        "EBIT": -7,
        "Net Income": -12
    },
    "2009-03-31": {
        "Diluted EPS": -5.03,
        "Total Revenue": 146,
        "Gross Profit": 39,
        "Operating Income": -94,
        "EBIT": -253,
        "Net Income": -114
    },
    "2023-09-30": {
        "Tax Effect Of Unusual Items": 0.0,
        "Tax Rate For Calcs": 0.061,
        "Normalized EBITDA": 6396000.0,
        "Total Unusual Items": NaN,
        "Total Unusual Items Excluding Goodwill": NaN,
        "Net Income From Continuing Operation Net Minority Interest": 4545000.0,
        "Reconciled Depreciation": 1556000.0,
        "Reconciled Cost Of Revenue": 23520000.0,
        "EBITDA": 6396000.0,
        "EBIT": 4840000.0,
        "Net Interest Income": 1227000.0,
        "Interest Expense": 0.0,
        "Interest Income": 1227000.0,
        "Normalized Income": 4545000.0,
        "Net Income From Continuing And Discontinued Operation": 4545000.0,
        "Total Expenses": 55054000.0,
        "Total Operating Income As Reported": 3562000.0,
        "Diluted Average Shares": NaN,
        "Basic Average Shares": NaN,
        "Diluted EPS": 0.16,
        "Basic EPS": 0.16,
        "Diluted NI Availto Com Stockholders": 4086000.0,
        "Net Income Common Stockholders": 4086000.0,
        "Preferred Stock Dividends": 459000.0,
        "Net Income": 4545000.0,
        "Net Income Including Noncontrolling Interests": 4545000.0,
        "Net Income Continuous Operations": 4545000.0,
        "Tax Provision": 295000.0,
        "Pretax Income": 4840000.0,
        "Other Income Expense": 51000.0,
        "Other Non Operating Income Expenses": 51000.0,
        "Special Income Charges": NaN,
        "Other Special Charges": NaN,
        "Net Non Operating Interest Income Expense": 1227000.0,
        "Interest Expense Non Operating": 0.0,
        "Interest Income Non Operating": 1227000.0,
        "Operating Income": 3562000.0,
        "Operating Expense": 31534000.0,
        "Other Operating Expenses": 210000.0,
        "Depreciation Amortization Depletion Income Statement": 1556000.0,
        "Depreciation And Amortization In Income Statement": 1556000.0,
        "Amortization": 347000.0,
        "Amortization Of Intangibles Income Statement": 347000.0,
        "Depreciation Income Statement": 1209000.0,
        "Research And Development": 14583000.0,
        "Selling General And Administration": 15185000.0,
        "Selling And Marketing Expense": 6400000.0,
        "General And Administrative Expense": 8785000.0,
        "Other Gand A": 8785000.0,
        "Gross Profit": 35096000.0,
        "Cost Of Revenue": 23520000.0,
        "Total Revenue": 58616000.0,
        "Operating Revenue": 58616000.0
    }
}