{
    "2023-03-31": {
        "Tax Effect Of Unusual Items": NaN,
        "Tax Rate For Calcs": NaN,
        "Normalized EBITDA": NaN,
        "Total Unusual Items": NaN,
        "Total Unusual Items Excluding Goodwill": NaN,
        "Net Income From Continuing Operation Net Minority Interest": NaN,
        "Reconciled Depreciation": NaN,
        "Reconciled Cost Of Revenue": NaN,
        "EBITDA": NaN,
        "EBIT": NaN,
        "Net Interest Income": NaN,
        "Interest Expense": NaN,
        "Normalized Income": NaN,
        "Net Income From Continuing And Discontinued Operation": NaN,
        "Total Expenses": NaN,
        "Rent Expense Supplemental": NaN,
        "Total Operating Income As Reported": NaN,
        "Diluted Average Shares": NaN,
        "Basic Average Shares": NaN,
        "Diluted EPS": NaN,
        "Basic EPS": NaN,
        "Diluted NI Availto Com Stockholders": NaN,
        "Average Dilution Earnings": NaN,
        "Net Income Common Stockholders": NaN,
        "Otherunder Preferred Stock Dividend": 1327000.0,
        "Net Income": NaN,
        "Minority Interests": NaN,
        "Net Income Including Noncontrolling Interests": NaN,
        "Net Income Continuous Operations": NaN,
        "Tax Provision": NaN,
        "Pretax Income": NaN,
        "Other Income Expense": NaN,
        "Other Non Operating Income Expenses": NaN,
        "Special Income Charges": NaN,
        "Impairment Of Capital Assets": NaN,
        "Gain On Sale Of Security": NaN,
        "Net Non Operating Interest Income Expense": NaN,
        "Interest Expense Non Operating": NaN,
        "Operating Income": NaN,
        "Operating Expense": NaN,
        "Other Operating Expenses": -188847000.0,
        "Depreciation Amortization Depletion Income Statement": NaN,
        "Depreciation And Amortization In Income Statement": NaN,
        "Selling General And Administration": NaN,
        "General And Administrative Expense": NaN,
        "Other Gand A": NaN,
        "Gross Profit": NaN,
        "Cost Of Revenue": NaN,
        "Total Revenue": NaN,
        "Operating Revenue": NaN
    },
    "2022-12-31": {
        "Tax Effect Of Unusual Items": NaN,
        "Tax Rate For Calcs": NaN,
        "Normalized EBITDA": NaN,
        "Total Unusual Items": NaN,
        "Total Unusual Items Excluding Goodwill": NaN,
        "Net Income From Continuing Operation Net Minority Interest": NaN,
        "Reconciled Depreciation": NaN,
        "Reconciled Cost Of Revenue": NaN,
        "EBITDA": NaN,
        "EBIT": NaN,
        "Net Interest Income": NaN,
        "Interest Expense": NaN,
        "Normalized Income": NaN,
        "Net Income From Continuing And Discontinued Operation": NaN,
        "Total Expenses": NaN,
        "Rent Expense Supplemental": NaN,
        "Total Operating Income As Reported": NaN,
        "Diluted Average Shares": NaN,
        "Basic Average Shares": NaN,
        "Diluted EPS": NaN,
        "Basic EPS": NaN,
        "Diluted NI Availto Com Stockholders": NaN,
        "Average Dilution Earnings": NaN,
        "Net Income Common Stockholders": NaN,
        "Otherunder Preferred Stock Dividend": NaN,
        "Net Income": NaN,
        "Minority Interests": NaN,
        "Net Income Including Noncontrolling Interests": NaN,
        "Net Income Continuous Operations": NaN,
        "Tax Provision": NaN,
        "Pretax Income": NaN,
        "Other Income Expense": NaN,
        "Other Non Operating Income Expenses": NaN,
        "Special Income Charges": NaN,
        "Impairment Of Capital Assets": NaN,
        "Restructuring And Mergern Acquisition": 0.0,
        "Gain On Sale Of Security": NaN,
        "Net Non Operating Interest Income Expense": NaN,
        "Interest Expense Non Operating": NaN,
        "Operating Income": NaN,
        "Operating Expense": NaN,
        "Other Operating Expenses": NaN,
        "Depreciation Amortization Depletion Income Statement": NaN,
        "Depreciation And Amortization In Income Statement": NaN,
        "Selling General And Administration": NaN,
        "General And Administrative Expense": NaN,
        "Other Gand A": NaN,
        "Gross Profit": NaN,
        "Cost Of Revenue": NaN,
        "Total Revenue": NaN,
        "Operating Revenue": NaN
    },
    "2022-09-30": {
        "Tax Effect Of Unusual Items": NaN,
        "Tax Rate For Calcs": NaN,
        "Normalized EBITDA": NaN,
        "Total Unusual Items": NaN,
        "Total Unusual Items Excluding Goodwill": NaN,
        "Net Income From Continuing Operation Net Minority Interest": NaN,
        "Reconciled Depreciation": NaN,
        "Reconciled Cost Of Revenue": NaN,
        "EBITDA": NaN,
        "EBIT": NaN,
        "Net Interest Income": NaN,
        "Interest Expense": NaN,
        "Normalized Income": NaN,
        "Net Income From Continuing And Discontinued Operation": NaN,
        "Total Expenses": NaN,
        "Rent Expense Supplemental": NaN,
        "Total Operating Income As Reported": NaN,
        "Diluted Average Shares": NaN,
        "Basic Average Shares": NaN,
        "Diluted EPS": NaN,
        "Basic EPS": NaN,
        "Diluted NI Availto Com Stockholders": NaN,
        "Average Dilution Earnings": NaN,
        "Net Income Common Stockholders": NaN,
        "Otherunder Preferred Stock Dividend": 1360000.0,
        "Preferred Stock Dividends": 1360000.0,
        "Net Income": NaN,
        "Minority Interests": NaN,
        "Net Income Including Noncontrolling Interests": NaN,
        "Net Income Continuous Operations": NaN,
        "Tax Provision": NaN,
        "Pretax Income": NaN,
        "Other Income Expense": NaN,
        "Other Non Operating Income Expenses": NaN,
        "Special Income Charges": NaN,
        "Impairment Of Capital Assets": 0.0,
        "Restructuring And Mergern Acquisition": 0.0,
        "Gain On Sale Of Security": NaN,
        "Net Non Operating Interest Income Expense": NaN,
        "Interest Expense Non Operating": NaN,
        "Operating Income": NaN,
        "Operating Expense": NaN,
        "Other Operating Expenses": -198841000.0,
        "Depreciation Amortization Depletion Income Statement": NaN,
        "Depreciation And Amortization In Income Statement": NaN,
        "Selling General And Administration": NaN,
        "General And Administrative Expense": NaN,
        "Other Gand A": NaN,
        "Gross Profit": NaN,
        "Cost Of Revenue": NaN,
        "Total Revenue": NaN,
        "Operating Revenue": NaN
    },
    "2022-06-30": {
        "Tax Effect Of Unusual Items": -3015162.821577,
        "Tax Rate For Calcs": 0.367344,
        "Normalized EBITDA": 137390000.0,
        "Total Unusual Items": -8208000.0,
        "Total Unusual Items Excluding Goodwill": -8208000.0,
        "Net Income From Continuing Operation Net Minority Interest": 14032000.0,
        "Reconciled Depreciation": 79474000.0,
        "Reconciled Cost Of Revenue": 546414000.0,
        "EBITDA": 129182000.0,
        "EBIT": 49708000.0,
        "Net Interest Income": -25608000.0,
        "Interest Expense": 25608000.0,
        "Normalized Income": 19224837.178423,
        "Net Income From Continuing And Discontinued Operation": 14032000.0,
        "Total Expenses": 668436000.0,
        "Rent Expense Supplemental": 15833000.0,
        "Total Operating Income As Reported": 59178000.0,
        "Diluted Average Shares": 137015000.0,
        "Basic Average Shares": 134332000.0,
        "Diluted EPS": 0.09,
        "Basic EPS": 0.1,
        "Diluted NI Availto Com Stockholders": 12846000.0,
        "Average Dilution Earnings": 0.0,
        "Net Income Common Stockholders": 12846000.0,
        "Otherunder Preferred Stock Dividend": 1186000.0,
        "Preferred Stock Dividends": NaN,
        "Net Income": 14032000.0,
        "Minority Interests": -1215000.0,
        "Net Income Including Noncontrolling Interests": 15247000.0,
        "Net Income Continuous Operations": 15247000.0,
        "Tax Provision": 8853000.0,
        "Pretax Income": 24100000.0,
        "Other Income Expense": -9470000.0,
        "Other Non Operating Income Expenses": -1262000.0,
        "Special Income Charges": 0.0,
        "Restructuring And Mergern Acquisition": 0.0,
        "Gain On Sale Of Security": -8208000.0,
        "Net Non Operating Interest Income Expense": -25608000.0,
        "Interest Expense Non Operating": 25608000.0,
        "Operating Income": 59178000.0,
        "Operating Expense": 58425000.0,
        "Other Operating Expenses": NaN,
        "Depreciation Amortization Depletion Income Statement": 15877000.0,
        "Depreciation And Amortization In Income Statement": 15877000.0,
        "Selling General And Administration": 42548000.0,
        "General And Administrative Expense": 42548000.0,
        "Other Gand A": 42548000.0,
        "Gross Profit": 117603000.0,
        "Cost Of Revenue": 610011000.0,
        "Total Revenue": 727614000.0,
        "Operating Revenue": 727614000.0
    },
    "2022-03-31": {
        "Diluted EPS": 0.08,
        "Total Revenue": 706,
        "Gross Profit": 109,
        "Operating Income": 52,
        "EBIT": 130,
        "Net Income": 42
    },
    "2021-12-31": {
        "Diluted EPS": 0.43,
        "Total Revenue": 713,
        "Gross Profit": 121,
        "Operating Income": 69,
        "EBIT": 148,
        "Net Income": 23
    },
    "2021-09-30": {
        "Diluted EPS": 0.2,
        "Total Revenue": 653,
        "Gross Profit": 123,
        "Operating Income": 76,
        "EBIT": 151,
        "Net Income": 58
    },
    "2021-06-30": {
        "Diluted EPS": 0.12,
        "Total Revenue": 617,
        "Gross Profit": 126,
        "Operating Income": 65,
        "EBIT": 126,
        "Net Income": 79
    },
    "2021-03-31": {
        "Diluted EPS": -0.08,
        "Total Revenue": 482,
        "Gross Profit": 85,
        "Operating Income": 15,
        "EBIT": 68,
        "Net Income": -4
    },
    "2020-12-31": {
        "Diluted EPS": -1.45,
        "Total Revenue": 363,
        "Gross Profit": 71,
        "Operating Income": 34,
        "EBIT": 66,
        "Net Income": -81
    },
    "2020-09-30": {
        "Diluted EPS": -0.89,
        "Total Revenue": 284,
        "Gross Profit": 44,
        "Operating Income": 13,
        "EBIT": 35,
        "Net Income": -51
    },
    "2020-06-30": {
        "Diluted EPS": 0.08,
        "Total Revenue": 232,
        "Gross Profit": 34,
        "Operating Income": 16,
        "EBIT": 34,
        "Net Income": 4
    },
    "2020-03-31": {
        "Diluted EPS": -0.82,
        "Total Revenue": 191,
        "Gross Profit": 24,
        "Operating Income": 8,
        "EBIT": 25,
        "Net Income": -35
    },
    "2019-12-31": {
        "Diluted EPS": -0.26,
        "Total Revenue": 150,
        "Gross Profit": 26,
        "Operating Income": 0,
        "EBIT": 16,
        "Net Income": -10
    },
    "2019-09-30": {
        "Diluted EPS": -0.17,
        "Total Revenue": 136,
        "Gross Profit": 22,
        "Operating Income": 9,
        "EBIT": 26,
        "Net Income": -4
    },
    "2019-06-30": {
        "Diluted EPS": -0.1,
        "Total Revenue": 124,
        "Gross Profit": 22,
        "Operating Income": 15,
        "EBIT": 29,
        "Net Income": -2
    },
    "2019-03-31": {
        "Diluted EPS": -0.42,
        "Total Revenue": 119,
        "Gross Profit": 19,
        "Operating Income": 5,
        "EBIT": 23,
        "Net Income": -6
    },
    "2018-12-31": {
        "Diluted EPS": 1.91,
        "Total Revenue": NaN,
        "Gross Profit": NaN,
        "Operating Income": -313,
        "EBIT": -313,
        "Net Income": 22
    },
    "2018-09-30": {
        "Diluted EPS": 0.02,
        "Total Revenue": NaN,
        "Gross Profit": NaN,
        "Operating Income": 0,
        "EBIT": 0,
        "Net Income": 1
    },
    "2018-06-30": {
        "Diluted EPS": 0.02,
        "Total Revenue": NaN,
        "Gross Profit": NaN,
        "Operating Income": 0,
        "EBIT": 0,
        "Net Income": 1
    },
    "2018-03-31": {
        "Diluted EPS": 0.01,
        "Total Revenue": NaN,
        "Gross Profit": NaN,
        "Operating Income": 0,
        "EBIT": 0,
        "Net Income": 0
    },
    "2017-12-31": {
        "Diluted EPS": 0.0,
        "Total Revenue": NaN,
        "Gross Profit": NaN,
        "Operating Income": NaN,
        "EBIT": NaN,
        "Net Income": NaN
    },
    "2023-06-30": {
        "Tax Effect Of Unusual Items": NaN,
        "Tax Rate For Calcs": NaN,
        "Normalized EBITDA": NaN,
        "Total Unusual Items": NaN,
        "Total Unusual Items Excluding Goodwill": NaN,
        "Net Income From Continuing Operation Net Minority Interest": NaN,
        "Reconciled Depreciation": NaN,
        "Reconciled Cost Of Revenue": NaN,
        "EBITDA": NaN,
        "EBIT": NaN,
        "Net Interest Income": NaN,
        "Interest Expense": NaN,
        "Normalized Income": NaN,
        "Net Income From Continuing And Discontinued Operation": NaN,
        "Total Expenses": NaN,
        "Rent Expense Supplemental": NaN,
        "Total Operating Income As Reported": NaN,
        "Diluted Average Shares": NaN,
        "Basic Average Shares": NaN,
        "Diluted EPS": NaN,
        "Basic EPS": NaN,
        "Diluted NI Availto Com Stockholders": NaN,
        "Average Dilution Earnings": NaN,
        "Net Income Common Stockholders": NaN,
        "Otherunder Preferred Stock Dividend": 1182000.0,
        "Net Income": NaN,
        "Minority Interests": NaN,
        "Net Income Including Noncontrolling Interests": NaN,
        "Net Income Continuous Operations": NaN,
        "Tax Provision": NaN,
        "Pretax Income": NaN,
        "Other Income Expense": NaN,
        "Other Non Operating Income Expenses": -2082000.0,
        "Special Income Charges": NaN,
        "Other Special Charges": NaN,
        "Impairment Of Capital Assets": NaN,
        "Restructuring And Mergern Acquisition": NaN,
        "Gain On Sale Of Security": NaN,
        "Net Non Operating Interest Income Expense": NaN,
        "Interest Expense Non Operating": NaN,
        "Operating Income": NaN,
        "Operating Expense": NaN,
        "Other Operating Expenses": -209662000.0,
        "Depreciation Amortization Depletion Income Statement": NaN,
        "Depreciation And Amortization In Income Statement": NaN,
        "Selling General And Administration": NaN,
        "General And Administrative Expense": NaN,
        "Other Gand A": NaN,
        "Salaries And Wages": NaN,
        "Gross Profit": NaN,
        "Cost Of Revenue": NaN,
        "Total Revenue": NaN,
        "Operating Revenue": NaN
    },
    "2023-09-30": {
        "Tax Effect Of Unusual Items": -36174407.471605,
        "Tax Rate For Calcs": 0.070929,
        "Normalized EBITDA": 152123000.0,
        "Total Unusual Items": -510006000.0,
        "Total Unusual Items Excluding Goodwill": -510006000.0,
        "Net Income From Continuing Operation Net Minority Interest": -454076000.0,
        "Reconciled Depreciation": 97310000.0,
        "Reconciled Cost Of Revenue": 610693000.0,
        "EBITDA": -357883000.0,
        "EBIT": -455193000.0,
        "Net Interest Income": -32306000.0,
        "Interest Expense": 32306000.0,
        "Normalized Income": 19755592.528395,
        "Net Income From Continuing And Discontinued Operation": -454076000.0,
        "Total Expenses": 525550000.0,
        "Rent Expense Supplemental": 17643000.0,
        "Total Operating Income As Reported": -461036000.0,
        "Diluted Average Shares": 134982000.0,
        "Basic Average Shares": 134825000.0,
        "Diluted EPS": -3.43,
        "Basic EPS": -3.37,
        "Diluted NI Availto Com Stockholders": -463236000.0,
        "Average Dilution Earnings": -9160000.0,
        "Net Income Common Stockholders": -454076000.0,
        "Otherunder Preferred Stock Dividend": 0.0,
        "Net Income": -454076000.0,
        "Minority Interests": -1155000.0,
        "Net Income Including Noncontrolling Interests": -452921000.0,
        "Net Income Continuous Operations": -452921000.0,
        "Tax Provision": -34578000.0,
        "Pretax Income": -487499000.0,
        "Other Income Expense": -513323000.0,
        "Other Non Operating Income Expenses": -3317000.0,
        "Special Income Charges": -519166000.0,
        "Other Special Charges": 3700000.0,
        "Impairment Of Capital Assets": 511866000.0,
        "Restructuring And Mergern Acquisition": 3600000.0,
        "Gain On Sale Of Security": 9160000.0,
        "Net Non Operating Interest Income Expense": -32306000.0,
        "Interest Expense Non Operating": 32306000.0,
        "Operating Income": 58130000.0,
        "Operating Expense": -167938000.0,
        "Other Operating Expenses": -220351000.0,
        "Depreciation Amortization Depletion Income Statement": 14515000.0,
        "Depreciation And Amortization In Income Statement": 14515000.0,
        "Selling General And Administration": 37898000.0,
        "General And Administrative Expense": 37898000.0,
        "Other Gand A": 34398000.0,
        "Salaries And Wages": 3500000.0,
        "Gross Profit": -109808000.0,
        "Cost Of Revenue": 693488000.0,
        "Total Revenue": 583680000.0,
        "Operating Revenue": 583680000.0
    },
    "2023-12-31": {
        "Tax Effect Of Unusual Items": -21086703.308231,
        "Tax Rate For Calcs": 0.066662,
        "Normalized EBITDA": 170489000.0,
        "Total Unusual Items": -316325000.0,
        "Total Unusual Items Excluding Goodwill": -316325000.0,
        "Net Income From Continuing Operation Net Minority Interest": -254503000.0,
        "Reconciled Depreciation": 92364000.0,
        "Reconciled Cost Of Revenue": 617459000.0,
        "EBITDA": -145836000.0,
        "EBIT": -238200000.0,
        "Net Interest Income": -33486000.0,
        "Interest Expense": 33486000.0,
        "Normalized Income": 40735296.691769,
        "Net Income From Continuing And Discontinued Operation": -254503000.0,
        "Total Expenses": 1375977000.0,
        "Rent Expense Supplemental": 16390000.0,
        "Total Operating Income As Reported": -217804000.0,
        "Diluted Average Shares": 132990000.0,
        "Basic Average Shares": 132990000.0,
        "Diluted EPS": -1.91,
        "Basic EPS": -1.91,
        "Diluted NI Availto Com Stockholders": -257099000.0,
        "Average Dilution Earnings": -2596000.0,
        "Net Income Common Stockholders": -254503000.0,
        "Otherunder Preferred Stock Dividend": NaN,
        "Net Income": -254503000.0,
        "Minority Interests": -928000.0,
        "Net Income Including Noncontrolling Interests": -253575000.0,
        "Net Income Continuous Operations": -253575000.0,
        "Tax Provision": -18111000.0,
        "Pretax Income": -271686000.0,
        "Other Income Expense": -339317000.0,
        "Other Non Operating Income Expenses": -22992000.0,
        "Special Income Charges": -318921000.0,
        "Other Special Charges": NaN,
        "Impairment Of Capital Assets": 318921000.0,
        "Restructuring And Mergern Acquisition": NaN,
        "Gain On Sale Of Security": 2596000.0,
        "Net Non Operating Interest Income Expense": -33486000.0,
        "Interest Expense Non Operating": 33486000.0,
        "Operating Income": 101117000.0,
        "Operating Expense": 677645000.0,
        "Other Operating Expenses": NaN,
        "Depreciation Amortization Depletion Income Statement": 11491000.0,
        "Depreciation And Amortization In Income Statement": 11491000.0,
        "Selling General And Administration": 47294000.0,
        "General And Administrative Expense": 47294000.0,
        "Other Gand A": 47294000.0,
        "Salaries And Wages": NaN,
        "Gross Profit": 778762000.0,
        "Cost Of Revenue": 698332000.0,
        "Total Revenue": 1477094000.0,
        "Operating Revenue": 1477094000.0
    },
    "2024-03-31": {
        "Tax Effect Of Unusual Items": -2936430.0,
        "Tax Rate For Calcs": 0.21,
        "Normalized EBITDA": 144832000.0,
        "Total Unusual Items": -13983000.0,
        "Total Unusual Items Excluding Goodwill": -13983000.0,
        "Net Income From Continuing Operation Net Minority Interest": -2134000.0,
        "Reconciled Depreciation": 92876000.0,
        "Reconciled Cost Of Revenue": 594182000.0,
        "EBITDA": 130849000.0,
        "EBIT": 37973000.0,
        "Net Interest Income": -32472000.0,
        "Interest Expense": 32472000.0,
        "Normalized Income": 8912570.0,
        "Net Income From Continuing And Discontinued Operation": -2134000.0,
        "Total Expenses": 537038000.0,
        "Rent Expense Supplemental": 18695000.0,
        "Total Operating Income As Reported": 50531000.0,
        "Diluted Average Shares": 132914000.0,
        "Basic Average Shares": 132914000.0,
        "Diluted EPS": -0.02,
        "Basic EPS": -0.02,
        "Diluted NI Availto Com Stockholders": -2134000.0,
        "Average Dilution Earnings": 0.0,
        "Net Income Common Stockholders": -2134000.0,
        "Otherunder Preferred Stock Dividend": 0.0,
        "Net Income": -2134000.0,
        "Minority Interests": -1025000.0,
        "Net Income Including Noncontrolling Interests": -1109000.0,
        "Net Income Continuous Operations": -1109000.0,
        "Tax Provision": 6610000.0,
        "Pretax Income": 5501000.0,
        "Other Income Expense": -19088000.0,
        "Other Non Operating Income Expenses": -5105000.0,
        "Special Income Charges": -6530000.0,
        "Other Special Charges": NaN,
        "Impairment Of Capital Assets": 6530000.0,
        "Restructuring And Mergern Acquisition": NaN,
        "Gain On Sale Of Security": -7453000.0,
        "Net Non Operating Interest Income Expense": -32472000.0,
        "Interest Expense Non Operating": 32472000.0,
        "Operating Income": 57061000.0,
        "Operating Expense": -138655000.0,
        "Other Operating Expenses": -198398000.0,
        "Depreciation Amortization Depletion Income Statement": 11365000.0,
        "Depreciation And Amortization In Income Statement": 11365000.0,
        "Selling General And Administration": 48378000.0,
        "General And Administrative Expense": 48378000.0,
        "Other Gand A": 48378000.0,
        "Salaries And Wages": NaN,
        "Gross Profit": -81594000.0,
        "Cost Of Revenue": 675693000.0,
        "Total Revenue": 594099000.0,
        "Operating Revenue": 594099000.0
    },
    "2024-06-30": {
        "Tax Effect Of Unusual Items": 120543.432089,
        "Tax Rate For Calcs": 0.260917,
        "Normalized EBITDA": 151517000.0,
        "Total Unusual Items": 462000.0,
        "Total Unusual Items Excluding Goodwill": 462000.0,
        "Net Income From Continuing Operation Net Minority Interest": 19435000.0,
        "Reconciled Depreciation": 91162000.0,
        "Reconciled Cost Of Revenue": 599206000.0,
        "EBITDA": 151979000.0,
        "EBIT": 60817000.0,
        "Net Interest Income": -33038000.0,
        "Interest Expense": 33038000.0,
        "Normalized Income": 19093543.432089,
        "Net Income From Continuing And Discontinued Operation": 19435000.0,
        "Total Expenses": 536434000.0,
        "Rent Expense Supplemental": 17540000.0,
        "Total Operating Income As Reported": 52047000.0,
        "Diluted Average Shares": 136029000.0,
        "Basic Average Shares": 133218000.0,
        "Diluted EPS": 0.13,
        "Basic EPS": 0.13,
        "Diluted NI Availto Com Stockholders": 17779000.0,
        "Average Dilution Earnings": 0.0,
        "Net Income Common Stockholders": 17779000.0,
        "Otherunder Preferred Stock Dividend": 1656000.0,
        "Net Income": 19435000.0,
        "Minority Interests": -1096000.0,
        "Net Income Including Noncontrolling Interests": 20531000.0,
        "Net Income Continuous Operations": 20531000.0,
        "Tax Provision": 7248000.0,
        "Pretax Income": 27779000.0,
        "Other Income Expense": 2222000.0,
        "Other Non Operating Income Expenses": 1760000.0,
        "Special Income Charges": -6548000.0,
        "Other Special Charges": NaN,
        "Impairment Of Capital Assets": 6548000.0,
        "Restructuring And Mergern Acquisition": NaN,
        "Gain On Sale Of Security": 7010000.0,
        "Net Non Operating Interest Income Expense": -33038000.0,
        "Interest Expense Non Operating": 33038000.0,
        "Operating Income": 58595000.0,
        "Operating Expense": -142539000.0,
        "Other Operating Expenses": -210946000.0,
        "Depreciation Amortization Depletion Income Statement": 11395000.0,
        "Depreciation And Amortization In Income Statement": 11395000.0,
        "Selling General And Administration": 57012000.0,
        "General And Administrative Expense": 57012000.0,
        "Other Gand A": 57012000.0,
        "Salaries And Wages": NaN,
        "Gross Profit": -83944000.0,
        "Cost Of Revenue": 678973000.0,
        "Total Revenue": 595029000.0,
        "Operating Revenue": 595029000.0
    },
    "2024-09-30": {
        "Tax Effect Of Unusual Items": -1998841.326339,
        "Tax Rate For Calcs": 0.252061,
        "Normalized EBITDA": 162146000.0,
        "Total Unusual Items": -7930000.0,
        "Total Unusual Items Excluding Goodwill": -7930000.0,
        "Net Income From Continuing Operation Net Minority Interest": 22859000.0,
        "Reconciled Depreciation": 90759000.0,
        "Reconciled Cost Of Revenue": 602370000.0,
        "EBITDA": 154216000.0,
        "EBIT": 63457000.0,
        "Net Interest Income": -31429000.0,
        "Interest Expense": 31429000.0,
        "Normalized Income": 28790158.673661,
        "Net Income From Continuing And Discontinued Operation": 22859000.0,
        "Total Expenses": 526162000.0,
        "Rent Expense Supplemental": 17894000.0,
        "Total Operating Income As Reported": 63487000.0,
        "Diluted Average Shares": 136530000.0,
        "Basic Average Shares": 134303000.0,
        "Diluted EPS": 0.15,
        "Basic EPS": 0.16,
        "Diluted NI Availto Com Stockholders": 20926000.0,
        "Average Dilution Earnings": 0.0,
        "Net Income Common Stockholders": 20926000.0,
        "Otherunder Preferred Stock Dividend": 1933000.0,
        "Net Income": 22859000.0,
        "Minority Interests": -1096000.0,
        "Net Income Including Noncontrolling Interests": 23955000.0,
        "Net Income Continuous Operations": 23955000.0,
        "Tax Provision": 8073000.0,
        "Pretax Income": 32028000.0,
        "Other Income Expense": -7930000.0,
        "Other Non Operating Income Expenses": NaN,
        "Special Income Charges": -10173000.0,
        "Other Special Charges": 4173000.0,
        "Impairment Of Capital Assets": 0.0,
        "Restructuring And Mergern Acquisition": 6000000.0,
        "Gain On Sale Of Security": 2243000.0,
        "Net Non Operating Interest Income Expense": -31429000.0,
        "Interest Expense Non Operating": 31429000.0,
        "Operating Income": 71387000.0,
        "Operating Expense": -155704000.0,
        "Other Operating Expenses": -208309000.0,
        "Depreciation Amortization Depletion Income Statement": 11263000.0,
        "Depreciation And Amortization In Income Statement": 11263000.0,
        "Selling General And Administration": 41342000.0,
        "General And Administrative Expense": 41342000.0,
        "Other Gand A": 40942000.0,
        "Salaries And Wages": 400000.0,
        "Gross Profit": -84317000.0,
        "Cost Of Revenue": 681866000.0,
        "Total Revenue": 597549000.0,
        "Operating Revenue": 597549000.0
    }
}