{
    "2023-03-31": {
        "Tax Effect Of Unusual Items": 0.0,
        "Tax Rate For Calcs": 0.4,
        "Normalized EBITDA": 1862000.0,
        "Net Income From Continuing Operation Net Minority Interest": 481000.0,
        "Reconciled Cost Of Revenue": 76244000.0,
        "EBITDA": 1862000.0,
        "EBIT": 1862000.0,
        "Net Interest Income": -5259000.0,
        "Interest Expense": 5259000.0,
        "Normalized Income": 481000.0,
        "Net Income From Continuing And Discontinued Operation": 481000.0,
        "Total Expenses": 143416000.0,
        "Diluted NI Availto Com Stockholders": 481000.0,
        "Net Income Common Stockholders": 481000.0,
        "Net Income": 481000.0,
        "Minority Interests": 299000.0,
        "Net Income Including Noncontrolling Interests": 182000.0,
        "Net Income Continuous Operations": 182000.0,
        "Tax Provision": -3579000.0,
        "Pretax Income": -3397000.0,
        "Other Income Expense": -3605000.0,
        "Other Non Operating Income Expenses": -3605000.0,
        "Net Non Operating Interest Income Expense": -5259000.0,
        "Interest Expense Non Operating": 5259000.0,
        "Operating Income": 5467000.0,
        "Operating Expense": 67172000.0,
        "Selling General And Administration": 67172000.0,
        "Selling And Marketing Expense": 42433000.0,
        "General And Administrative Expense": 24739000.0,
        "Other Gand A": 24739000.0,
        "Gross Profit": 72639000.0,
        "Cost Of Revenue": 76244000.0,
        "Total Revenue": 148883000.0,
        "Operating Revenue": 148883000.0
    },
    "2022-12-31": {
        "Tax Effect Of Unusual Items": 0.0,
        "Tax Rate For Calcs": 0.35399,
        "Normalized EBITDA": -17333000.0,
        "Net Income From Continuing Operation Net Minority Interest": -24679000.0,
        "Reconciled Cost Of Revenue": 234030000.0,
        "EBITDA": -17333000.0,
        "EBIT": -17333000.0,
        "Net Interest Income": -19191000.0,
        "Interest Expense": 19346000.0,
        "Normalized Income": -24679000.0,
        "Net Income From Continuing And Discontinued Operation": -24679000.0,
        "Total Expenses": 503865000.0,
        "Diluted NI Availto Com Stockholders": -24679000.0,
        "Net Income Common Stockholders": -24679000.0,
        "Net Income": -24679000.0,
        "Minority Interests": -984000.0,
        "Net Income Including Noncontrolling Interests": -23695000.0,
        "Net Income Continuous Operations": -23695000.0,
        "Tax Provision": -12984000.0,
        "Pretax Income": -36679000.0,
        "Other Income Expense": -16667000.0,
        "Other Non Operating Income Expenses": -16667000.0,
        "Net Non Operating Interest Income Expense": -19191000.0,
        "Interest Expense Non Operating": 19346000.0,
        "Operating Income": -821000.0,
        "Operating Expense": 269835000.0,
        "Selling General And Administration": 269835000.0,
        "Selling And Marketing Expense": 164991000.0,
        "General And Administrative Expense": 104844000.0,
        "Other Gand A": 104844000.0,
        "Gross Profit": 269014000.0,
        "Cost Of Revenue": 234030000.0,
        "Total Revenue": 503044000.0,
        "Operating Revenue": 503044000.0
    },
    "2022-09-30": {
        "Tax Effect Of Unusual Items": 0.0,
        "Tax Rate For Calcs": 0.080543,
        "Normalized EBITDA": -67642000.0,
        "Net Income From Continuing Operation Net Minority Interest": -46947000.0,
        "Reconciled Cost Of Revenue": -69423000.0,
        "EBITDA": -67642000.0,
        "EBIT": -67642000.0,
        "Net Interest Income": 14636000.0,
        "Interest Expense": -14714000.0,
        "Normalized Income": -46947000.0,
        "Net Income From Continuing And Discontinued Operation": -46947000.0,
        "Total Expenses": -139740000.0,
        "Diluted Average Shares": 41937143.0,
        "Basic Average Shares": 41937143.0,
        "Diluted EPS": -1.495449,
        "Basic EPS": -1.495449,
        "Diluted NI Availto Com Stockholders": -46947000.0,
        "Net Income Common Stockholders": -46947000.0,
        "Net Income": -46947000.0,
        "Minority Interests": 1718000.0,
        "Net Income Including Noncontrolling Interests": -48665000.0,
        "Net Income Continuous Operations": -48665000.0,
        "Tax Provision": -4263000.0,
        "Pretax Income": -52928000.0,
        "Other Income Expense": -35757000.0,
        "Other Non Operating Income Expenses": -35757000.0,
        "Net Non Operating Interest Income Expense": 14636000.0,
        "Interest Expense Non Operating": -14714000.0,
        "Operating Income": -31807000.0,
        "Operating Expense": -70317000.0,
        "Selling General And Administration": -70317000.0,
        "Selling And Marketing Expense": -50209000.0,
        "General And Administrative Expense": -20108000.0,
        "Other Gand A": -20108000.0,
        "Gross Profit": -102124000.0,
        "Cost Of Revenue": -69423000.0,
        "Total Revenue": -171547000.0,
        "Operating Revenue": -171547000.0
    },
    "2022-06-30": {
        "Tax Effect Of Unusual Items": 0.0,
        "Tax Rate For Calcs": 0.4,
        "Normalized EBITDA": 7825000.0,
        "Net Income From Continuing Operation Net Minority Interest": -1396000.0,
        "Reconciled Cost Of Revenue": 78246000.0,
        "EBITDA": 7825000.0,
        "EBIT": 7825000.0,
        "Net Interest Income": -9812000.0,
        "Interest Expense": 9890000.0,
        "Interest Income": 78000.0,
        "Normalized Income": -1396000.0,
        "Net Income From Continuing And Discontinued Operation": -1396000.0,
        "Total Expenses": 171196000.0,
        "Diluted Average Shares": 22509524.0,
        "Basic Average Shares": 22509524.0,
        "Diluted EPS": -0.06,
        "Basic EPS": -0.06,
        "Diluted NI Availto Com Stockholders": -1396000.0,
        "Net Income Common Stockholders": -1396000.0,
        "Net Income": -1396000.0,
        "Minority Interests": -299000.0,
        "Net Income Including Noncontrolling Interests": -1097000.0,
        "Net Income Continuous Operations": -1097000.0,
        "Tax Provision": -968000.0,
        "Pretax Income": -2065000.0,
        "Other Income Expense": 1049000.0,
        "Other Non Operating Income Expenses": 1049000.0,
        "Earnings From Equity Interest": 0.0,
        "Net Non Operating Interest Income Expense": -9812000.0,
        "Interest Expense Non Operating": 9890000.0,
        "Interest Income Non Operating": 78000.0,
        "Operating Income": 6698000.0,
        "Operating Expense": 92950000.0,
        "Selling General And Administration": 92950000.0,
        "Selling And Marketing Expense": 58768000.0,
        "General And Administrative Expense": 34182000.0,
        "Other Gand A": 34182000.0,
        "Gross Profit": 99648000.0,
        "Cost Of Revenue": 78246000.0,
        "Total Revenue": 177894000.0,
        "Operating Revenue": 177894000.0
    },
    "2022-03-31": {
        "Diluted EPS": -0.03,
        "Total Revenue": 25,
        "Gross Profit": 14,
        "Operating Income": 0,
        "EBIT": 1,
        "Net Income": -1
    },
    "2021-06-30": {
        "Diluted EPS": -1.65,
        "Total Revenue": 35,
        "Gross Profit": 21,
        "Operating Income": -4,
        "EBIT": -3,
        "Net Income": -38
    },
    "2021-03-31": {
        "Diluted EPS": -0.12,
        "Total Revenue": 32,
        "Gross Profit": 19,
        "Operating Income": -3,
        "EBIT": -2,
        "Net Income": -3
    },
    "2020-12-31": {
        "Diluted EPS": -0.55,
        "Total Revenue": 53,
        "Gross Profit": 34,
        "Operating Income": -6,
        "EBIT": -4,
        "Net Income": -12
    },
    "2020-09-30": {
        "Diluted EPS": -0.12,
        "Total Revenue": 41,
        "Gross Profit": 26,
        "Operating Income": -4,
        "EBIT": -3,
        "Net Income": -2
    },
    "2020-06-30": {
        "Diluted EPS": -0.39,
        "Total Revenue": 24,
        "Gross Profit": 13,
        "Operating Income": -9,
        "EBIT": -8,
        "Net Income": -9
    },
    "2020-03-31": {
        "Diluted EPS": -0.51,
        "Total Revenue": 13,
        "Gross Profit": 5,
        "Operating Income": -14,
        "EBIT": -13,
        "Net Income": -11
    },
    "2019-09-30": {
        "Diluted EPS": -0.06,
        "Total Revenue": 33,
        "Gross Profit": 23,
        "Operating Income": 0,
        "EBIT": 1,
        "Net Income": 17
    },
    "2019-06-30": {
        "Diluted EPS": 0.0,
        "Total Revenue": NaN,
        "Gross Profit": NaN,
        "Operating Income": NaN,
        "EBIT": NaN,
        "Net Income": NaN
    },
    "2018-12-31": {
        "Diluted EPS": 0.0,
        "Total Revenue": NaN,
        "Gross Profit": NaN,
        "Operating Income": NaN,
        "EBIT": NaN,
        "Net Income": NaN
    },
    "2023-06-30": {
        "Tax Effect Of Unusual Items": 0.0,
        "Tax Rate For Calcs": 0.362042,
        "Normalized EBITDA": -13687000.0,
        "Net Income From Continuing Operation Net Minority Interest": -10559000.0,
        "Reconciled Cost Of Revenue": 91303000.0,
        "EBITDA": -13687000.0,
        "EBIT": -13687000.0,
        "Net Interest Income": -4313000.0,
        "Interest Expense": 4391000.0,
        "Normalized Income": -10559000.0,
        "Net Income From Continuing And Discontinued Operation": -10559000.0,
        "Total Expenses": 183912000.0,
        "Diluted NI Availto Com Stockholders": -10559000.0,
        "Net Income Common Stockholders": -10559000.0,
        "Net Income": -10559000.0,
        "Minority Interests": 974000.0,
        "Net Income Including Noncontrolling Interests": -11533000.0,
        "Net Income Continuous Operations": -11533000.0,
        "Tax Provision": -6545000.0,
        "Pretax Income": -18078000.0,
        "Other Income Expense": -273000.0,
        "Other Non Operating Income Expenses": -273000.0,
        "Net Non Operating Interest Income Expense": -4313000.0,
        "Interest Expense Non Operating": 4391000.0,
        "Operating Income": -13492000.0,
        "Operating Expense": 92609000.0,
        "Selling General And Administration": 92609000.0,
        "Selling And Marketing Expense": 62680000.0,
        "General And Administrative Expense": 29929000.0,
        "Other Gand A": 29929000.0,
        "Gross Profit": 79117000.0,
        "Cost Of Revenue": 91303000.0,
        "Total Revenue": 170420000.0,
        "Operating Revenue": 170420000.0
    }
}