{
    "2023-03-31": {
        "Tax Effect Of Unusual Items": NaN,
        "Tax Rate For Calcs": NaN,
        "Normalized EBITDA": NaN,
        "Total Unusual Items": NaN,
        "Total Unusual Items Excluding Goodwill": NaN,
        "Net Income From Continuing Operation Net Minority Interest": NaN,
        "Reconciled Depreciation": NaN,
        "Reconciled Cost Of Revenue": NaN,
        "EBITDA": NaN,
        "EBIT": NaN,
        "Net Interest Income": NaN,
        "Interest Expense": NaN,
        "Normalized Income": NaN,
        "Net Income From Continuing And Discontinued Operation": NaN,
        "Total Expenses": NaN,
        "Total Operating Income As Reported": NaN,
        "Diluted Average Shares": 56443370.0,
        "Basic Average Shares": 56443370.0,
        "Diluted EPS": -0.000248,
        "Basic EPS": -0.000248,
        "Diluted NI Availto Com Stockholders": NaN,
        "Net Income Common Stockholders": NaN,
        "Net Income": NaN,
        "Net Income Including Noncontrolling Interests": NaN,
        "Net Income Continuous Operations": NaN,
        "Tax Provision": NaN,
        "Pretax Income": NaN,
        "Other Income Expense": NaN,
        "Special Income Charges": NaN,
        "Gain On Sale Of Ppe": NaN,
        "Net Non Operating Interest Income Expense": NaN,
        "Interest Expense Non Operating": NaN,
        "Operating Income": NaN,
        "Operating Expense": NaN,
        "Depreciation Amortization Depletion Income Statement": NaN,
        "Depreciation And Amortization In Income Statement": NaN,
        "Selling General And Administration": NaN,
        "Gross Profit": NaN,
        "Cost Of Revenue": NaN,
        "Total Revenue": NaN,
        "Operating Revenue": NaN
    },
    "2022-12-31": {
        "Tax Effect Of Unusual Items": -76634.56665,
        "Tax Rate For Calcs": 0.088697,
        "Normalized EBITDA": -2879000.0,
        "Total Unusual Items": -864000.0,
        "Total Unusual Items Excluding Goodwill": -864000.0,
        "Net Income From Continuing Operation Net Minority Interest": -7192000.0,
        "Reconciled Depreciation": 2219000.0,
        "Reconciled Cost Of Revenue": 15739000.0,
        "EBITDA": -3743000.0,
        "EBIT": -5962000.0,
        "Net Interest Income": -1930000.0,
        "Interest Expense": 1930000.0,
        "Normalized Income": -6404634.56665,
        "Net Income From Continuing And Discontinued Operation": -7192000.0,
        "Total Expenses": 45802000.0,
        "Total Operating Income As Reported": -5962000.0,
        "Diluted Average Shares": NaN,
        "Basic Average Shares": NaN,
        "Diluted EPS": NaN,
        "Basic EPS": NaN,
        "Diluted NI Availto Com Stockholders": -7192000.0,
        "Net Income Common Stockholders": -7192000.0,
        "Net Income": -7192000.0,
        "Net Income Including Noncontrolling Interests": -7192000.0,
        "Net Income Continuous Operations": -7192000.0,
        "Tax Provision": -700000.0,
        "Pretax Income": -7892000.0,
        "Other Income Expense": -864000.0,
        "Special Income Charges": -864000.0,
        "Gain On Sale Of Ppe": 68000.0,
        "Net Non Operating Interest Income Expense": -1930000.0,
        "Interest Expense Non Operating": 1930000.0,
        "Operating Income": -5098000.0,
        "Operating Expense": 30063000.0,
        "Depreciation Amortization Depletion Income Statement": 2219000.0,
        "Depreciation And Amortization In Income Statement": 2219000.0,
        "Selling General And Administration": 27844000.0,
        "Gross Profit": 24965000.0,
        "Cost Of Revenue": 15739000.0,
        "Total Revenue": 40704000.0,
        "Operating Revenue": 40704000.0
    },
    "2022-09-30": {
        "Tax Effect Of Unusual Items": NaN,
        "Tax Rate For Calcs": NaN,
        "Normalized EBITDA": NaN,
        "Total Unusual Items": NaN,
        "Total Unusual Items Excluding Goodwill": NaN,
        "Net Income From Continuing Operation Net Minority Interest": NaN,
        "Reconciled Depreciation": NaN,
        "Reconciled Cost Of Revenue": NaN,
        "EBITDA": NaN,
        "EBIT": NaN,
        "Net Interest Income": NaN,
        "Interest Expense": NaN,
        "Normalized Income": NaN,
        "Net Income From Continuing And Discontinued Operation": NaN,
        "Total Expenses": NaN,
        "Total Operating Income As Reported": NaN,
        "Diluted Average Shares": 55640154.0,
        "Basic Average Shares": 55640154.0,
        "Diluted EPS": -0.13,
        "Basic EPS": -0.13,
        "Diluted NI Availto Com Stockholders": NaN,
        "Net Income Common Stockholders": NaN,
        "Net Income": NaN,
        "Net Income Including Noncontrolling Interests": NaN,
        "Net Income Continuous Operations": NaN,
        "Tax Provision": NaN,
        "Pretax Income": NaN,
        "Other Income Expense": NaN,
        "Special Income Charges": NaN,
        "Gain On Sale Of Ppe": NaN,
        "Net Non Operating Interest Income Expense": NaN,
        "Interest Expense Non Operating": NaN,
        "Operating Income": NaN,
        "Operating Expense": NaN,
        "Depreciation Amortization Depletion Income Statement": NaN,
        "Depreciation And Amortization In Income Statement": NaN,
        "Selling General And Administration": NaN,
        "Gross Profit": NaN,
        "Cost Of Revenue": NaN,
        "Total Revenue": NaN,
        "Operating Revenue": NaN
    },
    "2022-06-30": {
        "Tax Effect Of Unusual Items": -90800.0,
        "Tax Rate For Calcs": 0.4,
        "Normalized EBITDA": 6152000.0,
        "Total Unusual Items": -227000.0,
        "Total Unusual Items Excluding Goodwill": -227000.0,
        "Net Income From Continuing Operation Net Minority Interest": 583000.0,
        "Reconciled Depreciation": 1962000.0,
        "Reconciled Cost Of Revenue": 17492000.0,
        "EBITDA": 5925000.0,
        "EBIT": 3963000.0,
        "Net Interest Income": -1559000.0,
        "Interest Expense": 1559000.0,
        "Normalized Income": 719200.0,
        "Net Income From Continuing And Discontinued Operation": 583000.0,
        "Total Expenses": 45464000.0,
        "Total Operating Income As Reported": 3963000.0,
        "Diluted Average Shares": 58360685.0,
        "Basic Average Shares": 55640154.0,
        "Diluted EPS": 0.01,
        "Basic EPS": 0.01,
        "Diluted NI Availto Com Stockholders": 583000.0,
        "Net Income Common Stockholders": 583000.0,
        "Net Income": 583000.0,
        "Net Income Including Noncontrolling Interests": 583000.0,
        "Net Income Continuous Operations": 583000.0,
        "Tax Provision": 1821000.0,
        "Pretax Income": 2404000.0,
        "Other Income Expense": -227000.0,
        "Special Income Charges": -227000.0,
        "Gain On Sale Of Ppe": -227000.0,
        "Net Non Operating Interest Income Expense": -1559000.0,
        "Interest Expense Non Operating": 1559000.0,
        "Operating Income": 4190000.0,
        "Operating Expense": 27972000.0,
        "Depreciation Amortization Depletion Income Statement": 1962000.0,
        "Depreciation And Amortization In Income Statement": 1962000.0,
        "Selling General And Administration": 26010000.0,
        "Gross Profit": 32162000.0,
        "Cost Of Revenue": 17492000.0,
        "Total Revenue": 49654000.0,
        "Operating Revenue": 49654000.0
    },
    "2022-03-31": {
        "Diluted EPS": -0.01,
        "Total Revenue": 40,
        "Gross Profit": 25,
        "Operating Income": -1,
        "EBIT": 1,
        "Net Income": -1
    },
    "2021-12-31": {
        "Diluted EPS": 0.0,
        "Total Revenue": 38,
        "Gross Profit": 24,
        "Operating Income": -12,
        "EBIT": -10,
        "Net Income": -25
    },
    "2021-09-30": {
        "Diluted EPS": 0.0,
        "Total Revenue": 35,
        "Gross Profit": 23,
        "Operating Income": 10,
        "EBIT": 11,
        "Net Income": 8
    },
    "2021-06-30": {
        "Diluted EPS": 0.0,
        "Total Revenue": 35,
        "Gross Profit": 24,
        "Operating Income": 11,
        "EBIT": 13,
        "Net Income": 10
    },
    "2021-03-31": {
        "Diluted EPS": 0.0,
        "Total Revenue": 26,
        "Gross Profit": 17,
        "Operating Income": 7,
        "EBIT": 9,
        "Net Income": 7
    },
    "2020-12-31": {
        "Diluted EPS": 0.0,
        "Total Revenue": NaN,
        "Gross Profit": NaN,
        "Operating Income": NaN,
        "EBIT": NaN,
        "Net Income": NaN
    },
    "2019-12-31": {
        "Diluted EPS": 0.0,
        "Total Revenue": NaN,
        "Gross Profit": NaN,
        "Operating Income": NaN,
        "EBIT": NaN,
        "Net Income": NaN
    },
    "2023-06-30": {
        "Tax Effect Of Unusual Items": NaN,
        "Tax Rate For Calcs": NaN,
        "Normalized EBITDA": NaN,
        "Total Unusual Items": NaN,
        "Total Unusual Items Excluding Goodwill": NaN,
        "Net Income From Continuing Operation Net Minority Interest": NaN,
        "Reconciled Depreciation": NaN,
        "Reconciled Cost Of Revenue": NaN,
        "EBITDA": NaN,
        "EBIT": NaN,
        "Net Interest Income": NaN,
        "Interest Expense": NaN,
        "Normalized Income": NaN,
        "Net Income From Continuing And Discontinued Operation": NaN,
        "Total Expenses": NaN,
        "Total Operating Income As Reported": NaN,
        "Diluted Average Shares": 58511766.0,
        "Basic Average Shares": 56753498.0,
        "Diluted EPS": 0.03,
        "Basic EPS": 0.03,
        "Diluted NI Availto Com Stockholders": NaN,
        "Net Income Common Stockholders": NaN,
        "Net Income": NaN,
        "Net Income Including Noncontrolling Interests": NaN,
        "Net Income Continuous Operations": NaN,
        "Tax Provision": NaN,
        "Pretax Income": NaN,
        "Other Income Expense": 18000.0,
        "Special Income Charges": NaN,
        "Gain On Sale Of Ppe": NaN,
        "Net Non Operating Interest Income Expense": NaN,
        "Interest Expense Non Operating": NaN,
        "Operating Income": NaN,
        "Operating Expense": NaN,
        "Depreciation Amortization Depletion Income Statement": NaN,
        "Depreciation And Amortization In Income Statement": NaN,
        "Selling General And Administration": NaN,
        "Gross Profit": NaN,
        "Cost Of Revenue": NaN,
        "Total Revenue": NaN,
        "Operating Revenue": NaN
    },
    "2023-09-30": {
        "Tax Effect Of Unusual Items": -840.0,
        "Tax Rate For Calcs": 0.21,
        "Normalized EBITDA": 3609000.0,
        "Total Unusual Items": -4000.0,
        "Total Unusual Items Excluding Goodwill": -4000.0,
        "Net Income From Continuing Operation Net Minority Interest": -1667000.0,
        "Reconciled Depreciation": 2650000.0,
        "Reconciled Cost Of Revenue": 18154000.0,
        "EBITDA": 3605000.0,
        "EBIT": 955000.0,
        "Net Interest Income": -1836000.0,
        "Interest Expense": 1836000.0,
        "Normalized Income": -1663840.0,
        "Net Income From Continuing And Discontinued Operation": -1667000.0,
        "Total Expenses": 45834000.0,
        "Total Operating Income As Reported": 955000.0,
        "Diluted Average Shares": 56785087.0,
        "Basic Average Shares": 56785087.0,
        "Diluted EPS": -0.03,
        "Basic EPS": -0.03,
        "Diluted NI Availto Com Stockholders": -1667000.0,
        "Net Income Common Stockholders": -1667000.0,
        "Net Income": -1667000.0,
        "Net Income Including Noncontrolling Interests": -1667000.0,
        "Net Income Continuous Operations": -1667000.0,
        "Tax Provision": 786000.0,
        "Pretax Income": -881000.0,
        "Other Income Expense": -4000.0,
        "Special Income Charges": -4000.0,
        "Gain On Sale Of Ppe": -4000.0,
        "Net Non Operating Interest Income Expense": -1836000.0,
        "Interest Expense Non Operating": 1836000.0,
        "Operating Income": 959000.0,
        "Operating Expense": 27659000.0,
        "Depreciation Amortization Depletion Income Statement": 2629000.0,
        "Depreciation And Amortization In Income Statement": 2629000.0,
        "Selling General And Administration": 25030000.0,
        "Gross Profit": 28618000.0,
        "Cost Of Revenue": 18175000.0,
        "Total Revenue": 46793000.0,
        "Operating Revenue": 46793000.0
    },
    "2023-12-31": {
        "Tax Effect Of Unusual Items": 2940.0,
        "Tax Rate For Calcs": 0.21,
        "Normalized EBITDA": 4164000.0,
        "Total Unusual Items": 14000.0,
        "Total Unusual Items Excluding Goodwill": 14000.0,
        "Net Income From Continuing Operation Net Minority Interest": -4574000.0,
        "Reconciled Depreciation": 2774000.0,
        "Reconciled Cost Of Revenue": 17868000.0,
        "EBITDA": 4178000.0,
        "EBIT": 1404000.0,
        "Net Interest Income": -1023000.0,
        "Interest Expense": 1023000.0,
        "Normalized Income": -4585060.0,
        "Net Income From Continuing And Discontinued Operation": -4574000.0,
        "Total Expenses": 46218000.0,
        "Total Operating Income As Reported": 1404000.0,
        "Diluted Average Shares": NaN,
        "Basic Average Shares": NaN,
        "Diluted EPS": NaN,
        "Basic EPS": NaN,
        "Diluted NI Availto Com Stockholders": -4574000.0,
        "Net Income Common Stockholders": -4574000.0,
        "Net Income": -4574000.0,
        "Net Income Including Noncontrolling Interests": -4574000.0,
        "Net Income Continuous Operations": -4574000.0,
        "Tax Provision": 4955000.0,
        "Pretax Income": 381000.0,
        "Other Income Expense": 14000.0,
        "Special Income Charges": 14000.0,
        "Gain On Sale Of Ppe": 14000.0,
        "Net Non Operating Interest Income Expense": -1023000.0,
        "Interest Expense Non Operating": 1023000.0,
        "Operating Income": 1390000.0,
        "Operating Expense": 28350000.0,
        "Depreciation Amortization Depletion Income Statement": 2774000.0,
        "Depreciation And Amortization In Income Statement": 2774000.0,
        "Selling General And Administration": 25576000.0,
        "Gross Profit": 29740000.0,
        "Cost Of Revenue": 17868000.0,
        "Total Revenue": 47608000.0,
        "Operating Revenue": 47608000.0
    },
    "2024-03-31": {
        "Tax Effect Of Unusual Items": -1820.0,
        "Tax Rate For Calcs": 0.364,
        "Normalized EBITDA": 13822000.0,
        "Total Unusual Items": -5000.0,
        "Total Unusual Items Excluding Goodwill": -5000.0,
        "Net Income From Continuing Operation Net Minority Interest": 6029000.0,
        "Reconciled Depreciation": 2805000.0,
        "Reconciled Cost Of Revenue": 18042000.0,
        "EBITDA": 13817000.0,
        "EBIT": 11012000.0,
        "Net Interest Income": -1532000.0,
        "Interest Expense": 1532000.0,
        "Normalized Income": 6032180.0,
        "Net Income From Continuing And Discontinued Operation": 6029000.0,
        "Total Expenses": 36603000.0,
        "Total Operating Income As Reported": 11012000.0,
        "Diluted Average Shares": 58415163.0,
        "Basic Average Shares": 57422058.0,
        "Diluted EPS": 0.1,
        "Basic EPS": 0.1,
        "Diluted NI Availto Com Stockholders": 6029000.0,
        "Net Income Common Stockholders": 6029000.0,
        "Net Income": 6029000.0,
        "Net Income Including Noncontrolling Interests": 6029000.0,
        "Net Income Continuous Operations": 6029000.0,
        "Tax Provision": 3451000.0,
        "Pretax Income": 9480000.0,
        "Other Income Expense": -5000.0,
        "Special Income Charges": -5000.0,
        "Gain On Sale Of Ppe": -5000.0,
        "Net Non Operating Interest Income Expense": -1532000.0,
        "Interest Expense Non Operating": 1532000.0,
        "Operating Income": 11017000.0,
        "Operating Expense": 18561000.0,
        "Depreciation Amortization Depletion Income Statement": 2805000.0,
        "Depreciation And Amortization In Income Statement": 2805000.0,
        "Selling General And Administration": 15756000.0,
        "Gross Profit": 29578000.0,
        "Cost Of Revenue": 18042000.0,
        "Total Revenue": 47620000.0,
        "Operating Revenue": 47620000.0
    },
    "2024-06-30": {
        "Tax Effect Of Unusual Items": 210.0,
        "Tax Rate For Calcs": 0.21,
        "Normalized EBITDA": -2097000.0,
        "Total Unusual Items": 1000.0,
        "Total Unusual Items Excluding Goodwill": 1000.0,
        "Net Income From Continuing Operation Net Minority Interest": -3206000.0,
        "Reconciled Depreciation": 2885000.0,
        "Reconciled Cost Of Revenue": 18827000.0,
        "EBITDA": -2096000.0,
        "EBIT": -4981000.0,
        "Net Interest Income": -1515000.0,
        "Interest Expense": 1515000.0,
        "Normalized Income": -3206790.0,
        "Net Income From Continuing And Discontinued Operation": -3206000.0,
        "Total Expenses": 55986000.0,
        "Total Operating Income As Reported": -4981000.0,
        "Diluted Average Shares": 57557178.0,
        "Basic Average Shares": 57557178.0,
        "Diluted EPS": -0.06,
        "Basic EPS": -0.06,
        "Diluted NI Availto Com Stockholders": -3206000.0,
        "Net Income Common Stockholders": -3206000.0,
        "Net Income": -3206000.0,
        "Net Income Including Noncontrolling Interests": -3206000.0,
        "Net Income Continuous Operations": -3206000.0,
        "Tax Provision": -3290000.0,
        "Pretax Income": -6496000.0,
        "Other Income Expense": 1000.0,
        "Special Income Charges": 1000.0,
        "Gain On Sale Of Ppe": 1000.0,
        "Net Non Operating Interest Income Expense": -1515000.0,
        "Interest Expense Non Operating": 1515000.0,
        "Operating Income": -4982000.0,
        "Operating Expense": 37159000.0,
        "Depreciation Amortization Depletion Income Statement": 2885000.0,
        "Depreciation And Amortization In Income Statement": 2885000.0,
        "Selling General And Administration": 34274000.0,
        "Gross Profit": 32177000.0,
        "Cost Of Revenue": 18827000.0,
        "Total Revenue": 51004000.0,
        "Operating Revenue": 51004000.0
    },
    "2024-09-30": {
        "Tax Effect Of Unusual Items": 0.0,
        "Tax Rate For Calcs": 0.21,
        "Normalized EBITDA": -706000.0,
        "Total Unusual Items": 0.0,
        "Total Unusual Items Excluding Goodwill": 0.0,
        "Net Income From Continuing Operation Net Minority Interest": -6040000.0,
        "Reconciled Depreciation": 3010000.0,
        "Reconciled Cost Of Revenue": 17759000.0,
        "EBITDA": -706000.0,
        "EBIT": -3716000.0,
        "Net Interest Income": -1591000.0,
        "Interest Expense": 1591000.0,
        "Normalized Income": -6040000.0,
        "Net Income From Continuing And Discontinued Operation": -6040000.0,
        "Total Expenses": 46264000.0,
        "Total Operating Income As Reported": -3716000.0,
        "Diluted Average Shares": 57650923.0,
        "Basic Average Shares": 57650923.0,
        "Diluted EPS": -0.1,
        "Basic EPS": -0.1,
        "Diluted NI Availto Com Stockholders": -6040000.0,
        "Net Income Common Stockholders": -6040000.0,
        "Net Income": -6040000.0,
        "Net Income Including Noncontrolling Interests": -6040000.0,
        "Net Income Continuous Operations": -6040000.0,
        "Tax Provision": 733000.0,
        "Pretax Income": -5307000.0,
        "Other Income Expense": NaN,
        "Special Income Charges": 0.0,
        "Gain On Sale Of Ppe": 0.0,
        "Net Non Operating Interest Income Expense": -1591000.0,
        "Interest Expense Non Operating": 1591000.0,
        "Operating Income": -3716000.0,
        "Operating Expense": 28498000.0,
        "Depreciation Amortization Depletion Income Statement": 3003000.0,
        "Depreciation And Amortization In Income Statement": 3003000.0,
        "Selling General And Administration": 25495000.0,
        "Gross Profit": 24782000.0,
        "Cost Of Revenue": 17766000.0,
        "Total Revenue": 42548000.0,
        "Operating Revenue": 42548000.0
    }
}