{
    "2023-03-31": {
        "Tax Effect Of Unusual Items": -1191960.0,
        "Tax Rate For Calcs": 0.21,
        "Normalized EBITDA": -23000.0,
        "Total Unusual Items": -5676000.0,
        "Total Unusual Items Excluding Goodwill": -5676000.0,
        "Net Income From Continuing Operation Net Minority Interest": -9040000.0,
        "Reconciled Depreciation": 1178000.0,
        "Reconciled Cost Of Revenue": 62771000.0,
        "EBITDA": -5699000.0,
        "EBIT": -6877000.0,
        "Net Interest Income": -1914000.0,
        "Interest Expense": 1911000.0,
        "Normalized Income": -4555960.0,
        "Net Income From Continuing And Discontinued Operation": -9040000.0,
        "Total Expenses": 74255000.0,
        "Total Operating Income As Reported": -5554000.0,
        "Diluted Average Shares": NaN,
        "Basic Average Shares": NaN,
        "Diluted EPS": NaN,
        "Basic EPS": NaN,
        "Diluted NI Availto Com Stockholders": -9040000.0,
        "Net Income Common Stockholders": -9040000.0,
        "Net Income": -9040000.0,
        "Minority Interests": 716000.0,
        "Net Income Including Noncontrolling Interests": -9756000.0,
        "Net Income Continuous Operations": -9756000.0,
        "Tax Provision": 968000.0,
        "Pretax Income": -8788000.0,
        "Other Income Expense": -6996000.0,
        "Other Non Operating Income Expenses": 137000.0,
        "Special Income Charges": -5676000.0,
        "Gain On Sale Of Ppe": -10000.0,
        "Write Off": 5666000.0,
        "Impairment Of Capital Assets": 0.0,
        "Earnings From Equity Interest": -1457000.0,
        "Net Non Operating Interest Income Expense": -1914000.0,
        "Interest Expense Non Operating": 1911000.0,
        "Operating Income": 122000.0,
        "Operating Expense": 11484000.0,
        "Selling General And Administration": 11484000.0,
        "General And Administrative Expense": 11484000.0,
        "Other Gand A": 11484000.0,
        "Gross Profit": 11606000.0,
        "Cost Of Revenue": 62771000.0,
        "Total Revenue": 74377000.0,
        "Operating Revenue": 74377000.0
    },
    "2022-12-31": {
        "Tax Effect Of Unusual Items": NaN,
        "Tax Rate For Calcs": NaN,
        "Normalized EBITDA": NaN,
        "Total Unusual Items": -638000.0,
        "Total Unusual Items Excluding Goodwill": -638000.0,
        "Net Income From Continuing Operation Net Minority Interest": NaN,
        "Reconciled Depreciation": NaN,
        "Reconciled Cost Of Revenue": NaN,
        "EBITDA": NaN,
        "EBIT": NaN,
        "Net Interest Income": NaN,
        "Interest Expense": NaN,
        "Normalized Income": NaN,
        "Net Income From Continuing And Discontinued Operation": NaN,
        "Total Expenses": NaN,
        "Total Operating Income As Reported": NaN,
        "Diluted Average Shares": 2836000.0,
        "Basic Average Shares": 2836000.0,
        "Diluted EPS": -0.21,
        "Basic EPS": -0.21,
        "Diluted NI Availto Com Stockholders": NaN,
        "Net Income Common Stockholders": NaN,
        "Net Income": NaN,
        "Minority Interests": NaN,
        "Net Income Including Noncontrolling Interests": NaN,
        "Net Income Continuous Operations": NaN,
        "Tax Provision": NaN,
        "Pretax Income": NaN,
        "Other Income Expense": NaN,
        "Other Non Operating Income Expenses": NaN,
        "Special Income Charges": -638000.0,
        "Gain On Sale Of Ppe": 0.0,
        "Write Off": 638000.0,
        "Impairment Of Capital Assets": 0.0,
        "Earnings From Equity Interest": NaN,
        "Net Non Operating Interest Income Expense": NaN,
        "Interest Expense Non Operating": NaN,
        "Operating Income": NaN,
        "Operating Expense": NaN,
        "Selling General And Administration": NaN,
        "General And Administrative Expense": NaN,
        "Other Gand A": NaN,
        "Gross Profit": NaN,
        "Cost Of Revenue": NaN,
        "Total Revenue": NaN,
        "Operating Revenue": NaN
    },
    "2022-09-30": {
        "Tax Effect Of Unusual Items": NaN,
        "Tax Rate For Calcs": NaN,
        "Normalized EBITDA": NaN,
        "Total Unusual Items": NaN,
        "Total Unusual Items Excluding Goodwill": NaN,
        "Net Income From Continuing Operation Net Minority Interest": NaN,
        "Reconciled Depreciation": NaN,
        "Reconciled Cost Of Revenue": NaN,
        "EBITDA": NaN,
        "EBIT": NaN,
        "Net Interest Income": NaN,
        "Interest Expense": NaN,
        "Normalized Income": NaN,
        "Net Income From Continuing And Discontinued Operation": NaN,
        "Total Expenses": NaN,
        "Total Operating Income As Reported": NaN,
        "Diluted Average Shares": 2865000.0,
        "Basic Average Shares": 2865000.0,
        "Diluted EPS": -0.43,
        "Basic EPS": -0.43,
        "Diluted NI Availto Com Stockholders": NaN,
        "Net Income Common Stockholders": NaN,
        "Net Income": NaN,
        "Minority Interests": NaN,
        "Net Income Including Noncontrolling Interests": NaN,
        "Net Income Continuous Operations": NaN,
        "Tax Provision": NaN,
        "Pretax Income": NaN,
        "Other Income Expense": NaN,
        "Other Non Operating Income Expenses": NaN,
        "Special Income Charges": NaN,
        "Gain On Sale Of Ppe": 1000.0,
        "Write Off": NaN,
        "Impairment Of Capital Assets": NaN,
        "Earnings From Equity Interest": NaN,
        "Net Non Operating Interest Income Expense": NaN,
        "Interest Expense Non Operating": NaN,
        "Operating Income": NaN,
        "Operating Expense": NaN,
        "Selling General And Administration": NaN,
        "General And Administrative Expense": NaN,
        "Other Gand A": NaN,
        "Gross Profit": NaN,
        "Cost Of Revenue": NaN,
        "Total Revenue": NaN,
        "Operating Revenue": NaN
    },
    "2022-06-30": {
        "Tax Effect Of Unusual Items": 800.0,
        "Tax Rate For Calcs": 0.4,
        "Normalized EBITDA": 2071000.0,
        "Total Unusual Items": 2000.0,
        "Total Unusual Items Excluding Goodwill": 2000.0,
        "Net Income From Continuing Operation Net Minority Interest": -1433000.0,
        "Reconciled Depreciation": 861000.0,
        "Reconciled Cost Of Revenue": 38249000.0,
        "EBITDA": 2073000.0,
        "EBIT": 1212000.0,
        "Net Interest Income": -1822000.0,
        "Interest Expense": 1822000.0,
        "Normalized Income": -1434200.0,
        "Net Income From Continuing And Discontinued Operation": -1433000.0,
        "Total Expenses": 50030000.0,
        "Total Operating Income As Reported": 834000.0,
        "Diluted Average Shares": 2866000.0,
        "Basic Average Shares": 2866000.0,
        "Diluted EPS": -0.5,
        "Basic EPS": -0.5,
        "Diluted NI Availto Com Stockholders": -1433000.0,
        "Net Income Common Stockholders": -1433000.0,
        "Net Income": -1433000.0,
        "Minority Interests": -631000.0,
        "Net Income Including Noncontrolling Interests": -802000.0,
        "Net Income Continuous Operations": -802000.0,
        "Tax Provision": 192000.0,
        "Pretax Income": -610000.0,
        "Other Income Expense": 380000.0,
        "Other Non Operating Income Expenses": -154000.0,
        "Special Income Charges": 2000.0,
        "Gain On Sale Of Ppe": 2000.0,
        "Write Off": NaN,
        "Impairment Of Capital Assets": NaN,
        "Earnings From Equity Interest": 532000.0,
        "Net Non Operating Interest Income Expense": -1822000.0,
        "Interest Expense Non Operating": 1822000.0,
        "Operating Income": 832000.0,
        "Operating Expense": 11781000.0,
        "Selling General And Administration": 11781000.0,
        "General And Administrative Expense": 11781000.0,
        "Other Gand A": 11781000.0,
        "Gross Profit": 12613000.0,
        "Cost Of Revenue": 38249000.0,
        "Total Revenue": 50862000.0,
        "Operating Revenue": 50862000.0
    },
    "2022-03-31": {
        "Diluted EPS": 1.52,
        "Total Revenue": 51,
        "Gross Profit": 13,
        "Operating Income": 8,
        "EBIT": 9,
        "Net Income": 4
    },
    "2021-12-31": {
        "Diluted EPS": -0.44,
        "Total Revenue": 45,
        "Gross Profit": 10,
        "Operating Income": 0,
        "EBIT": 0,
        "Net Income": -1
    },
    "2021-09-30": {
        "Diluted EPS": 2.6,
        "Total Revenue": 43,
        "Gross Profit": 10,
        "Operating Income": 1,
        "EBIT": 1,
        "Net Income": 8
    },
    "2021-06-30": {
        "Diluted EPS": 0.1,
        "Total Revenue": 37,
        "Gross Profit": 9,
        "Operating Income": 0,
        "EBIT": 0,
        "Net Income": 0
    },
    "2021-03-31": {
        "Diluted EPS": -1.96,
        "Total Revenue": 47,
        "Gross Profit": 10,
        "Operating Income": -6,
        "EBIT": -6,
        "Net Income": -6
    },
    "2020-12-31": {
        "Diluted EPS": 0.73,
        "Total Revenue": 56,
        "Gross Profit": 10,
        "Operating Income": 1,
        "EBIT": 2,
        "Net Income": 2
    },
    "2020-09-30": {
        "Diluted EPS": -1.01,
        "Total Revenue": 36,
        "Gross Profit": 7,
        "Operating Income": -4,
        "EBIT": -3,
        "Net Income": -3
    },
    "2020-06-30": {
        "Diluted EPS": -0.29,
        "Total Revenue": 37,
        "Gross Profit": 8,
        "Operating Income": 0,
        "EBIT": 0,
        "Net Income": -1
    },
    "2020-03-31": {
        "Diluted EPS": 0.2,
        "Total Revenue": 66,
        "Gross Profit": 14,
        "Operating Income": 2,
        "EBIT": 3,
        "Net Income": 1
    },
    "2019-12-31": {
        "Diluted EPS": -0.14,
        "Total Revenue": 73,
        "Gross Profit": 14,
        "Operating Income": 4,
        "EBIT": 5,
        "Net Income": 0
    },
    "2019-09-30": {
        "Diluted EPS": 1.88,
        "Total Revenue": 51,
        "Gross Profit": 12,
        "Operating Income": 0,
        "EBIT": 2,
        "Net Income": 6
    },
    "2019-06-30": {
        "Diluted EPS": 0.79,
        "Total Revenue": 47,
        "Gross Profit": 13,
        "Operating Income": 1,
        "EBIT": 3,
        "Net Income": 2
    },
    "2019-03-31": {
        "Diluted EPS": 0.84,
        "Total Revenue": 58,
        "Gross Profit": 16,
        "Operating Income": 6,
        "EBIT": 8,
        "Net Income": 3
    },
    "2018-12-31": {
        "Diluted EPS": -0.89,
        "Total Revenue": 55,
        "Gross Profit": 13,
        "Operating Income": 2,
        "EBIT": 4,
        "Net Income": -3
    },
    "2018-09-30": {
        "Diluted EPS": -0.43,
        "Total Revenue": 41,
        "Gross Profit": 9,
        "Operating Income": -1,
        "EBIT": 1,
        "Net Income": -1
    },
    "2018-06-30": {
        "Diluted EPS": 0.92,
        "Total Revenue": 61,
        "Gross Profit": 13,
        "Operating Income": 3,
        "EBIT": 4,
        "Net Income": 3
    },
    "2018-03-31": {
        "Diluted EPS": 0.88,
        "Total Revenue": 53,
        "Gross Profit": 10,
        "Operating Income": 1,
        "EBIT": 2,
        "Net Income": 2
    },
    "2017-12-31": {
        "Diluted EPS": -0.22,
        "Total Revenue": 45,
        "Gross Profit": 9,
        "Operating Income": 1,
        "EBIT": 1,
        "Net Income": -1
    },
    "2017-09-30": {
        "Diluted EPS": 0.14,
        "Total Revenue": 49,
        "Gross Profit": 8,
        "Operating Income": 0,
        "EBIT": 1,
        "Net Income": 0
    },
    "2017-06-30": {
        "Diluted EPS": 0.31,
        "Total Revenue": 48,
        "Gross Profit": 9,
        "Operating Income": 2,
        "EBIT": 3,
        "Net Income": 1
    },
    "2017-03-31": {
        "Diluted EPS": -0.15,
        "Total Revenue": 44,
        "Gross Profit": 8,
        "Operating Income": 1,
        "EBIT": 2,
        "Net Income": 0
    },
    "2016-12-31": {
        "Diluted EPS": 0.4,
        "Total Revenue": 36,
        "Gross Profit": 7,
        "Operating Income": 2,
        "EBIT": 2,
        "Net Income": 1
    },
    "2016-09-30": {
        "Diluted EPS": 0.35,
        "Total Revenue": 39,
        "Gross Profit": 7,
        "Operating Income": 1,
        "EBIT": 1,
        "Net Income": 1
    },
    "2016-06-30": {
        "Diluted EPS": -1.61,
        "Total Revenue": 30,
        "Gross Profit": 1,
        "Operating Income": -7,
        "EBIT": -5,
        "Net Income": -6
    },
    "2016-03-31": {
        "Diluted EPS": -0.38,
        "Total Revenue": 35,
        "Gross Profit": 5,
        "Operating Income": -2,
        "EBIT": -2,
        "Net Income": -1
    },
    "2015-12-31": {
        "Diluted EPS": 0.76,
        "Total Revenue": 47,
        "Gross Profit": 9,
        "Operating Income": 4,
        "EBIT": 4,
        "Net Income": 3
    },
    "2015-09-30": {
        "Diluted EPS": 1.05,
        "Total Revenue": 45,
        "Gross Profit": 9,
        "Operating Income": 6,
        "EBIT": 6,
        "Net Income": 4
    },
    "2015-06-30": {
        "Diluted EPS": -0.21,
        "Total Revenue": 22,
        "Gross Profit": 3,
        "Operating Income": -1,
        "EBIT": -1,
        "Net Income": -1
    },
    "2015-03-31": {
        "Diluted EPS": -0.25,
        "Total Revenue": 25,
        "Gross Profit": 3,
        "Operating Income": -1,
        "EBIT": -1,
        "Net Income": -1
    },
    "2014-12-31": {
        "Diluted EPS": 0.41,
        "Total Revenue": 31,
        "Gross Profit": 5,
        "Operating Income": 2,
        "EBIT": 2,
        "Net Income": 1
    },
    "2014-09-30": {
        "Diluted EPS": 0.51,
        "Total Revenue": 35,
        "Gross Profit": 6,
        "Operating Income": 3,
        "EBIT": 3,
        "Net Income": 2
    },
    "2014-06-30": {
        "Diluted EPS": 0.02,
        "Total Revenue": 22,
        "Gross Profit": 3,
        "Operating Income": 0,
        "EBIT": 0,
        "Net Income": 0
    },
    "2014-03-31": {
        "Diluted EPS": 0.11,
        "Total Revenue": 25,
        "Gross Profit": 4,
        "Operating Income": 1,
        "EBIT": 1,
        "Net Income": 0
    },
    "2013-12-31": {
        "Diluted EPS": 0.13,
        "Total Revenue": 30,
        "Gross Profit": 5,
        "Operating Income": 1,
        "EBIT": 1,
        "Net Income": 0
    },
    "2013-09-30": {
        "Diluted EPS": 0.12,
        "Total Revenue": 24,
        "Gross Profit": 4,
        "Operating Income": 1,
        "EBIT": 1,
        "Net Income": 0
    },
    "2013-06-30": {
        "Diluted EPS": 0.04,
        "Total Revenue": 21,
        "Gross Profit": 3,
        "Operating Income": 0,
        "EBIT": 0,
        "Net Income": 0
    },
    "2013-03-31": {
        "Diluted EPS": 0.11,
        "Total Revenue": 31,
        "Gross Profit": 4,
        "Operating Income": 1,
        "EBIT": 1,
        "Net Income": 0
    },
    "2012-12-31": {
        "Diluted EPS": 0.17,
        "Total Revenue": 27,
        "Gross Profit": 4,
        "Operating Income": 1,
        "EBIT": 1,
        "Net Income": 1
    },
    "2012-09-30": {
        "Diluted EPS": 0.06,
        "Total Revenue": 21,
        "Gross Profit": 3,
        "Operating Income": 0,
        "EBIT": 0,
        "Net Income": 0
    },
    "2012-06-30": {
        "Diluted EPS": 0.11,
        "Total Revenue": 24,
        "Gross Profit": 3,
        "Operating Income": 1,
        "EBIT": 1,
        "Net Income": 0
    },
    "2012-03-31": {
        "Diluted EPS": 0.0,
        "Total Revenue": 22,
        "Gross Profit": 3,
        "Operating Income": 0,
        "EBIT": 0,
        "Net Income": 0
    },
    "2011-12-31": {
        "Diluted EPS": 0.16,
        "Total Revenue": 26,
        "Gross Profit": 4,
        "Operating Income": 1,
        "EBIT": 1,
        "Net Income": 1
    },
    "2011-09-30": {
        "Diluted EPS": 0.16,
        "Total Revenue": 25,
        "Gross Profit": 4,
        "Operating Income": 1,
        "EBIT": 1,
        "Net Income": 1
    },
    "2011-06-30": {
        "Diluted EPS": 0.05,
        "Total Revenue": 17,
        "Gross Profit": 3,
        "Operating Income": 0,
        "EBIT": 0,
        "Net Income": 0
    },
    "2011-03-31": {
        "Diluted EPS": 0.19,
        "Total Revenue": 26,
        "Gross Profit": 4,
        "Operating Income": 1,
        "EBIT": 1,
        "Net Income": 1
    },
    "2010-12-31": {
        "Diluted EPS": 0.16,
        "Total Revenue": 22,
        "Gross Profit": 4,
        "Operating Income": 1,
        "EBIT": 1,
        "Net Income": 1
    },
    "2010-09-30": {
        "Diluted EPS": 0.15,
        "Total Revenue": 20,
        "Gross Profit": 3,
        "Operating Income": 1,
        "EBIT": 1,
        "Net Income": 1
    },
    "2010-06-30": {
        "Diluted EPS": 0.08,
        "Total Revenue": 15,
        "Gross Profit": 3,
        "Operating Income": 0,
        "EBIT": 1,
        "Net Income": 0
    },
    "2010-03-31": {
        "Diluted EPS": 0.15,
        "Total Revenue": 20,
        "Gross Profit": 4,
        "Operating Income": 1,
        "EBIT": 1,
        "Net Income": 1
    },
    "2009-12-31": {
        "Diluted EPS": 0.34,
        "Total Revenue": 22,
        "Gross Profit": 4,
        "Operating Income": 2,
        "EBIT": 2,
        "Net Income": 1
    },
    "2009-09-30": {
        "Diluted EPS": 0.23,
        "Total Revenue": 20,
        "Gross Profit": 4,
        "Operating Income": 1,
        "EBIT": 1,
        "Net Income": 1
    },
    "2009-06-30": {
        "Diluted EPS": 0.31,
        "Total Revenue": 19,
        "Gross Profit": 4,
        "Operating Income": 2,
        "EBIT": 2,
        "Net Income": 1
    },
    "2009-03-31": {
        "Diluted EPS": 0.37,
        "Total Revenue": 21,
        "Gross Profit": 4,
        "Operating Income": 1,
        "EBIT": 1,
        "Net Income": 1
    },
    "2023-06-30": {
        "Tax Effect Of Unusual Items": 0.0,
        "Tax Rate For Calcs": 0.21,
        "Normalized EBITDA": 2682000.0,
        "Total Unusual Items": NaN,
        "Total Unusual Items Excluding Goodwill": NaN,
        "Net Income From Continuing Operation Net Minority Interest": -531000.0,
        "Reconciled Depreciation": 690000.0,
        "Reconciled Cost Of Revenue": 58019000.0,
        "EBITDA": 2682000.0,
        "EBIT": 1992000.0,
        "Net Interest Income": -1808000.0,
        "Interest Expense": 1808000.0,
        "Normalized Income": -531000.0,
        "Net Income From Continuing And Discontinued Operation": -531000.0,
        "Total Expenses": 70773000.0,
        "Total Operating Income As Reported": 658000.0,
        "Diluted Average Shares": 2818000.0,
        "Basic Average Shares": 2818000.0,
        "Diluted EPS": -0.19,
        "Basic EPS": -0.19,
        "Diluted NI Availto Com Stockholders": -531000.0,
        "Net Income Common Stockholders": -531000.0,
        "Net Income": -531000.0,
        "Minority Interests": -504000.0,
        "Net Income Including Noncontrolling Interests": -27000.0,
        "Net Income Continuous Operations": -27000.0,
        "Tax Provision": 211000.0,
        "Pretax Income": 184000.0,
        "Other Income Expense": 1334000.0,
        "Other Non Operating Income Expenses": 643000.0,
        "Special Income Charges": NaN,
        "Gain On Sale Of Ppe": NaN,
        "Write Off": NaN,
        "Impairment Of Capital Assets": NaN,
        "Earnings From Equity Interest": 691000.0,
        "Net Non Operating Interest Income Expense": -1808000.0,
        "Interest Expense Non Operating": 1808000.0,
        "Operating Income": 658000.0,
        "Operating Expense": 12754000.0,
        "Selling General And Administration": 12754000.0,
        "General And Administrative Expense": 12754000.0,
        "Other Gand A": 12754000.0,
        "Gross Profit": 13412000.0,
        "Cost Of Revenue": 58019000.0,
        "Total Revenue": 71431000.0,
        "Operating Revenue": 71431000.0
    },
    "2023-09-30": {
        "Tax Effect Of Unusual Items": 630.0,
        "Tax Rate For Calcs": 0.21,
        "Normalized EBITDA": 1428000.0,
        "Total Unusual Items": 3000.0,
        "Total Unusual Items Excluding Goodwill": 3000.0,
        "Net Income From Continuing Operation Net Minority Interest": -1609000.0,
        "Reconciled Depreciation": 699000.0,
        "Reconciled Cost Of Revenue": 64840000.0,
        "EBITDA": 1431000.0,
        "EBIT": 732000.0,
        "Net Interest Income": -1853000.0,
        "Interest Expense": 1853000.0,
        "Normalized Income": -1611370.0,
        "Net Income From Continuing And Discontinued Operation": -1609000.0,
        "Total Expenses": 78202000.0,
        "Total Operating Income As Reported": 761000.0,
        "Diluted Average Shares": 2820000.0,
        "Basic Average Shares": 2820000.0,
        "Diluted EPS": -0.57,
        "Basic EPS": -0.57,
        "Diluted NI Availto Com Stockholders": -1609000.0,
        "Net Income Common Stockholders": -1609000.0,
        "Net Income": -1609000.0,
        "Minority Interests": -1000.0,
        "Net Income Including Noncontrolling Interests": -1608000.0,
        "Net Income Continuous Operations": -1608000.0,
        "Tax Provision": 487000.0,
        "Pretax Income": -1121000.0,
        "Other Income Expense": -26000.0,
        "Other Non Operating Income Expenses": -777000.0,
        "Special Income Charges": 3000.0,
        "Gain On Sale Of Ppe": NaN,
        "Write Off": -3000.0,
        "Impairment Of Capital Assets": 0.0,
        "Earnings From Equity Interest": 748000.0,
        "Net Non Operating Interest Income Expense": -1853000.0,
        "Interest Expense Non Operating": 1853000.0,
        "Operating Income": 764000.0,
        "Operating Expense": 13362000.0,
        "Selling General And Administration": 13362000.0,
        "General And Administrative Expense": 13362000.0,
        "Other Gand A": 13362000.0,
        "Gross Profit": 14126000.0,
        "Cost Of Revenue": 64840000.0,
        "Total Revenue": 78966000.0,
        "Operating Revenue": 78966000.0
    },
    "2023-12-31": {
        "Tax Effect Of Unusual Items": -67410.0,
        "Tax Rate For Calcs": 0.21,
        "Normalized EBITDA": 592000.0,
        "Total Unusual Items": -321000.0,
        "Total Unusual Items Excluding Goodwill": -321000.0,
        "Net Income From Continuing Operation Net Minority Interest": -2979000.0,
        "Reconciled Depreciation": 699000.0,
        "Reconciled Cost Of Revenue": 51489000.0,
        "EBITDA": 271000.0,
        "EBIT": -428000.0,
        "Net Interest Income": -1528000.0,
        "Interest Expense": 1528000.0,
        "Normalized Income": -2725410.0,
        "Net Income From Continuing And Discontinued Operation": -2979000.0,
        "Total Expenses": 65043000.0,
        "Total Operating Income As Reported": -1608000.0,
        "Diluted Average Shares": 2822000.0,
        "Basic Average Shares": 2822000.0,
        "Diluted EPS": -1.06,
        "Basic EPS": -1.06,
        "Diluted NI Availto Com Stockholders": -2979000.0,
        "Net Income Common Stockholders": -2979000.0,
        "Net Income": -2979000.0,
        "Minority Interests": -870000.0,
        "Net Income Including Noncontrolling Interests": -2109000.0,
        "Net Income Continuous Operations": -2109000.0,
        "Tax Provision": 153000.0,
        "Pretax Income": -1956000.0,
        "Other Income Expense": 859000.0,
        "Other Non Operating Income Expenses": 142000.0,
        "Special Income Charges": -321000.0,
        "Gain On Sale Of Ppe": NaN,
        "Write Off": 321000.0,
        "Impairment Of Capital Assets": 0.0,
        "Earnings From Equity Interest": 1038000.0,
        "Net Non Operating Interest Income Expense": -1528000.0,
        "Interest Expense Non Operating": 1528000.0,
        "Operating Income": -1287000.0,
        "Operating Expense": 13554000.0,
        "Selling General And Administration": 13554000.0,
        "General And Administrative Expense": 13554000.0,
        "Other Gand A": 13554000.0,
        "Gross Profit": 12267000.0,
        "Cost Of Revenue": 51489000.0,
        "Total Revenue": 63756000.0,
        "Operating Revenue": 63756000.0
    },
    "2024-03-31": {
        "Tax Effect Of Unusual Items": -101896.421846,
        "Tax Rate For Calcs": 0.114878,
        "Normalized EBITDA": 2030000.0,
        "Total Unusual Items": -887000.0,
        "Total Unusual Items Excluding Goodwill": -887000.0,
        "Net Income From Continuing Operation Net Minority Interest": -1700000.0,
        "Reconciled Depreciation": 710000.0,
        "Reconciled Cost Of Revenue": 56004000.0,
        "EBITDA": 1143000.0,
        "EBIT": 433000.0,
        "Net Interest Income": -1727000.0,
        "Interest Expense": 1495000.0,
        "Normalized Income": -914896.421846,
        "Net Income From Continuing And Discontinued Operation": -1700000.0,
        "Total Expenses": 70340000.0,
        "Total Operating Income As Reported": 1453000.0,
        "Diluted Average Shares": NaN,
        "Basic Average Shares": NaN,
        "Diluted EPS": NaN,
        "Basic EPS": NaN,
        "Diluted NI Availto Com Stockholders": -1700000.0,
        "Net Income Common Stockholders": -1700000.0,
        "Net Income": -1700000.0,
        "Minority Interests": -760000.0,
        "Net Income Including Noncontrolling Interests": -940000.0,
        "Net Income Continuous Operations": -940000.0,
        "Tax Provision": -122000.0,
        "Pretax Income": -1062000.0,
        "Other Income Expense": -1675000.0,
        "Other Non Operating Income Expenses": 0.0,
        "Special Income Charges": -887000.0,
        "Gain On Sale Of Ppe": NaN,
        "Write Off": 869000.0,
        "Impairment Of Capital Assets": 0.0,
        "Earnings From Equity Interest": -788000.0,
        "Net Non Operating Interest Income Expense": -1727000.0,
        "Interest Expense Non Operating": 1495000.0,
        "Operating Income": 2340000.0,
        "Operating Expense": 14336000.0,
        "Selling General And Administration": 11424000.0,
        "General And Administrative Expense": 11424000.0,
        "Other Gand A": 11424000.0,
        "Gross Profit": 16676000.0,
        "Cost Of Revenue": 56004000.0,
        "Total Revenue": 72680000.0,
        "Operating Revenue": 72680000.0
    }
}