{
    "2023-03-31": {
        "Tax Effect Of Unusual Items": NaN,
        "Tax Rate For Calcs": NaN,
        "Normalized EBITDA": NaN,
        "Total Unusual Items": NaN,
        "Total Unusual Items Excluding Goodwill": NaN,
        "Net Income From Continuing Operation Net Minority Interest": NaN,
        "Reconciled Depreciation": NaN,
        "Reconciled Cost Of Revenue": NaN,
        "EBITDA": NaN,
        "EBIT": NaN,
        "Net Interest Income": NaN,
        "Interest Expense": NaN,
        "Normalized Income": NaN,
        "Net Income From Continuing And Discontinued Operation": NaN,
        "Total Expenses": NaN,
        "Total Operating Income As Reported": NaN,
        "Diluted Average Shares": NaN,
        "Basic Average Shares": NaN,
        "Diluted EPS": NaN,
        "Basic EPS": NaN,
        "Diluted NI Availto Com Stockholders": NaN,
        "Net Income Common Stockholders": NaN,
        "Net Income": NaN,
        "Net Income Including Noncontrolling Interests": NaN,
        "Net Income Continuous Operations": NaN,
        "Tax Provision": NaN,
        "Pretax Income": NaN,
        "Other Income Expense": NaN,
        "Other Non Operating Income Expenses": NaN,
        "Special Income Charges": NaN,
        "Other Special Charges": NaN,
        "Gain On Sale Of Security": NaN,
        "Net Non Operating Interest Income Expense": NaN,
        "Total Other Finance Cost": NaN,
        "Interest Expense Non Operating": NaN,
        "Operating Income": NaN,
        "Operating Expense": NaN,
        "Selling General And Administration": NaN,
        "General And Administrative Expense": 206274000.0,
        "Other Gand A": 206207000.0,
        "Salaries And Wages": 67000.0,
        "Gross Profit": NaN,
        "Cost Of Revenue": NaN,
        "Total Revenue": NaN,
        "Operating Revenue": NaN
    },
    "2022-12-31": {
        "Tax Effect Of Unusual Items": 113029.0,
        "Tax Rate For Calcs": 0.241,
        "Normalized EBITDA": 125032000.0,
        "Total Unusual Items": 469000.0,
        "Total Unusual Items Excluding Goodwill": 469000.0,
        "Net Income From Continuing Operation Net Minority Interest": 80457000.0,
        "Reconciled Depreciation": 13366000.0,
        "Reconciled Cost Of Revenue": 751775000.0,
        "EBITDA": 125501000.0,
        "EBIT": 112135000.0,
        "Net Interest Income": -6185000.0,
        "Interest Expense": 6185000.0,
        "Normalized Income": 80101029.0,
        "Net Income From Continuing And Discontinued Operation": 80457000.0,
        "Total Expenses": 947387000.0,
        "Total Operating Income As Reported": 112893000.0,
        "Diluted Average Shares": 39208000.0,
        "Basic Average Shares": 38579000.0,
        "Diluted EPS": 2.05,
        "Basic EPS": 2.09,
        "Diluted NI Availto Com Stockholders": 80457000.0,
        "Net Income Common Stockholders": 80457000.0,
        "Net Income": 80457000.0,
        "Net Income Including Noncontrolling Interests": 80457000.0,
        "Net Income Continuous Operations": 80457000.0,
        "Tax Provision": 25493000.0,
        "Pretax Income": 105950000.0,
        "Other Income Expense": -758000.0,
        "Other Non Operating Income Expenses": -1227000.0,
        "Special Income Charges": 104000.0,
        "Other Special Charges": -104000.0,
        "Gain On Sale Of Security": 365000.0,
        "Net Non Operating Interest Income Expense": -6185000.0,
        "Interest Expense Non Operating": 6185000.0,
        "Operating Income": 112893000.0,
        "Operating Expense": 195612000.0,
        "Selling General And Administration": 195612000.0,
        "General And Administrative Expense": NaN,
        "Other Gand A": NaN,
        "Gross Profit": 308505000.0,
        "Cost Of Revenue": 751775000.0,
        "Total Revenue": 1060280000.0,
        "Operating Revenue": 1060280000.0
    },
    "2022-09-30": {
        "Tax Effect Of Unusual Items": NaN,
        "Tax Rate For Calcs": NaN,
        "Normalized EBITDA": NaN,
        "Total Unusual Items": NaN,
        "Total Unusual Items Excluding Goodwill": NaN,
        "Net Income From Continuing Operation Net Minority Interest": NaN,
        "Reconciled Depreciation": NaN,
        "Reconciled Cost Of Revenue": NaN,
        "EBITDA": NaN,
        "EBIT": NaN,
        "Net Interest Income": NaN,
        "Interest Expense": NaN,
        "Normalized Income": NaN,
        "Net Income From Continuing And Discontinued Operation": NaN,
        "Total Expenses": NaN,
        "Total Operating Income As Reported": NaN,
        "Diluted Average Shares": NaN,
        "Basic Average Shares": NaN,
        "Diluted EPS": NaN,
        "Basic EPS": NaN,
        "Diluted NI Availto Com Stockholders": NaN,
        "Net Income Common Stockholders": NaN,
        "Net Income": NaN,
        "Net Income Including Noncontrolling Interests": NaN,
        "Net Income Continuous Operations": NaN,
        "Tax Provision": NaN,
        "Pretax Income": NaN,
        "Other Income Expense": NaN,
        "Other Non Operating Income Expenses": NaN,
        "Special Income Charges": NaN,
        "Other Special Charges": NaN,
        "Gain On Sale Of Security": NaN,
        "Net Non Operating Interest Income Expense": NaN,
        "Interest Expense Non Operating": NaN,
        "Operating Income": NaN,
        "Operating Expense": NaN,
        "Selling General And Administration": NaN,
        "General And Administrative Expense": 200251000.0,
        "Other Gand A": 200251000.0,
        "Salaries And Wages": NaN,
        "Gross Profit": NaN,
        "Cost Of Revenue": NaN,
        "Total Revenue": NaN,
        "Operating Revenue": NaN
    },
    "2022-06-30": {
        "Tax Effect Of Unusual Items": 0.0,
        "Tax Rate For Calcs": 0.196,
        "Normalized EBITDA": 109224000.0,
        "Total Unusual Items": 0.0,
        "Total Unusual Items Excluding Goodwill": 0.0,
        "Net Income From Continuing Operation Net Minority Interest": 79113000.0,
        "Reconciled Depreciation": 13244000.0,
        "Reconciled Cost Of Revenue": 754832000.0,
        "EBITDA": 109224000.0,
        "EBIT": 109224000.0,
        "Net Interest Income": -6014000.0,
        "Interest Expense": 6536000.0,
        "Normalized Income": 79113000.0,
        "Net Income From Continuing And Discontinued Operation": 79113000.0,
        "Total Expenses": 952235000.0,
        "Total Operating Income As Reported": 109224000.0,
        "Diluted Average Shares": 39114000.0,
        "Basic Average Shares": 38474000.0,
        "Diluted EPS": 2.02,
        "Basic EPS": 2.06,
        "Diluted NI Availto Com Stockholders": 79113000.0,
        "Net Income Common Stockholders": 79113000.0,
        "Net Income": 79113000.0,
        "Net Income Including Noncontrolling Interests": 79113000.0,
        "Net Income Continuous Operations": 79113000.0,
        "Tax Provision": 21580000.0,
        "Pretax Income": 100693000.0,
        "Other Income Expense": -2517000.0,
        "Other Non Operating Income Expenses": -2517000.0,
        "Special Income Charges": 0.0,
        "Other Special Charges": -63000.0,
        "Impairment Of Capital Assets": 0.0,
        "Gain On Sale Of Security": -2334000.0,
        "Net Non Operating Interest Income Expense": -6014000.0,
        "Total Other Finance Cost": 6014000.0,
        "Interest Expense Non Operating": 6536000.0,
        "Operating Income": 109224000.0,
        "Operating Expense": 197403000.0,
        "Selling General And Administration": 197403000.0,
        "General And Administrative Expense": 197403000.0,
        "Other Gand A": 197403000.0,
        "Gross Profit": 306627000.0,
        "Cost Of Revenue": 754832000.0,
        "Total Revenue": 1061459000.0,
        "Operating Revenue": 1061459000.0
    },
    "2022-03-31": {
        "Diluted EPS": 1.75,
        "Total Revenue": 981,
        "Gross Profit": 287,
        "Operating Income": 96,
        "EBIT": 109,
        "Net Income": 68
    },
    "2021-12-31": {
        "Diluted EPS": 1.46,
        "Total Revenue": 877,
        "Gross Profit": 258,
        "Operating Income": 78,
        "EBIT": 92,
        "Net Income": 57
    },
    "2021-09-30": {
        "Diluted EPS": 1.36,
        "Total Revenue": 892,
        "Gross Profit": 255,
        "Operating Income": 75,
        "EBIT": 90,
        "Net Income": 53
    },
    "2021-06-30": {
        "Diluted EPS": 1.51,
        "Total Revenue": 896,
        "Gross Profit": 263,
        "Operating Income": 81,
        "EBIT": 95,
        "Net Income": 59
    },
    "2021-03-31": {
        "Diluted EPS": 1.42,
        "Total Revenue": 841,
        "Gross Profit": 247,
        "Operating Income": 74,
        "EBIT": 88,
        "Net Income": 56
    },
    "2020-12-31": {
        "Diluted EPS": -0.14,
        "Total Revenue": 751,
        "Gross Profit": 210,
        "Operating Income": -2,
        "EBIT": 61,
        "Net Income": -5
    },
    "2020-09-30": {
        "Diluted EPS": 0.89,
        "Total Revenue": 748,
        "Gross Profit": 216,
        "Operating Income": 52,
        "EBIT": 68,
        "Net Income": 35
    },
    "2020-06-30": {
        "Diluted EPS": 0.79,
        "Total Revenue": 725,
        "Gross Profit": 208,
        "Operating Income": 47,
        "EBIT": 63,
        "Net Income": 30
    },
    "2020-03-31": {
        "Diluted EPS": -2.14,
        "Total Revenue": 831,
        "Gross Profit": 237,
        "Operating Income": -78,
        "EBIT": 70,
        "Net Income": -83
    },
    "2019-12-31": {
        "Diluted EPS": 0.97,
        "Total Revenue": 833,
        "Gross Profit": 241,
        "Operating Income": 59,
        "EBIT": 75,
        "Net Income": 38
    },
    "2019-09-30": {
        "Diluted EPS": 1.0,
        "Total Revenue": 856,
        "Gross Profit": 251,
        "Operating Income": 61,
        "EBIT": 78,
        "Net Income": 39
    },
    "2019-06-30": {
        "Diluted EPS": 1.03,
        "Total Revenue": 883,
        "Gross Profit": 257,
        "Operating Income": 72,
        "EBIT": 88,
        "Net Income": 40
    },
    "2019-03-31": {
        "Diluted EPS": 0.42,
        "Total Revenue": 885,
        "Gross Profit": 256,
        "Operating Income": 35,
        "EBIT": 82,
        "Net Income": 17
    },
    "2018-12-31": {
        "Diluted EPS": 0.99,
        "Total Revenue": 840,
        "Gross Profit": 243,
        "Operating Income": 61,
        "EBIT": 78,
        "Net Income": 39
    },
    "2018-09-30": {
        "Diluted EPS": 1.24,
        "Total Revenue": 865,
        "Gross Profit": 252,
        "Operating Income": 66,
        "EBIT": 83,
        "Net Income": 49
    },
    "2018-06-30": {
        "Diluted EPS": 1.03,
        "Total Revenue": 898,
        "Gross Profit": 264,
        "Operating Income": 71,
        "EBIT": 87,
        "Net Income": 40
    },
    "2018-03-31": {
        "Diluted EPS": 0.93,
        "Total Revenue": 828,
        "Gross Profit": 240,
        "Operating Income": 56,
        "EBIT": 71,
        "Net Income": 37
    },
    "2017-12-31": {
        "Diluted EPS": 0.79,
        "Total Revenue": 667,
        "Gross Profit": 188,
        "Operating Income": 47,
        "EBIT": 57,
        "Net Income": 31
    },
    "2017-09-30": {
        "Diluted EPS": 0.86,
        "Total Revenue": 681,
        "Gross Profit": 192,
        "Operating Income": 52,
        "EBIT": 62,
        "Net Income": 34
    },
    "2017-06-30": {
        "Diluted EPS": 1.34,
        "Total Revenue": 681,
        "Gross Profit": 196,
        "Operating Income": 48,
        "EBIT": 59,
        "Net Income": 53
    },
    "2017-03-31": {
        "Diluted EPS": 0.75,
        "Total Revenue": 679,
        "Gross Profit": 191,
        "Operating Income": 46,
        "EBIT": 56,
        "Net Income": 29
    },
    "2016-12-31": {
        "Diluted EPS": 0.61,
        "Total Revenue": 608,
        "Gross Profit": 172,
        "Operating Income": 38,
        "EBIT": 48,
        "Net Income": 24
    },
    "2016-09-30": {
        "Diluted EPS": 0.7,
        "Total Revenue": 625,
        "Gross Profit": 178,
        "Operating Income": 43,
        "EBIT": 54,
        "Net Income": 27
    },
    "2016-06-30": {
        "Diluted EPS": 0.67,
        "Total Revenue": 634,
        "Gross Profit": 178,
        "Operating Income": 43,
        "EBIT": 54,
        "Net Income": 26
    },
    "2016-03-31": {
        "Diluted EPS": -1.14,
        "Total Revenue": 633,
        "Gross Profit": 175,
        "Operating Income": -33,
        "EBIT": 43,
        "Net Income": -45
    },
    "2015-12-31": {
        "Diluted EPS": 0.61,
        "Total Revenue": 610,
        "Gross Profit": 173,
        "Operating Income": 38,
        "EBIT": 49,
        "Net Income": 24
    },
    "2015-09-30": {
        "Diluted EPS": 0.61,
        "Total Revenue": 642,
        "Gross Profit": 181,
        "Operating Income": 41,
        "EBIT": 52,
        "Net Income": 24
    },
    "2015-06-30": {
        "Diluted EPS": 0.68,
        "Total Revenue": 678,
        "Gross Profit": 192,
        "Operating Income": 48,
        "EBIT": 58,
        "Net Income": 28
    },
    "2015-03-31": {
        "Diluted EPS": 0.7,
        "Total Revenue": 680,
        "Gross Profit": 187,
        "Operating Income": 44,
        "EBIT": 55,
        "Net Income": 29
    },
    "2014-12-31": {
        "Diluted EPS": 0.72,
        "Total Revenue": 692,
        "Gross Profit": 196,
        "Operating Income": 47,
        "EBIT": 58,
        "Net Income": 30
    },
    "2014-09-30": {
        "Diluted EPS": 0.7,
        "Total Revenue": 702,
        "Gross Profit": 195,
        "Operating Income": 46,
        "EBIT": 57,
        "Net Income": 29
    },
    "2014-06-30": {
        "Diluted EPS": 0.71,
        "Total Revenue": 655,
        "Gross Profit": 183,
        "Operating Income": 45,
        "EBIT": 53,
        "Net Income": 30
    },
    "2014-03-31": {
        "Diluted EPS": 0.72,
        "Total Revenue": 618,
        "Gross Profit": 171,
        "Operating Income": 40,
        "EBIT": 47,
        "Net Income": 30
    },
    "2013-12-31": {
        "Diluted EPS": 0.61,
        "Total Revenue": 582,
        "Gross Profit": 163,
        "Operating Income": 40,
        "EBIT": 47,
        "Net Income": 26
    },
    "2013-09-30": {
        "Diluted EPS": 0.63,
        "Total Revenue": 605,
        "Gross Profit": 170,
        "Operating Income": 40,
        "EBIT": 47,
        "Net Income": 27
    },
    "2013-06-30": {
        "Diluted EPS": 0.75,
        "Total Revenue": 640,
        "Gross Profit": 181,
        "Operating Income": 48,
        "EBIT": 55,
        "Net Income": 32
    },
    "2013-03-31": {
        "Diluted EPS": 0.69,
        "Total Revenue": 622,
        "Gross Profit": 174,
        "Operating Income": 43,
        "EBIT": 49,
        "Net Income": 29
    },
    "2012-12-31": {
        "Diluted EPS": 0.64,
        "Total Revenue": 590,
        "Gross Profit": 163,
        "Operating Income": 41,
        "EBIT": 49,
        "Net Income": 27
    },
    "2012-09-30": {
        "Diluted EPS": 0.7,
        "Total Revenue": 611,
        "Gross Profit": 165,
        "Operating Income": 44,
        "EBIT": 51,
        "Net Income": 30
    },
    "2012-06-30": {
        "Diluted EPS": 0.75,
        "Total Revenue": 620,
        "Gross Profit": 173,
        "Operating Income": 50,
        "EBIT": 52,
        "Net Income": 32
    },
    "2012-03-31": {
        "Diluted EPS": 0.69,
        "Total Revenue": 605,
        "Gross Profit": 168,
        "Operating Income": 42,
        "EBIT": 49,
        "Net Income": 29
    },
    "2011-12-31": {
        "Diluted EPS": 0.49,
        "Total Revenue": 570,
        "Gross Profit": 155,
        "Operating Income": 33,
        "EBIT": 42,
        "Net Income": 21
    },
    "2011-09-30": {
        "Diluted EPS": 0.61,
        "Total Revenue": 580,
        "Gross Profit": 159,
        "Operating Income": 43,
        "EBIT": 50,
        "Net Income": 26
    },
    "2011-06-30": {
        "Diluted EPS": 0.66,
        "Total Revenue": 590,
        "Gross Profit": 169,
        "Operating Income": 45,
        "EBIT": 47,
        "Net Income": 28
    },
    "2011-03-31": {
        "Diluted EPS": 0.61,
        "Total Revenue": 566,
        "Gross Profit": 157,
        "Operating Income": 38,
        "EBIT": 48,
        "Net Income": 27
    },
    "2010-12-31": {
        "Diluted EPS": 0.49,
        "Total Revenue": 530,
        "Gross Profit": 144,
        "Operating Income": 33,
        "EBIT": 39,
        "Net Income": 21
    },
    "2010-09-30": {
        "Diluted EPS": 0.48,
        "Total Revenue": 528,
        "Gross Profit": 143,
        "Operating Income": 35,
        "EBIT": 42,
        "Net Income": 21
    },
    "2010-06-30": {
        "Diluted EPS": 0.65,
        "Total Revenue": 523,
        "Gross Profit": 153,
        "Operating Income": 46,
        "EBIT": 52,
        "Net Income": 28
    },
    "2010-03-31": {
        "Diluted EPS": 0.39,
        "Total Revenue": 486,
        "Gross Profit": 130,
        "Operating Income": 27,
        "EBIT": 33,
        "Net Income": 17
    },
    "2009-12-31": {
        "Diluted EPS": 0.24,
        "Total Revenue": 446,
        "Gross Profit": 117,
        "Operating Income": 19,
        "EBIT": 25,
        "Net Income": 10
    },
    "2009-09-30": {
        "Diluted EPS": 0.26,
        "Total Revenue": 438,
        "Gross Profit": 115,
        "Operating Income": 18,
        "EBIT": 24,
        "Net Income": 11
    },
    "2009-06-30": {
        "Diluted EPS": -0.18,
        "Total Revenue": 425,
        "Gross Profit": 116,
        "Operating Income": -15,
        "EBIT": 31,
        "Net Income": -8
    },
    "2009-03-31": {
        "Diluted EPS": 0.27,
        "Total Revenue": 452,
        "Gross Profit": 122,
        "Operating Income": 21,
        "EBIT": 27,
        "Net Income": 12
    },
    "2023-06-30": {
        "Tax Effect Of Unusual Items": NaN,
        "Tax Rate For Calcs": NaN,
        "Normalized EBITDA": NaN,
        "Total Unusual Items": NaN,
        "Total Unusual Items Excluding Goodwill": NaN,
        "Net Income From Continuing Operation Net Minority Interest": NaN,
        "Reconciled Depreciation": NaN,
        "Reconciled Cost Of Revenue": NaN,
        "EBITDA": NaN,
        "EBIT": NaN,
        "Net Interest Income": NaN,
        "Interest Expense": 7352000.0,
        "Normalized Income": NaN,
        "Net Income From Continuing And Discontinued Operation": NaN,
        "Total Expenses": NaN,
        "Total Operating Income As Reported": NaN,
        "Diluted Average Shares": NaN,
        "Basic Average Shares": NaN,
        "Diluted EPS": NaN,
        "Basic EPS": NaN,
        "Diluted NI Availto Com Stockholders": NaN,
        "Net Income Common Stockholders": NaN,
        "Net Income": NaN,
        "Net Income Including Noncontrolling Interests": NaN,
        "Net Income Continuous Operations": NaN,
        "Tax Provision": NaN,
        "Pretax Income": NaN,
        "Other Income Expense": NaN,
        "Other Non Operating Income Expenses": NaN,
        "Special Income Charges": NaN,
        "Other Special Charges": NaN,
        "Gain On Sale Of Security": NaN,
        "Net Non Operating Interest Income Expense": NaN,
        "Total Other Finance Cost": NaN,
        "Interest Expense Non Operating": 7352000.0,
        "Operating Income": NaN,
        "Operating Expense": NaN,
        "Selling General And Administration": NaN,
        "General And Administrative Expense": 213214000.0,
        "Other Gand A": 211744000.0,
        "Salaries And Wages": NaN,
        "Gross Profit": NaN,
        "Cost Of Revenue": NaN,
        "Total Revenue": NaN,
        "Operating Revenue": NaN
    },
    "2023-09-30": {
        "Tax Effect Of Unusual Items": NaN,
        "Tax Rate For Calcs": NaN,
        "Normalized EBITDA": NaN,
        "Total Unusual Items": NaN,
        "Total Unusual Items Excluding Goodwill": NaN,
        "Net Income From Continuing Operation Net Minority Interest": NaN,
        "Reconciled Depreciation": NaN,
        "Reconciled Cost Of Revenue": NaN,
        "EBITDA": NaN,
        "EBIT": NaN,
        "Net Interest Income": NaN,
        "Interest Expense": 1320000.0,
        "Normalized Income": NaN,
        "Net Income From Continuing And Discontinued Operation": NaN,
        "Total Expenses": NaN,
        "Total Operating Income As Reported": NaN,
        "Diluted Average Shares": 39310000.0,
        "Basic Average Shares": 38700000.0,
        "Diluted EPS": 2.39,
        "Basic EPS": 2.42,
        "Diluted NI Availto Com Stockholders": NaN,
        "Net Income Common Stockholders": NaN,
        "Net Income": NaN,
        "Net Income Including Noncontrolling Interests": NaN,
        "Net Income Continuous Operations": NaN,
        "Tax Provision": NaN,
        "Pretax Income": NaN,
        "Other Income Expense": NaN,
        "Other Non Operating Income Expenses": NaN,
        "Special Income Charges": NaN,
        "Other Special Charges": NaN,
        "Gain On Sale Of Security": NaN,
        "Net Non Operating Interest Income Expense": NaN,
        "Total Other Finance Cost": 1320000.0,
        "Interest Expense Non Operating": 1320000.0,
        "Operating Income": NaN,
        "Operating Expense": NaN,
        "Selling General And Administration": NaN,
        "General And Administrative Expense": 204402000.0,
        "Other Gand A": 204402000.0,
        "Salaries And Wages": NaN,
        "Gross Profit": NaN,
        "Cost Of Revenue": NaN,
        "Total Revenue": NaN,
        "Operating Revenue": NaN
    },
    "2023-12-31": {
        "Tax Effect Of Unusual Items": 607047.0,
        "Tax Rate For Calcs": 0.211,
        "Normalized EBITDA": 125022000.0,
        "Total Unusual Items": 2877000.0,
        "Total Unusual Items Excluding Goodwill": 2877000.0,
        "Net Income From Continuing Operation Net Minority Interest": 91228000.0,
        "Reconciled Depreciation": 13305000.0,
        "Reconciled Cost Of Revenue": 760063000.0,
        "EBITDA": 127899000.0,
        "EBIT": 114594000.0,
        "Net Interest Income": -1917000.0,
        "Interest Expense": 1917000.0,
        "Normalized Income": 88958047.0,
        "Net Income From Continuing And Discontinued Operation": 91228000.0,
        "Total Expenses": 962559000.0,
        "Total Operating Income As Reported": 114594000.0,
        "Diluted Average Shares": 39302000.0,
        "Basic Average Shares": 38744000.0,
        "Diluted EPS": 2.32,
        "Basic EPS": 2.35,
        "Diluted NI Availto Com Stockholders": 91228000.0,
        "Net Income Common Stockholders": 91228000.0,
        "Net Income": 91228000.0,
        "Net Income Including Noncontrolling Interests": 91228000.0,
        "Net Income Continuous Operations": 91228000.0,
        "Tax Provision": 24373000.0,
        "Pretax Income": 115601000.0,
        "Other Income Expense": 2924000.0,
        "Other Non Operating Income Expenses": 47000.0,
        "Special Income Charges": 107000.0,
        "Other Special Charges": -107000.0,
        "Gain On Sale Of Security": 2770000.0,
        "Net Non Operating Interest Income Expense": -1917000.0,
        "Total Other Finance Cost": 1917000.0,
        "Interest Expense Non Operating": 1917000.0,
        "Operating Income": 114594000.0,
        "Operating Expense": 202496000.0,
        "Selling General And Administration": 202496000.0,
        "General And Administrative Expense": NaN,
        "Other Gand A": NaN,
        "Salaries And Wages": NaN,
        "Gross Profit": 317090000.0,
        "Cost Of Revenue": 760063000.0,
        "Total Revenue": 1077153000.0,
        "Operating Revenue": 1077153000.0
    },
    "2024-03-31": {
        "Tax Effect Of Unusual Items": 349623.0,
        "Tax Rate For Calcs": 0.207,
        "Normalized EBITDA": 133994000.0,
        "Total Unusual Items": 1689000.0,
        "Total Unusual Items Excluding Goodwill": 1689000.0,
        "Net Income From Continuing Operation Net Minority Interest": 97217000.0,
        "Reconciled Depreciation": 12753000.0,
        "Reconciled Cost Of Revenue": 808144000.0,
        "EBITDA": 135683000.0,
        "EBIT": 122930000.0,
        "Net Interest Income": -265000.0,
        "Interest Expense": 265000.0,
        "Normalized Income": 95877623.0,
        "Net Income From Continuing And Discontinued Operation": 97217000.0,
        "Total Expenses": 1025210000.0,
        "Total Operating Income As Reported": 121206000.0,
        "Diluted Average Shares": 39252000.0,
        "Basic Average Shares": 38675000.0,
        "Diluted EPS": 2.48,
        "Basic EPS": 2.51,
        "Diluted NI Availto Com Stockholders": 97217000.0,
        "Net Income Common Stockholders": 97217000.0,
        "Net Income": 97217000.0,
        "Net Income Including Noncontrolling Interests": 97217000.0,
        "Net Income Continuous Operations": 97217000.0,
        "Tax Provision": 25448000.0,
        "Pretax Income": 122665000.0,
        "Other Income Expense": 1750000.0,
        "Other Non Operating Income Expenses": 61000.0,
        "Special Income Charges": 522000.0,
        "Other Special Charges": -522000.0,
        "Gain On Sale Of Security": 1167000.0,
        "Net Non Operating Interest Income Expense": -265000.0,
        "Total Other Finance Cost": NaN,
        "Interest Expense Non Operating": 265000.0,
        "Operating Income": 121180000.0,
        "Operating Expense": 217066000.0,
        "Selling General And Administration": 217066000.0,
        "General And Administrative Expense": 217066000.0,
        "Other Gand A": 217040000.0,
        "Salaries And Wages": 26000.0,
        "Gross Profit": 338246000.0,
        "Cost Of Revenue": 808144000.0,
        "Total Revenue": 1146390000.0,
        "Operating Revenue": 1146390000.0
    },
    "2024-06-30": {
        "Tax Effect Of Unusual Items": 274450.292688,
        "Tax Rate For Calcs": 0.265683,
        "Normalized EBITDA": 170130000.0,
        "Total Unusual Items": 1033000.0,
        "Total Unusual Items Excluding Goodwill": 1033000.0,
        "Net Income From Continuing Operation Net Minority Interest": 103491000.0,
        "Reconciled Depreciation": 13186000.0,
        "Reconciled Cost Of Revenue": 804440000.0,
        "EBITDA": 171163000.0,
        "EBIT": 157977000.0,
        "Net Interest Income": 671000.0,
        "Interest Expense": 17042000.0,
        "Normalized Income": 102732450.292688,
        "Net Income From Continuing And Discontinued Operation": 103491000.0,
        "Total Expenses": 1021369000.0,
        "Total Operating Income As Reported": 139343000.0,
        "Diluted Average Shares": NaN,
        "Basic Average Shares": NaN,
        "Diluted EPS": NaN,
        "Basic EPS": NaN,
        "Diluted NI Availto Com Stockholders": 103491000.0,
        "Net Income Common Stockholders": 103491000.0,
        "Net Income": 103491000.0,
        "Net Income Including Noncontrolling Interests": 103491000.0,
        "Net Income Continuous Operations": 103491000.0,
        "Tax Provision": 37444000.0,
        "Pretax Income": 140935000.0,
        "Other Income Expense": 958000.0,
        "Other Non Operating Income Expenses": -75000.0,
        "Special Income Charges": 89000.0,
        "Other Special Charges": -89000.0,
        "Gain On Sale Of Security": 944000.0,
        "Net Non Operating Interest Income Expense": 671000.0,
        "Total Other Finance Cost": NaN,
        "Interest Expense Non Operating": 17042000.0,
        "Operating Income": 139306000.0,
        "Operating Expense": 216929000.0,
        "Selling General And Administration": 216929000.0,
        "General And Administrative Expense": 216929000.0,
        "Other Gand A": 216892000.0,
        "Salaries And Wages": 37000.0,
        "Gross Profit": 356235000.0,
        "Cost Of Revenue": 804440000.0,
        "Total Revenue": 1160675000.0,
        "Operating Revenue": 1160675000.0
    },
    "2024-09-30": {
        "Tax Effect Of Unusual Items": 457884.0,
        "Tax Rate For Calcs": 0.207,
        "Normalized EBITDA": 124484000.0,
        "Total Unusual Items": 2212000.0,
        "Total Unusual Items Excluding Goodwill": 2212000.0,
        "Net Income From Continuing Operation Net Minority Interest": 92063000.0,
        "Reconciled Depreciation": 13524000.0,
        "Reconciled Cost Of Revenue": 773862000.0,
        "EBITDA": 126696000.0,
        "EBIT": 113172000.0,
        "Net Interest Income": 627000.0,
        "Interest Expense": NaN,
        "Normalized Income": 90308884.0,
        "Net Income From Continuing And Discontinued Operation": 92063000.0,
        "Total Expenses": 985772000.0,
        "Total Operating Income As Reported": 113172000.0,
        "Diluted Average Shares": 38944000.0,
        "Basic Average Shares": 38398000.0,
        "Diluted EPS": 2.36,
        "Basic EPS": 2.4,
        "Diluted NI Availto Com Stockholders": 92063000.0,
        "Net Income Common Stockholders": 92063000.0,
        "Net Income": 92063000.0,
        "Net Income Including Noncontrolling Interests": 92063000.0,
        "Net Income Continuous Operations": 92063000.0,
        "Tax Provision": 24017000.0,
        "Pretax Income": 116080000.0,
        "Other Income Expense": 2281000.0,
        "Other Non Operating Income Expenses": 69000.0,
        "Special Income Charges": 119000.0,
        "Other Special Charges": -119000.0,
        "Gain On Sale Of Security": 2093000.0,
        "Net Non Operating Interest Income Expense": 627000.0,
        "Total Other Finance Cost": -627000.0,
        "Interest Expense Non Operating": NaN,
        "Operating Income": 113172000.0,
        "Operating Expense": 211910000.0,
        "Selling General And Administration": 211910000.0,
        "General And Administrative Expense": NaN,
        "Other Gand A": NaN,
        "Salaries And Wages": NaN,
        "Gross Profit": 325082000.0,
        "Cost Of Revenue": 773862000.0,
        "Total Revenue": 1098944000.0,
        "Operating Revenue": 1098944000.0
    },
    "2024-12-31": {
        "Tax Effect Of Unusual Items": 171124.0,
        "Tax Rate For Calcs": 0.239,
        "Normalized EBITDA": 133647000.0,
        "Total Unusual Items": 716000.0,
        "Total Unusual Items Excluding Goodwill": 716000.0,
        "Net Income From Continuing Operation Net Minority Interest": 93290000.0,
        "Reconciled Depreciation": 13493000.0,
        "Reconciled Cost Of Revenue": 744951000.0,
        "EBITDA": 134363000.0,
        "EBIT": 120870000.0,
        "Net Interest Income": 936000.0,
        "Interest Expense": NaN,
        "Normalized Income": 92745124.0,
        "Net Income From Continuing And Discontinued Operation": 93290000.0,
        "Total Expenses": 952131000.0,
        "Total Operating Income As Reported": 120870000.0,
        "Diluted Average Shares": 38963000.0,
        "Basic Average Shares": 38427000.0,
        "Diluted EPS": 2.39,
        "Basic EPS": 2.43,
        "Diluted NI Availto Com Stockholders": 93290000.0,
        "Net Income Common Stockholders": 93290000.0,
        "Net Income": 93290000.0,
        "Net Income Including Noncontrolling Interests": 93290000.0,
        "Net Income Continuous Operations": 93290000.0,
        "Tax Provision": 29271000.0,
        "Pretax Income": 122561000.0,
        "Other Income Expense": 755000.0,
        "Other Non Operating Income Expenses": 39000.0,
        "Special Income Charges": 121000.0,
        "Other Special Charges": -121000.0,
        "Gain On Sale Of Security": 595000.0,
        "Net Non Operating Interest Income Expense": 936000.0,
        "Total Other Finance Cost": -936000.0,
        "Interest Expense Non Operating": NaN,
        "Operating Income": 120870000.0,
        "Operating Expense": 207180000.0,
        "Selling General And Administration": 207180000.0,
        "General And Administrative Expense": NaN,
        "Other Gand A": NaN,
        "Salaries And Wages": NaN,
        "Gross Profit": 328050000.0,
        "Cost Of Revenue": 744951000.0,
        "Total Revenue": 1073001000.0,
        "Operating Revenue": 1073001000.0
    }
}