{
    "2023-03-31": {
        "Tax Effect Of Unusual Items": NaN,
        "Tax Rate For Calcs": NaN,
        "Normalized EBITDA": NaN,
        "Total Unusual Items": NaN,
        "Total Unusual Items Excluding Goodwill": NaN,
        "Net Income From Continuing Operation Net Minority Interest": NaN,
        "Reconciled Depreciation": NaN,
        "Reconciled Cost Of Revenue": NaN,
        "EBITDA": NaN,
        "EBIT": NaN,
        "Net Interest Income": NaN,
        "Interest Expense": NaN,
        "Normalized Income": NaN,
        "Net Income From Continuing And Discontinued Operation": NaN,
        "Total Expenses": NaN,
        "Total Operating Income As Reported": NaN,
        "Diluted Average Shares": 10753384.0,
        "Basic Average Shares": 10753384.0,
        "Diluted EPS": -0.89,
        "Basic EPS": -0.89,
        "Diluted NI Availto Com Stockholders": NaN,
        "Net Income Common Stockholders": NaN,
        "Net Income": NaN,
        "Net Income Including Noncontrolling Interests": NaN,
        "Net Income Continuous Operations": NaN,
        "Tax Provision": NaN,
        "Pretax Income": NaN,
        "Other Income Expense": NaN,
        "Other Non Operating Income Expenses": NaN,
        "Special Income Charges": NaN,
        "Impairment Of Capital Assets": NaN,
        "Net Non Operating Interest Income Expense": NaN,
        "Interest Expense Non Operating": NaN,
        "Operating Income": NaN,
        "Operating Expense": NaN,
        "Selling General And Administration": NaN,
        "Selling And Marketing Expense": NaN,
        "General And Administrative Expense": NaN,
        "Other Gand A": NaN,
        "Gross Profit": NaN,
        "Cost Of Revenue": NaN,
        "Total Revenue": NaN,
        "Operating Revenue": NaN
    },
    "2022-12-31": {
        "Tax Effect Of Unusual Items": NaN,
        "Tax Rate For Calcs": NaN,
        "Normalized EBITDA": NaN,
        "Total Unusual Items": -173786000.0,
        "Total Unusual Items Excluding Goodwill": -173786000.0,
        "Net Income From Continuing Operation Net Minority Interest": NaN,
        "Reconciled Depreciation": NaN,
        "Reconciled Cost Of Revenue": NaN,
        "EBITDA": NaN,
        "EBIT": NaN,
        "Net Interest Income": NaN,
        "Interest Expense": NaN,
        "Normalized Income": NaN,
        "Net Income From Continuing And Discontinued Operation": NaN,
        "Total Expenses": NaN,
        "Total Operating Income As Reported": NaN,
        "Diluted Average Shares": NaN,
        "Basic Average Shares": NaN,
        "Diluted EPS": NaN,
        "Basic EPS": NaN,
        "Diluted NI Availto Com Stockholders": NaN,
        "Net Income Common Stockholders": NaN,
        "Net Income": NaN,
        "Minority Interests": 0.0,
        "Net Income Including Noncontrolling Interests": NaN,
        "Net Income Continuous Operations": NaN,
        "Tax Provision": NaN,
        "Pretax Income": NaN,
        "Other Income Expense": NaN,
        "Other Non Operating Income Expenses": NaN,
        "Special Income Charges": -173786000.0,
        "Impairment Of Capital Assets": NaN,
        "Net Non Operating Interest Income Expense": NaN,
        "Interest Expense Non Operating": NaN,
        "Operating Income": NaN,
        "Operating Expense": NaN,
        "Selling General And Administration": NaN,
        "Selling And Marketing Expense": NaN,
        "General And Administrative Expense": NaN,
        "Other Gand A": NaN,
        "Gross Profit": NaN,
        "Cost Of Revenue": NaN,
        "Total Revenue": NaN,
        "Operating Revenue": NaN
    },
    "2022-09-30": {
        "Tax Effect Of Unusual Items": NaN,
        "Tax Rate For Calcs": NaN,
        "Normalized EBITDA": NaN,
        "Total Unusual Items": 0.0,
        "Total Unusual Items Excluding Goodwill": 0.0,
        "Net Income From Continuing Operation Net Minority Interest": NaN,
        "Reconciled Depreciation": NaN,
        "Reconciled Cost Of Revenue": NaN,
        "EBITDA": NaN,
        "EBIT": NaN,
        "Net Interest Income": NaN,
        "Interest Expense": NaN,
        "Normalized Income": NaN,
        "Net Income From Continuing And Discontinued Operation": NaN,
        "Total Expenses": NaN,
        "Total Operating Income As Reported": NaN,
        "Diluted Average Shares": NaN,
        "Basic Average Shares": NaN,
        "Diluted EPS": NaN,
        "Basic EPS": NaN,
        "Diluted NI Availto Com Stockholders": NaN,
        "Net Income Common Stockholders": NaN,
        "Net Income": NaN,
        "Minority Interests": 0.0,
        "Net Income Including Noncontrolling Interests": NaN,
        "Net Income Continuous Operations": NaN,
        "Tax Provision": NaN,
        "Pretax Income": NaN,
        "Other Income Expense": NaN,
        "Other Non Operating Income Expenses": NaN,
        "Special Income Charges": 0.0,
        "Impairment Of Capital Assets": 0.0,
        "Net Non Operating Interest Income Expense": NaN,
        "Interest Expense Non Operating": NaN,
        "Operating Income": NaN,
        "Operating Expense": NaN,
        "Selling General And Administration": NaN,
        "Selling And Marketing Expense": NaN,
        "General And Administrative Expense": NaN,
        "Other Gand A": NaN,
        "Gross Profit": NaN,
        "Cost Of Revenue": NaN,
        "Total Revenue": NaN,
        "Operating Revenue": NaN
    },
    "2022-06-30": {
        "Tax Effect Of Unusual Items": 0.0,
        "Tax Rate For Calcs": 0.185,
        "Normalized EBITDA": 1816000.0,
        "Total Unusual Items": NaN,
        "Total Unusual Items Excluding Goodwill": NaN,
        "Net Income From Continuing Operation Net Minority Interest": -4212000.0,
        "Reconciled Depreciation": 5590000.0,
        "Reconciled Cost Of Revenue": 71024000.0,
        "EBITDA": 1816000.0,
        "EBIT": -3774000.0,
        "Net Interest Income": -1393000.0,
        "Interest Expense": 1393000.0,
        "Normalized Income": -4212000.0,
        "Net Income From Continuing And Discontinued Operation": -4212000.0,
        "Total Expenses": 161045000.0,
        "Total Operating Income As Reported": -2574000.0,
        "Diluted Average Shares": 128657271.0,
        "Basic Average Shares": 128657271.0,
        "Diluted EPS": -0.03,
        "Basic EPS": -0.03,
        "Diluted NI Availto Com Stockholders": -4212000.0,
        "Net Income Common Stockholders": -4212000.0,
        "Net Income": -4212000.0,
        "Minority Interests": 0.0,
        "Net Income Including Noncontrolling Interests": -4212000.0,
        "Net Income Continuous Operations": -4212000.0,
        "Tax Provision": -955000.0,
        "Pretax Income": -5167000.0,
        "Other Income Expense": -1200000.0,
        "Other Non Operating Income Expenses": -1200000.0,
        "Special Income Charges": NaN,
        "Impairment Of Capital Assets": NaN,
        "Net Non Operating Interest Income Expense": -1393000.0,
        "Interest Expense Non Operating": 1393000.0,
        "Operating Income": -2574000.0,
        "Operating Expense": 90021000.0,
        "Selling General And Administration": 90021000.0,
        "Selling And Marketing Expense": 64318000.0,
        "General And Administrative Expense": 25703000.0,
        "Other Gand A": 25703000.0,
        "Gross Profit": 87447000.0,
        "Cost Of Revenue": 71024000.0,
        "Total Revenue": 158471000.0,
        "Operating Revenue": 158471000.0
    },
    "2022-03-31": {
        "Diluted EPS": 0.01,
        "Total Revenue": 148,
        "Gross Profit": 84,
        "Operating Income": 3,
        "EBIT": 9,
        "Net Income": 2
    },
    "2021-12-31": {
        "Diluted EPS": 0.0,
        "Total Revenue": 182,
        "Gross Profit": 100,
        "Operating Income": 5,
        "EBIT": 14,
        "Net Income": 0
    },
    "2021-09-30": {
        "Diluted EPS": -0.11,
        "Total Revenue": 162,
        "Gross Profit": 86,
        "Operating Income": 1,
        "EBIT": 12,
        "Net Income": -10
    },
    "2021-06-30": {
        "Diluted EPS": 0.03,
        "Total Revenue": 149,
        "Gross Profit": 81,
        "Operating Income": 7,
        "EBIT": 18,
        "Net Income": 2
    },
    "2021-03-31": {
        "Diluted EPS": 0.02,
        "Total Revenue": 69,
        "Gross Profit": 41,
        "Operating Income": 3,
        "EBIT": 5,
        "Net Income": 1
    },
    "2020-12-31": {
        "Diluted EPS": 0.0,
        "Total Revenue": NaN,
        "Gross Profit": NaN,
        "Operating Income": NaN,
        "EBIT": NaN,
        "Net Income": NaN
    },
    "2020-09-30": {
        "Diluted EPS": 0.1,
        "Total Revenue": 63,
        "Gross Profit": 39,
        "Operating Income": 11,
        "EBIT": 11,
        "Net Income": 7
    },
    "2019-12-31": {
        "Diluted EPS": 0.0,
        "Total Revenue": NaN,
        "Gross Profit": NaN,
        "Operating Income": NaN,
        "EBIT": NaN,
        "Net Income": NaN
    },
    "2023-06-30": {
        "Tax Effect Of Unusual Items": 0.0,
        "Tax Rate For Calcs": 0.21,
        "Normalized EBITDA": 2850000.0,
        "Total Unusual Items": NaN,
        "Total Unusual Items Excluding Goodwill": NaN,
        "Net Income From Continuing Operation Net Minority Interest": -5040000.0,
        "Reconciled Depreciation": 4721000.0,
        "Reconciled Cost Of Revenue": 58672000.0,
        "EBITDA": 2850000.0,
        "EBIT": -1871000.0,
        "Net Interest Income": -2841000.0,
        "Interest Expense": 2841000.0,
        "Normalized Income": -5040000.0,
        "Net Income From Continuing And Discontinued Operation": -5040000.0,
        "Total Expenses": 137149000.0,
        "Total Operating Income As Reported": -1121000.0,
        "Diluted Average Shares": 10761511.0,
        "Basic Average Shares": 10761511.0,
        "Diluted EPS": -0.47,
        "Basic EPS": -0.47,
        "Diluted NI Availto Com Stockholders": -5040000.0,
        "Net Income Common Stockholders": -5040000.0,
        "Net Income": -5040000.0,
        "Net Income Including Noncontrolling Interests": -5040000.0,
        "Net Income Continuous Operations": -5040000.0,
        "Tax Provision": 328000.0,
        "Pretax Income": -4712000.0,
        "Other Income Expense": -750000.0,
        "Other Non Operating Income Expenses": -750000.0,
        "Special Income Charges": NaN,
        "Impairment Of Capital Assets": NaN,
        "Net Non Operating Interest Income Expense": -2841000.0,
        "Interest Expense Non Operating": 2841000.0,
        "Operating Income": -1121000.0,
        "Operating Expense": 78477000.0,
        "Selling General And Administration": 78477000.0,
        "Selling And Marketing Expense": 54286000.0,
        "General And Administrative Expense": 24191000.0,
        "Other Gand A": 24191000.0,
        "Gross Profit": 77356000.0,
        "Cost Of Revenue": 58672000.0,
        "Total Revenue": 136028000.0,
        "Operating Revenue": 136028000.0
    },
    "2023-09-30": {
        "Tax Effect Of Unusual Items": -3015056.0,
        "Tax Rate For Calcs": 0.044,
        "Normalized EBITDA": 2167000.0,
        "Total Unusual Items": -68524000.0,
        "Total Unusual Items Excluding Goodwill": -68524000.0,
        "Net Income From Continuing Operation Net Minority Interest": -70410000.0,
        "Reconciled Depreciation": 4533000.0,
        "Reconciled Cost Of Revenue": 62865000.0,
        "EBITDA": -66357000.0,
        "EBIT": -70890000.0,
        "Net Interest Income": -2798000.0,
        "Interest Expense": 2798000.0,
        "Normalized Income": -4901056.0,
        "Net Income From Continuing And Discontinued Operation": -70410000.0,
        "Total Expenses": 142658000.0,
        "Total Operating Income As Reported": -70349000.0,
        "Diluted Average Shares": 10695621.0,
        "Basic Average Shares": 10695621.0,
        "Diluted EPS": -6.579996,
        "Basic EPS": -6.579996,
        "Diluted NI Availto Com Stockholders": -70410000.0,
        "Net Income Common Stockholders": -70410000.0,
        "Net Income": -70410000.0,
        "Net Income Including Noncontrolling Interests": -70410000.0,
        "Net Income Continuous Operations": -70410000.0,
        "Tax Provision": -3278000.0,
        "Pretax Income": -73688000.0,
        "Other Income Expense": -69065000.0,
        "Other Non Operating Income Expenses": -541000.0,
        "Special Income Charges": -68524000.0,
        "Impairment Of Capital Assets": 68524000.0,
        "Net Non Operating Interest Income Expense": -2798000.0,
        "Interest Expense Non Operating": 2798000.0,
        "Operating Income": -1825000.0,
        "Operating Expense": 79793000.0,
        "Selling General And Administration": 79793000.0,
        "Selling And Marketing Expense": 55171000.0,
        "General And Administrative Expense": 24622000.0,
        "Other Gand A": 24622000.0,
        "Gross Profit": 77968000.0,
        "Cost Of Revenue": 62865000.0,
        "Total Revenue": 140833000.0,
        "Operating Revenue": 140833000.0
    },
    "2023-12-31": {
        "Tax Effect Of Unusual Items": 0.0,
        "Tax Rate For Calcs": 0.21,
        "Normalized EBITDA": -1007000.0,
        "Total Unusual Items": 0.0,
        "Total Unusual Items Excluding Goodwill": 0.0,
        "Net Income From Continuing Operation Net Minority Interest": -13883000.0,
        "Reconciled Depreciation": 4447000.0,
        "Reconciled Cost Of Revenue": 72456000.0,
        "EBITDA": -1007000.0,
        "EBIT": -5454000.0,
        "Net Interest Income": -2675000.0,
        "Interest Expense": 2675000.0,
        "Normalized Income": -13883000.0,
        "Net Income From Continuing And Discontinued Operation": -13883000.0,
        "Total Expenses": 154300000.0,
        "Total Operating Income As Reported": -5388000.0,
        "Diluted Average Shares": NaN,
        "Basic Average Shares": NaN,
        "Diluted EPS": NaN,
        "Basic EPS": NaN,
        "Diluted NI Availto Com Stockholders": -13883000.0,
        "Net Income Common Stockholders": -13883000.0,
        "Net Income": -13883000.0,
        "Net Income Including Noncontrolling Interests": -13883000.0,
        "Net Income Continuous Operations": -13883000.0,
        "Tax Provision": 5754000.0,
        "Pretax Income": -8129000.0,
        "Other Income Expense": -66000.0,
        "Other Non Operating Income Expenses": -66000.0,
        "Special Income Charges": 0.0,
        "Impairment Of Capital Assets": 0.0,
        "Net Non Operating Interest Income Expense": -2675000.0,
        "Interest Expense Non Operating": 2675000.0,
        "Operating Income": -5388000.0,
        "Operating Expense": 81844000.0,
        "Selling General And Administration": 70344000.0,
        "Selling And Marketing Expense": 59574000.0,
        "General And Administrative Expense": 10770000.0,
        "Other Gand A": 10770000.0,
        "Gross Profit": 76456000.0,
        "Cost Of Revenue": 72456000.0,
        "Total Revenue": 148912000.0,
        "Operating Revenue": 148912000.0
    },
    "2024-03-31": {
        "Tax Effect Of Unusual Items": 0.0,
        "Tax Rate For Calcs": 0.21,
        "Normalized EBITDA": -2338000.0,
        "Total Unusual Items": NaN,
        "Total Unusual Items Excluding Goodwill": NaN,
        "Net Income From Continuing Operation Net Minority Interest": -8933000.0,
        "Reconciled Depreciation": 4298000.0,
        "Reconciled Cost Of Revenue": 51166000.0,
        "EBITDA": -2338000.0,
        "EBIT": -6636000.0,
        "Net Interest Income": -2278000.0,
        "Interest Expense": 2278000.0,
        "Normalized Income": -8933000.0,
        "Net Income From Continuing And Discontinued Operation": -8933000.0,
        "Total Expenses": 122933000.0,
        "Total Operating Income As Reported": -6093000.0,
        "Diluted Average Shares": 10520458.0,
        "Basic Average Shares": 10520458.0,
        "Diluted EPS": -0.85,
        "Basic EPS": -0.85,
        "Diluted NI Availto Com Stockholders": -8933000.0,
        "Net Income Common Stockholders": -8933000.0,
        "Net Income": -8933000.0,
        "Net Income Including Noncontrolling Interests": -8933000.0,
        "Net Income Continuous Operations": -8933000.0,
        "Tax Provision": 19000.0,
        "Pretax Income": -8914000.0,
        "Other Income Expense": -543000.0,
        "Other Non Operating Income Expenses": -543000.0,
        "Special Income Charges": NaN,
        "Impairment Of Capital Assets": NaN,
        "Net Non Operating Interest Income Expense": -2278000.0,
        "Interest Expense Non Operating": 2278000.0,
        "Operating Income": -6093000.0,
        "Operating Expense": 71767000.0,
        "Selling General And Administration": 71767000.0,
        "Selling And Marketing Expense": 49094000.0,
        "General And Administrative Expense": 22673000.0,
        "Other Gand A": 22673000.0,
        "Gross Profit": 65674000.0,
        "Cost Of Revenue": 51166000.0,
        "Total Revenue": 116840000.0,
        "Operating Revenue": 116840000.0
    },
    "2024-06-30": {
        "Tax Effect Of Unusual Items": 0.0,
        "Tax Rate For Calcs": 0.21,
        "Normalized EBITDA": 5151000.0,
        "Total Unusual Items": NaN,
        "Total Unusual Items Excluding Goodwill": NaN,
        "Net Income From Continuing Operation Net Minority Interest": -2261000.0,
        "Reconciled Depreciation": 4270000.0,
        "Reconciled Cost Of Revenue": 62962000.0,
        "EBITDA": 5151000.0,
        "EBIT": 881000.0,
        "Net Interest Income": -2676000.0,
        "Interest Expense": 2676000.0,
        "Normalized Income": -2261000.0,
        "Net Income From Continuing And Discontinued Operation": -2261000.0,
        "Total Expenses": 148295000.0,
        "Total Operating Income As Reported": 636000.0,
        "Diluted Average Shares": 10501057.0,
        "Basic Average Shares": 10501057.0,
        "Diluted EPS": -0.22,
        "Basic EPS": -0.22,
        "Diluted NI Availto Com Stockholders": -2261000.0,
        "Net Income Common Stockholders": -2261000.0,
        "Net Income": -2261000.0,
        "Net Income Including Noncontrolling Interests": -2261000.0,
        "Net Income Continuous Operations": -2261000.0,
        "Tax Provision": 466000.0,
        "Pretax Income": -1795000.0,
        "Other Income Expense": 245000.0,
        "Other Non Operating Income Expenses": 245000.0,
        "Special Income Charges": NaN,
        "Impairment Of Capital Assets": NaN,
        "Net Non Operating Interest Income Expense": -2676000.0,
        "Interest Expense Non Operating": 2676000.0,
        "Operating Income": 636000.0,
        "Operating Expense": 85333000.0,
        "Selling General And Administration": 85333000.0,
        "Selling And Marketing Expense": 59466000.0,
        "General And Administrative Expense": 25867000.0,
        "Other Gand A": 25867000.0,
        "Gross Profit": 85969000.0,
        "Cost Of Revenue": 62962000.0,
        "Total Revenue": 148931000.0,
        "Operating Revenue": 148931000.0
    }
}