{
    "2023-03-31": {
        "Tax Effect Of Unusual Items": -11367980.0,
        "Tax Rate For Calcs": 0.23,
        "Normalized EBITDA": 314450000.0,
        "Total Unusual Items": -49426000.0,
        "Total Unusual Items Excluding Goodwill": -49426000.0,
        "Net Income From Continuing Operation Net Minority Interest": 97106000.0,
        "Reconciled Depreciation": 135457000.0,
        "Reconciled Cost Of Revenue": 258492000.0,
        "EBIT": 129567000.0,
        "Net Interest Income": 2611000.0,
        "Interest Expense": 2681000.0,
        "Interest Income": 5292000.0,
        "Normalized Income": 135164020.0,
        "Net Income From Continuing And Discontinued Operation": 97106000.0,
        "Total Expenses": 739634000.0,
        "Total Operating Income As Reported": 126638000.0,
        "Diluted Average Shares": 156135000.0,
        "Basic Average Shares": 155637000.0,
        "Diluted EPS": 0.62,
        "Basic EPS": 0.62,
        "Diluted NI Availto Com Stockholders": 97106000.0,
        "Net Income Common Stockholders": 97106000.0,
        "Net Income": 97106000.0,
        "Net Income Including Noncontrolling Interests": 97106000.0,
        "Net Income Continuous Operations": 97106000.0,
        "Earnings From Equity Interest Net Of Tax": 0.0,
        "Tax Provision": 29780000.0,
        "Pretax Income": 126886000.0,
        "Other Income Expense": -51789000.0,
        "Other Non Operating Income Expenses": -2363000.0,
        "Special Income Charges": -49426000.0,
        "Restructuring And Mergern Acquisition": 49426000.0,
        "Net Non Operating Interest Income Expense": 2611000.0,
        "Interest Expense Non Operating": 2681000.0,
        "Interest Income Non Operating": 5292000.0,
        "Operating Income": 176064000.0,
        "Operating Expense": 378318000.0,
        "Provision For Doubtful Accounts": -83000.0,
        "Depreciation Amortization Depletion Income Statement": 32633000.0,
        "Depreciation And Amortization In Income Statement": 32633000.0,
        "Amortization": 15912000.0,
        "Amortization Of Intangibles Income Statement": 15912000.0,
        "Depreciation Income Statement": 16721000.0,
        "Research And Development": 91863000.0,
        "Selling General And Administration": 253905000.0,
        "Selling And Marketing Expense": 129107000.0,
        "General And Administrative Expense": 124798000.0,
        "Other Gand A": 49943000.0,
        "Salaries And Wages": 74855000.0,
        "Gross Profit": 554382000.0,
        "Cost Of Revenue": 361316000.0,
        "Total Revenue": 915698000.0,
        "Operating Revenue": 915698000.0
    },
    "2022-12-31": {
        "Tax Effect Of Unusual Items": -785698.598575,
        "Tax Rate For Calcs": 0.23538,
        "Normalized EBITDA": 322992000.0,
        "Total Unusual Items": -3338000.0,
        "Total Unusual Items Excluding Goodwill": -3338000.0,
        "Net Income From Continuing Operation Net Minority Interest": 128762000.0,
        "Reconciled Depreciation": 148570000.0,
        "Reconciled Cost Of Revenue": 243833000.0,
        "EBIT": 171084000.0,
        "Net Interest Income": 2334000.0,
        "Interest Expense": 2684000.0,
        "Interest Income": 5018000.0,
        "Normalized Income": 131314301.401425,
        "Net Income From Continuing And Discontinued Operation": 128762000.0,
        "Total Expenses": 756966000.0,
        "Total Operating Income As Reported": 167475000.0,
        "Diluted Average Shares": 157451000.0,
        "Basic Average Shares": 157109000.0,
        "Diluted EPS": 0.82,
        "Basic EPS": 0.82,
        "Diluted NI Availto Com Stockholders": 128762000.0,
        "Net Income Common Stockholders": 128762000.0,
        "Net Income": 128762000.0,
        "Net Income Including Noncontrolling Interests": 128762000.0,
        "Net Income Continuous Operations": 128762000.0,
        "Earnings From Equity Interest Net Of Tax": 0.0,
        "Tax Provision": 39638000.0,
        "Pretax Income": 168400000.0,
        "Other Income Expense": -4747000.0,
        "Other Non Operating Income Expenses": -1409000.0,
        "Special Income Charges": -3338000.0,
        "Restructuring And Mergern Acquisition": 3338000.0,
        "Net Non Operating Interest Income Expense": 2334000.0,
        "Interest Expense Non Operating": 2684000.0,
        "Interest Income Non Operating": 5018000.0,
        "Operating Income": 170813000.0,
        "Operating Expense": 398998000.0,
        "Provision For Doubtful Accounts": 4046000.0,
        "Depreciation Amortization Depletion Income Statement": 34435000.0,
        "Depreciation And Amortization In Income Statement": 34435000.0,
        "Amortization": 16993000.0,
        "Amortization Of Intangibles Income Statement": 16993000.0,
        "Depreciation Income Statement": 17442000.0,
        "Research And Development": 105382000.0,
        "Selling General And Administration": 255135000.0,
        "Selling And Marketing Expense": 129090000.0,
        "General And Administrative Expense": 126045000.0,
        "Other Gand A": 56066000.0,
        "Salaries And Wages": 69979000.0,
        "Gross Profit": 569811000.0,
        "Cost Of Revenue": 357968000.0,
        "Total Revenue": 927779000.0,
        "Operating Revenue": 927779000.0
    },
    "2022-09-30": {
        "Tax Effect Of Unusual Items": -71732.0,
        "Tax Rate For Calcs": 0.316,
        "Normalized EBITDA": 312157000.0,
        "Total Unusual Items": -227000.0,
        "Total Unusual Items Excluding Goodwill": -227000.0,
        "Net Income From Continuing Operation Net Minority Interest": 108154000.0,
        "Reconciled Depreciation": 150985000.0,
        "Reconciled Cost Of Revenue": 212839000.0,
        "EBIT": 160945000.0,
        "Net Interest Income": -2003000.0,
        "Interest Expense": 2785000.0,
        "Interest Income": 782000.0,
        "Normalized Income": 108309268.0,
        "Net Income From Continuing And Discontinued Operation": 108154000.0,
        "Total Expenses": 721231000.0,
        "Total Operating Income As Reported": 160438000.0,
        "Diluted Average Shares": 159068000.0,
        "Basic Average Shares": 158715000.0,
        "Diluted EPS": 0.68,
        "Basic EPS": 0.68,
        "Diluted NI Availto Com Stockholders": 108154000.0,
        "Net Income Common Stockholders": 108154000.0,
        "Net Income": 108154000.0,
        "Net Income Including Noncontrolling Interests": 108154000.0,
        "Net Income Continuous Operations": 108154000.0,
        "Earnings From Equity Interest Net Of Tax": 0.0,
        "Tax Provision": 50006000.0,
        "Pretax Income": 158160000.0,
        "Other Income Expense": -502000.0,
        "Other Non Operating Income Expenses": -275000.0,
        "Special Income Charges": -227000.0,
        "Restructuring And Mergern Acquisition": 227000.0,
        "Net Non Operating Interest Income Expense": -2003000.0,
        "Interest Expense Non Operating": 2785000.0,
        "Interest Income Non Operating": 782000.0,
        "Operating Income": 160665000.0,
        "Operating Expense": 374781000.0,
        "Provision For Doubtful Accounts": NaN,
        "Depreciation Amortization Depletion Income Statement": 17374000.0,
        "Depreciation And Amortization In Income Statement": 17374000.0,
        "Amortization": 17374000.0,
        "Amortization Of Intangibles Income Statement": 17374000.0,
        "Depreciation Income Statement": NaN,
        "Research And Development": 94047000.0,
        "Selling General And Administration": 263360000.0,
        "Selling And Marketing Expense": 123935000.0,
        "General And Administrative Expense": 139425000.0,
        "Other Gand A": 139425000.0,
        "Salaries And Wages": NaN,
        "Gross Profit": 535446000.0,
        "Cost Of Revenue": 346450000.0,
        "Total Revenue": 881896000.0,
        "Operating Revenue": 881896000.0
    },
    "2022-06-30": {
        "Tax Effect Of Unusual Items": -2246387.0,
        "Tax Rate For Calcs": 0.299,
        "Normalized EBITDA": 333975000.0,
        "Total Unusual Items": -7513000.0,
        "Total Unusual Items Excluding Goodwill": -7513000.0,
        "Net Income From Continuing Operation Net Minority Interest": 119537000.0,
        "Reconciled Depreciation": 150604000.0,
        "Reconciled Cost Of Revenue": 231440000.0,
        "EBIT": 175858000.0,
        "Net Interest Income": -5263000.0,
        "Interest Expense": 5263000.0,
        "Interest Income": NaN,
        "Normalized Income": 124803613.0,
        "Net Income From Continuing And Discontinued Operation": 119537000.0,
        "Total Expenses": 720777000.0,
        "Total Operating Income As Reported": 175042000.0,
        "Diluted Average Shares": 161710000.0,
        "Basic Average Shares": 160038000.0,
        "Diluted EPS": 0.74,
        "Basic EPS": 0.75,
        "Diluted NI Availto Com Stockholders": 119537000.0,
        "Net Income Common Stockholders": 119537000.0,
        "Net Income": 119537000.0,
        "Net Income Including Noncontrolling Interests": 119537000.0,
        "Net Income Continuous Operations": 119537000.0,
        "Earnings From Equity Interest Net Of Tax": 0.0,
        "Tax Provision": 51058000.0,
        "Pretax Income": 170595000.0,
        "Other Income Expense": -6697000.0,
        "Other Non Operating Income Expenses": 816000.0,
        "Special Income Charges": -7513000.0,
        "Restructuring And Mergern Acquisition": 7513000.0,
        "Net Non Operating Interest Income Expense": -5263000.0,
        "Interest Expense Non Operating": 5263000.0,
        "Interest Income Non Operating": NaN,
        "Operating Income": 182555000.0,
        "Operating Expense": 374128000.0,
        "Provision For Doubtful Accounts": 529000.0,
        "Depreciation Amortization Depletion Income Statement": 35395000.0,
        "Depreciation And Amortization In Income Statement": 35395000.0,
        "Amortization": 16972000.0,
        "Amortization Of Intangibles Income Statement": 16972000.0,
        "Depreciation Income Statement": 18423000.0,
        "Research And Development": 92070000.0,
        "Selling General And Administration": 246134000.0,
        "Selling And Marketing Expense": 126665000.0,
        "General And Administrative Expense": 119469000.0,
        "Other Gand A": 50607000.0,
        "Salaries And Wages": 68862000.0,
        "Gross Profit": 556683000.0,
        "Cost Of Revenue": 346649000.0,
        "Total Revenue": 903332000.0,
        "Operating Revenue": 903332000.0
    },
    "2022-03-31": {
        "Diluted EPS": 0.82,
        "Total Revenue": 904,
        "Gross Profit": 571,
        "Operating Income": 173,
        "EBIT": 317,
        "Net Income": 133
    },
    "2021-12-31": {
        "Diluted EPS": 0.97,
        "Total Revenue": 905,
        "Gross Profit": 580,
        "Operating Income": 196,
        "EBIT": 355,
        "Net Income": 161
    },
    "2021-09-30": {
        "Diluted EPS": 1.08,
        "Total Revenue": 860,
        "Gross Profit": 543,
        "Operating Income": 205,
        "EBIT": 362,
        "Net Income": 179
    },
    "2021-06-30": {
        "Diluted EPS": 0.94,
        "Total Revenue": 853,
        "Gross Profit": 533,
        "Operating Income": 199,
        "EBIT": 354,
        "Net Income": 156
    },
    "2021-03-31": {
        "Diluted EPS": 0.94,
        "Total Revenue": 843,
        "Gross Profit": 536,
        "Operating Income": 182,
        "EBIT": 330,
        "Net Income": 156
    },
    "2020-12-31": {
        "Diluted EPS": 0.69,
        "Total Revenue": 846,
        "Gross Profit": 542,
        "Operating Income": 135,
        "EBIT": 278,
        "Net Income": 113
    },
    "2020-09-30": {
        "Diluted EPS": 0.95,
        "Total Revenue": 793,
        "Gross Profit": 509,
        "Operating Income": 181,
        "EBIT": 316,
        "Net Income": 159
    },
    "2020-06-30": {
        "Diluted EPS": 0.98,
        "Total Revenue": 795,
        "Gross Profit": 518,
        "Operating Income": 190,
        "EBIT": 322,
        "Net Income": 162
    },
    "2020-03-31": {
        "Diluted EPS": 0.75,
        "Total Revenue": 764,
        "Gross Profit": 496,
        "Operating Income": 152,
        "EBIT": 284,
        "Net Income": 123
    },
    "2019-12-31": {
        "Diluted EPS": 0.72,
        "Total Revenue": 772,
        "Gross Profit": 514,
        "Operating Income": 135,
        "EBIT": 266,
        "Net Income": 119
    },
    "2019-09-30": {
        "Diluted EPS": 0.84,
        "Total Revenue": 710,
        "Gross Profit": 463,
        "Operating Income": 143,
        "EBIT": 265,
        "Net Income": 138
    },
    "2019-06-30": {
        "Diluted EPS": 0.69,
        "Total Revenue": 705,
        "Gross Profit": 463,
        "Operating Income": 136,
        "EBIT": 250,
        "Net Income": 114
    },
    "2019-03-31": {
        "Diluted EPS": 0.65,
        "Total Revenue": 707,
        "Gross Profit": 466,
        "Operating Income": 135,
        "EBIT": 254,
        "Net Income": 107
    },
    "2018-12-31": {
        "Diluted EPS": 0.56,
        "Total Revenue": 713,
        "Gross Profit": 469,
        "Operating Income": 120,
        "EBIT": 251,
        "Net Income": 94
    },
    "2018-09-30": {
        "Diluted EPS": 0.64,
        "Total Revenue": 670,
        "Gross Profit": 430,
        "Operating Income": 117,
        "EBIT": 238,
        "Net Income": 108
    },
    "2018-06-30": {
        "Diluted EPS": 0.25,
        "Total Revenue": 663,
        "Gross Profit": 427,
        "Operating Income": 57,
        "EBIT": 172,
        "Net Income": 43
    },
    "2018-03-31": {
        "Diluted EPS": 0.31,
        "Total Revenue": 669,
        "Gross Profit": 434,
        "Operating Income": 69,
        "EBIT": 178,
        "Net Income": 54
    },
    "2017-12-31": {
        "Diluted EPS": 0.16,
        "Total Revenue": 658,
        "Gross Profit": 429,
        "Operating Income": 32,
        "EBIT": 136,
        "Net Income": 28
    },
    "2017-09-30": {
        "Diluted EPS": 0.37,
        "Total Revenue": 624,
        "Gross Profit": 399,
        "Operating Income": 91,
        "EBIT": 193,
        "Net Income": 64
    },
    "2017-06-30": {
        "Diluted EPS": 0.33,
        "Total Revenue": 606,
        "Gross Profit": 391,
        "Operating Income": 86,
        "EBIT": 179,
        "Net Income": 57
    },
    "2017-03-31": {
        "Diluted EPS": 0.43,
        "Total Revenue": 600,
        "Gross Profit": 395,
        "Operating Income": 105,
        "EBIT": 196,
        "Net Income": 75
    },
    "2016-12-31": {
        "Diluted EPS": 0.55,
        "Total Revenue": 624,
        "Gross Profit": 420,
        "Operating Income": 130,
        "EBIT": 219,
        "Net Income": 96
    },
    "2016-09-30": {
        "Diluted EPS": 0.43,
        "Total Revenue": 584,
        "Gross Profit": 380,
        "Operating Income": 112,
        "EBIT": 201,
        "Net Income": 76
    },
    "2016-06-30": {
        "Diluted EPS": 0.42,
        "Total Revenue": 572,
        "Gross Profit": 366,
        "Operating Income": 110,
        "EBIT": 200,
        "Net Income": 74
    },
    "2016-03-31": {
        "Diluted EPS": 0.42,
        "Total Revenue": 568,
        "Gross Profit": 373,
        "Operating Income": 114,
        "EBIT": 199,
        "Net Income": 75
    },
    "2015-12-31": {
        "Diluted EPS": 0.49,
        "Total Revenue": 579,
        "Gross Profit": 386,
        "Operating Income": 123,
        "EBIT": 208,
        "Net Income": 88
    },
    "2015-09-30": {
        "Diluted EPS": 0.49,
        "Total Revenue": 551,
        "Gross Profit": 368,
        "Operating Income": 116,
        "EBIT": 195,
        "Net Income": 88
    },
    "2015-06-30": {
        "Diluted EPS": 0.37,
        "Total Revenue": 541,
        "Gross Profit": 361,
        "Operating Income": 106,
        "EBIT": 185,
        "Net Income": 67
    },
    "2015-03-31": {
        "Diluted EPS": 0.43,
        "Total Revenue": 527,
        "Gross Profit": 357,
        "Operating Income": 122,
        "EBIT": 197,
        "Net Income": 78
    },
    "2014-12-31": {
        "Diluted EPS": 0.54,
        "Total Revenue": 536,
        "Gross Profit": 373,
        "Operating Income": 136,
        "EBIT": 208,
        "Net Income": 97
    },
    "2014-09-30": {
        "Diluted EPS": 0.5,
        "Total Revenue": 498,
        "Gross Profit": 339,
        "Operating Income": 120,
        "EBIT": 192,
        "Net Income": 91
    },
    "2014-06-30": {
        "Diluted EPS": 0.4,
        "Total Revenue": 476,
        "Gross Profit": 327,
        "Operating Income": 112,
        "EBIT": 176,
        "Net Income": 73
    },
    "2014-03-31": {
        "Diluted EPS": 0.4,
        "Total Revenue": 454,
        "Gross Profit": 314,
        "Operating Income": 121,
        "EBIT": 176,
        "Net Income": 73
    },
    "2013-12-31": {
        "Diluted EPS": 0.44,
        "Total Revenue": 436,
        "Gross Profit": 302,
        "Operating Income": 116,
        "EBIT": 166,
        "Net Income": 80
    },
    "2013-09-30": {
        "Diluted EPS": 0.44,
        "Total Revenue": 396,
        "Gross Profit": 264,
        "Operating Income": 100,
        "EBIT": 147,
        "Net Income": 80
    },
    "2013-06-30": {
        "Diluted EPS": 0.34,
        "Total Revenue": 378,
        "Gross Profit": 253,
        "Operating Income": 98,
        "EBIT": 142,
        "Net Income": 62
    },
    "2013-03-31": {
        "Diluted EPS": 0.39,
        "Total Revenue": 368,
        "Gross Profit": 248,
        "Operating Income": 101,
        "EBIT": 144,
        "Net Income": 71
    },
    "2012-12-31": {
        "Diluted EPS": 0.37,
        "Total Revenue": 378,
        "Gross Profit": 238,
        "Operating Income": 96,
        "EBIT": 151,
        "Net Income": 68
    },
    "2012-09-30": {
        "Diluted EPS": 0.27,
        "Total Revenue": 345,
        "Gross Profit": 211,
        "Operating Income": 80,
        "EBIT": 134,
        "Net Income": 48
    },
    "2012-06-30": {
        "Diluted EPS": 0.24,
        "Total Revenue": 331,
        "Gross Profit": 200,
        "Operating Income": 67,
        "EBIT": 117,
        "Net Income": 44
    },
    "2012-03-31": {
        "Diluted EPS": 0.24,
        "Total Revenue": 319,
        "Gross Profit": 195,
        "Operating Income": 72,
        "EBIT": 117,
        "Net Income": 43
    },
    "2011-12-31": {
        "Diluted EPS": 0.33,
        "Total Revenue": 324,
        "Gross Profit": 142,
        "Operating Income": 79,
        "EBIT": 123,
        "Net Income": 60
    },
    "2011-09-30": {
        "Diluted EPS": 0.23,
        "Total Revenue": 282,
        "Gross Profit": 189,
        "Operating Income": 65,
        "EBIT": 107,
        "Net Income": 42
    },
    "2011-06-30": {
        "Diluted EPS": 0.25,
        "Total Revenue": 277,
        "Gross Profit": 187,
        "Operating Income": 73,
        "EBIT": 115,
        "Net Income": 48
    },
    "2011-03-31": {
        "Diluted EPS": 0.26,
        "Total Revenue": 276,
        "Gross Profit": 187,
        "Operating Income": 73,
        "EBIT": 114,
        "Net Income": 51
    },
    "2010-12-31": {
        "Diluted EPS": 0.27,
        "Total Revenue": 285,
        "Gross Profit": 198,
        "Operating Income": 72,
        "EBIT": 112,
        "Net Income": 53
    },
    "2010-09-30": {
        "Diluted EPS": 0.21,
        "Total Revenue": 254,
        "Gross Profit": 176,
        "Operating Income": 59,
        "EBIT": 96,
        "Net Income": 40
    },
    "2010-06-30": {
        "Diluted EPS": 0.2,
        "Total Revenue": 245,
        "Gross Profit": 173,
        "Operating Income": 57,
        "EBIT": 92,
        "Net Income": 38
    },
    "2010-03-31": {
        "Diluted EPS": 0.22,
        "Total Revenue": 240,
        "Gross Profit": 173,
        "Operating Income": 66,
        "EBIT": 99,
        "Net Income": 41
    },
    "2009-12-31": {
        "Diluted EPS": 0.21,
        "Total Revenue": 238,
        "Gross Profit": 171,
        "Operating Income": 62,
        "EBIT": 95,
        "Net Income": 40
    },
    "2009-09-30": {
        "Diluted EPS": 0.18,
        "Total Revenue": 207,
        "Gross Profit": 145,
        "Operating Income": 51,
        "EBIT": 83,
        "Net Income": 33
    },
    "2009-06-30": {
        "Diluted EPS": 0.19,
        "Total Revenue": 205,
        "Gross Profit": 145,
        "Operating Income": 54,
        "EBIT": 84,
        "Net Income": 36
    },
    "2009-03-31": {
        "Diluted EPS": 0.2,
        "Total Revenue": 210,
        "Gross Profit": 150,
        "Operating Income": 56,
        "EBIT": 85,
        "Net Income": 37
    }
}