{
    "2023-03-31": {
        "Tax Effect Of Unusual Items": NaN,
        "Tax Rate For Calcs": NaN,
        "Normalized EBITDA": NaN,
        "Total Unusual Items": NaN,
        "Total Unusual Items Excluding Goodwill": NaN,
        "Net Income From Continuing Operation Net Minority Interest": NaN,
        "Reconciled Depreciation": NaN,
        "Reconciled Cost Of Revenue": NaN,
        "EBITDA": NaN,
        "EBIT": NaN,
        "Net Interest Income": NaN,
        "Interest Expense": NaN,
        "Normalized Income": NaN,
        "Net Income From Continuing And Discontinued Operation": NaN,
        "Total Expenses": NaN,
        "Total Operating Income As Reported": NaN,
        "Diluted Average Shares": NaN,
        "Basic Average Shares": NaN,
        "Diluted EPS": NaN,
        "Basic EPS": NaN,
        "Diluted NI Availto Com Stockholders": NaN,
        "Net Income Common Stockholders": NaN,
        "Net Income": NaN,
        "Net Income Including Noncontrolling Interests": NaN,
        "Net Income Continuous Operations": NaN,
        "Pretax Income": NaN,
        "Other Income Expense": NaN,
        "Other Non Operating Income Expenses": NaN,
        "Special Income Charges": NaN,
        "Other Special Charges": NaN,
        "Restructuring And Mergern Acquisition": NaN,
        "Gain On Sale Of Security": NaN,
        "Net Non Operating Interest Income Expense": NaN,
        "Interest Expense Non Operating": NaN,
        "Operating Income": NaN,
        "Operating Expense": NaN,
        "Other Operating Expenses": NaN,
        "Research And Development": NaN,
        "Selling General And Administration": NaN,
        "Selling And Marketing Expense": 25221000.0,
        "Gross Profit": NaN,
        "Cost Of Revenue": NaN,
        "Total Revenue": NaN,
        "Operating Revenue": NaN
    },
    "2022-12-31": {
        "Tax Effect Of Unusual Items": NaN,
        "Tax Rate For Calcs": NaN,
        "Normalized EBITDA": NaN,
        "Total Unusual Items": NaN,
        "Total Unusual Items Excluding Goodwill": NaN,
        "Net Income From Continuing Operation Net Minority Interest": NaN,
        "Reconciled Depreciation": NaN,
        "Reconciled Cost Of Revenue": NaN,
        "EBITDA": NaN,
        "EBIT": NaN,
        "Net Interest Income": NaN,
        "Interest Expense": NaN,
        "Normalized Income": NaN,
        "Net Income From Continuing And Discontinued Operation": NaN,
        "Total Expenses": NaN,
        "Total Operating Income As Reported": NaN,
        "Diluted Average Shares": NaN,
        "Basic Average Shares": NaN,
        "Diluted EPS": NaN,
        "Basic EPS": NaN,
        "Diluted NI Availto Com Stockholders": NaN,
        "Net Income Common Stockholders": NaN,
        "Net Income": NaN,
        "Net Income Including Noncontrolling Interests": NaN,
        "Net Income Continuous Operations": NaN,
        "Pretax Income": NaN,
        "Other Income Expense": NaN,
        "Other Non Operating Income Expenses": NaN,
        "Special Income Charges": NaN,
        "Other Special Charges": 0.0,
        "Restructuring And Mergern Acquisition": NaN,
        "Gain On Sale Of Security": NaN,
        "Net Non Operating Interest Income Expense": NaN,
        "Interest Expense Non Operating": NaN,
        "Operating Income": NaN,
        "Operating Expense": NaN,
        "Other Operating Expenses": NaN,
        "Research And Development": NaN,
        "Selling General And Administration": NaN,
        "Selling And Marketing Expense": 30647000.0,
        "General And Administrative Expense": 31499000.0,
        "Other Gand A": 31499000.0,
        "Gross Profit": NaN,
        "Cost Of Revenue": NaN,
        "Total Revenue": NaN,
        "Operating Revenue": NaN
    },
    "2022-09-30": {
        "Tax Effect Of Unusual Items": NaN,
        "Tax Rate For Calcs": NaN,
        "Normalized EBITDA": NaN,
        "Total Unusual Items": NaN,
        "Total Unusual Items Excluding Goodwill": NaN,
        "Net Income From Continuing Operation Net Minority Interest": NaN,
        "Reconciled Depreciation": NaN,
        "Reconciled Cost Of Revenue": NaN,
        "EBITDA": NaN,
        "EBIT": NaN,
        "Net Interest Income": NaN,
        "Interest Expense": NaN,
        "Normalized Income": NaN,
        "Net Income From Continuing And Discontinued Operation": NaN,
        "Total Expenses": NaN,
        "Total Operating Income As Reported": NaN,
        "Diluted Average Shares": NaN,
        "Basic Average Shares": NaN,
        "Diluted EPS": NaN,
        "Basic EPS": NaN,
        "Diluted NI Availto Com Stockholders": NaN,
        "Net Income Common Stockholders": NaN,
        "Net Income": NaN,
        "Net Income Including Noncontrolling Interests": NaN,
        "Net Income Continuous Operations": NaN,
        "Pretax Income": NaN,
        "Other Income Expense": NaN,
        "Other Non Operating Income Expenses": NaN,
        "Special Income Charges": NaN,
        "Other Special Charges": 906000.0,
        "Restructuring And Mergern Acquisition": NaN,
        "Gain On Sale Of Security": NaN,
        "Net Non Operating Interest Income Expense": NaN,
        "Interest Expense Non Operating": NaN,
        "Operating Income": NaN,
        "Operating Expense": NaN,
        "Other Operating Expenses": NaN,
        "Research And Development": NaN,
        "Selling General And Administration": NaN,
        "Selling And Marketing Expense": NaN,
        "General And Administrative Expense": 31661000.0,
        "Other Gand A": 31661000.0,
        "Gross Profit": NaN,
        "Cost Of Revenue": NaN,
        "Total Revenue": NaN,
        "Operating Revenue": NaN
    },
    "2022-06-30": {
        "Tax Effect Of Unusual Items": -5812400.0,
        "Tax Rate For Calcs": 0.4,
        "Normalized EBITDA": 58270000.0,
        "Total Unusual Items": -14531000.0,
        "Total Unusual Items Excluding Goodwill": -14531000.0,
        "Net Income From Continuing Operation Net Minority Interest": 29276000.0,
        "Reconciled Depreciation": 9426000.0,
        "Reconciled Cost Of Revenue": 18600000.0,
        "EBITDA": 43739000.0,
        "EBIT": 34313000.0,
        "Net Interest Income": -5037000.0,
        "Interest Expense": 5037000.0,
        "Normalized Income": 37994600.0,
        "Net Income From Continuing And Discontinued Operation": 29276000.0,
        "Total Expenses": 78326000.0,
        "Total Operating Income As Reported": 33902000.0,
        "Diluted Average Shares": 190375317.0,
        "Basic Average Shares": 183597766.0,
        "Diluted EPS": 0.15,
        "Basic EPS": 0.16,
        "Diluted NI Availto Com Stockholders": 29276000.0,
        "Net Income Common Stockholders": 29276000.0,
        "Net Income": 29276000.0,
        "Net Income Including Noncontrolling Interests": 29276000.0,
        "Net Income Continuous Operations": 29276000.0,
        "Tax Provision": NaN,
        "Pretax Income": 29276000.0,
        "Other Income Expense": -14120000.0,
        "Other Non Operating Income Expenses": 411000.0,
        "Special Income Charges": -14531000.0,
        "Other Special Charges": NaN,
        "Restructuring And Mergern Acquisition": 14531000.0,
        "Net Non Operating Interest Income Expense": -5037000.0,
        "Interest Expense Non Operating": 5037000.0,
        "Operating Income": 48433000.0,
        "Operating Expense": 59726000.0,
        "Other Operating Expenses": 892000.0,
        "Research And Development": 26027000.0,
        "Selling General And Administration": 33699000.0,
        "Selling And Marketing Expense": 32807000.0,
        "General And Administrative Expense": 33699000.0,
        "Other Gand A": 33699000.0,
        "Gross Profit": 108159000.0,
        "Cost Of Revenue": 18600000.0,
        "Total Revenue": 126759000.0,
        "Operating Revenue": 126759000.0
    },
    "2022-03-31": {
        "Diluted EPS": -0.35,
        "Total Revenue": 62,
        "Gross Profit": 30,
        "Operating Income": -58,
        "EBIT": -49,
        "Net Income": -62
    },
    "2021-12-31": {
        "Diluted EPS": -0.4,
        "Total Revenue": 60,
        "Gross Profit": 9,
        "Operating Income": -66,
        "EBIT": -57,
        "Net Income": -71
    },
    "2021-09-30": {
        "Diluted EPS": -0.34,
        "Total Revenue": 49,
        "Gross Profit": 33,
        "Operating Income": -55,
        "EBIT": -45,
        "Net Income": -60
    },
    "2021-06-30": {
        "Diluted EPS": -0.51,
        "Total Revenue": 53,
        "Gross Profit": 0,
        "Operating Income": -79,
        "EBIT": -70,
        "Net Income": -83
    },
    "2021-03-31": {
        "Diluted EPS": -0.45,
        "Total Revenue": 52,
        "Gross Profit": 18,
        "Operating Income": -65,
        "EBIT": -55,
        "Net Income": -70
    },
    "2020-12-31": {
        "Diluted EPS": -0.6,
        "Total Revenue": 57,
        "Gross Profit": -22,
        "Operating Income": -85,
        "EBIT": -78,
        "Net Income": -87
    },
    "2020-09-30": {
        "Diluted EPS": -0.42,
        "Total Revenue": 60,
        "Gross Profit": 36,
        "Operating Income": -58,
        "EBIT": -52,
        "Net Income": -60
    },
    "2020-06-30": {
        "Diluted EPS": -1.28,
        "Total Revenue": 90,
        "Gross Profit": 31,
        "Operating Income": -174,
        "EBIT": -49,
        "Net Income": -176
    },
    "2020-03-31": {
        "Diluted EPS": -0.47,
        "Total Revenue": 88,
        "Gross Profit": 70,
        "Operating Income": -59,
        "EBIT": -50,
        "Net Income": -61
    },
    "2019-12-31": {
        "Diluted EPS": -0.79,
        "Total Revenue": 70,
        "Gross Profit": 31,
        "Operating Income": -95,
        "EBIT": -85,
        "Net Income": -94
    },
    "2019-09-30": {
        "Diluted EPS": -0.46,
        "Total Revenue": 92,
        "Gross Profit": 54,
        "Operating Income": -56,
        "EBIT": -46,
        "Net Income": -55
    },
    "2019-06-30": {
        "Diluted EPS": -0.49,
        "Total Revenue": 101,
        "Gross Profit": 63,
        "Operating Income": -60,
        "EBIT": -50,
        "Net Income": -58
    },
    "2019-03-31": {
        "Diluted EPS": -0.62,
        "Total Revenue": 73,
        "Gross Profit": 41,
        "Operating Income": -76,
        "EBIT": -67,
        "Net Income": -72
    },
    "2018-12-31": {
        "Diluted EPS": -0.93,
        "Total Revenue": 60,
        "Gross Profit": 60,
        "Operating Income": -90,
        "EBIT": -89,
        "Net Income": -60
    },
    "2018-09-30": {
        "Diluted EPS": -0.46,
        "Total Revenue": 53,
        "Gross Profit": 53,
        "Operating Income": -28,
        "EBIT": -28,
        "Net Income": -26
    },
    "2018-06-30": {
        "Diluted EPS": -0.6,
        "Total Revenue": 49,
        "Gross Profit": 49,
        "Operating Income": -36,
        "EBIT": -36,
        "Net Income": -34
    },
    "2018-03-31": {
        "Diluted EPS": -0.48,
        "Total Revenue": 46,
        "Gross Profit": 46,
        "Operating Income": -24,
        "EBIT": -24,
        "Net Income": -23
    },
    "2017-12-31": {
        "Diluted EPS": 0.48,
        "Total Revenue": 91,
        "Gross Profit": 91,
        "Operating Income": 15,
        "EBIT": 15,
        "Net Income": 16
    },
    "2017-09-30": {
        "Diluted EPS": -0.49,
        "Total Revenue": 41,
        "Gross Profit": 41,
        "Operating Income": -24,
        "EBIT": -24,
        "Net Income": -23
    },
    "2017-06-30": {
        "Diluted EPS": -0.53,
        "Total Revenue": 29,
        "Gross Profit": 29,
        "Operating Income": -22,
        "EBIT": -22,
        "Net Income": -22
    },
    "2017-03-31": {
        "Diluted EPS": -1.15,
        "Total Revenue": 21,
        "Gross Profit": 21,
        "Operating Income": -45,
        "EBIT": -45,
        "Net Income": -45
    },
    "2016-12-31": {
        "Diluted EPS": -0.99,
        "Total Revenue": NaN,
        "Gross Profit": NaN,
        "Operating Income": -40,
        "EBIT": -39,
        "Net Income": -38
    },
    "2016-09-30": {
        "Diluted EPS": -0.96,
        "Total Revenue": NaN,
        "Gross Profit": NaN,
        "Operating Income": -36,
        "EBIT": -36,
        "Net Income": -36
    },
    "2016-06-30": {
        "Diluted EPS": -0.95,
        "Total Revenue": NaN,
        "Gross Profit": NaN,
        "Operating Income": -36,
        "EBIT": -36,
        "Net Income": -36
    },
    "2016-03-31": {
        "Diluted EPS": -0.7,
        "Total Revenue": NaN,
        "Gross Profit": NaN,
        "Operating Income": -26,
        "EBIT": -26,
        "Net Income": -26
    },
    "2015-12-31": {
        "Diluted EPS": -0.68,
        "Total Revenue": NaN,
        "Gross Profit": NaN,
        "Operating Income": -20,
        "EBIT": -20,
        "Net Income": -20
    },
    "2015-09-30": {
        "Diluted EPS": -0.68,
        "Total Revenue": NaN,
        "Gross Profit": NaN,
        "Operating Income": -20,
        "EBIT": -19,
        "Net Income": -19
    },
    "2015-06-30": {
        "Diluted EPS": -0.4,
        "Total Revenue": NaN,
        "Gross Profit": NaN,
        "Operating Income": -11,
        "EBIT": -11,
        "Net Income": -11
    },
    "2015-03-31": {
        "Diluted EPS": -0.53,
        "Total Revenue": NaN,
        "Gross Profit": NaN,
        "Operating Income": -11,
        "EBIT": -11,
        "Net Income": -11
    },
    "2014-12-31": {
        "Diluted EPS": 36.19,
        "Total Revenue": NaN,
        "Gross Profit": NaN,
        "Operating Income": -11,
        "EBIT": -10,
        "Net Income": -10
    },
    "2014-09-30": {
        "Diluted EPS": -0.47,
        "Total Revenue": NaN,
        "Gross Profit": NaN,
        "Operating Income": -10,
        "EBIT": -9,
        "Net Income": -9
    },
    "2014-06-30": {
        "Diluted EPS": -0.39,
        "Total Revenue": NaN,
        "Gross Profit": NaN,
        "Operating Income": -8,
        "EBIT": -8,
        "Net Income": -8
    },
    "2014-03-31": {
        "Diluted EPS": -43.37,
        "Total Revenue": NaN,
        "Gross Profit": NaN,
        "Operating Income": -10,
        "EBIT": -10,
        "Net Income": -97
    },
    "2013-12-31": {
        "Diluted EPS": -8.74,
        "Total Revenue": NaN,
        "Gross Profit": NaN,
        "Operating Income": -8,
        "EBIT": -8,
        "Net Income": -6
    },
    "2013-09-30": {
        "Diluted EPS": -11.92,
        "Total Revenue": NaN,
        "Gross Profit": NaN,
        "Operating Income": -4,
        "EBIT": -4,
        "Net Income": -7
    },
    "2013-06-30": {
        "Diluted EPS": -103.19,
        "Total Revenue": NaN,
        "Gross Profit": NaN,
        "Operating Income": -3,
        "EBIT": -3,
        "Net Income": -52
    },
    "2013-03-31": {
        "Diluted EPS": -3.09,
        "Total Revenue": NaN,
        "Gross Profit": NaN,
        "Operating Income": -3,
        "EBIT": -2,
        "Net Income": -1
    },
    "2012-12-31": {
        "Diluted EPS": 0.0,
        "Total Revenue": NaN,
        "Gross Profit": NaN,
        "Operating Income": NaN,
        "EBIT": NaN,
        "Net Income": NaN
    },
    "2023-06-30": {
        "Tax Effect Of Unusual Items": NaN,
        "Tax Rate For Calcs": NaN,
        "Normalized EBITDA": NaN,
        "Total Unusual Items": NaN,
        "Total Unusual Items Excluding Goodwill": NaN,
        "Net Income From Continuing Operation Net Minority Interest": NaN,
        "Reconciled Depreciation": NaN,
        "Reconciled Cost Of Revenue": NaN,
        "EBITDA": NaN,
        "EBIT": NaN,
        "Net Interest Income": NaN,
        "Interest Expense": NaN,
        "Normalized Income": NaN,
        "Net Income From Continuing And Discontinued Operation": NaN,
        "Total Expenses": NaN,
        "Total Operating Income As Reported": NaN,
        "Diluted Average Shares": NaN,
        "Basic Average Shares": NaN,
        "Diluted EPS": NaN,
        "Basic EPS": NaN,
        "Diluted NI Availto Com Stockholders": NaN,
        "Net Income Common Stockholders": NaN,
        "Net Income": NaN,
        "Net Income Including Noncontrolling Interests": NaN,
        "Net Income Continuous Operations": NaN,
        "Pretax Income": NaN,
        "Other Income Expense": NaN,
        "Other Non Operating Income Expenses": NaN,
        "Special Income Charges": NaN,
        "Other Special Charges": 524000.0,
        "Restructuring And Mergern Acquisition": NaN,
        "Gain On Sale Of Security": NaN,
        "Net Non Operating Interest Income Expense": NaN,
        "Interest Expense Non Operating": NaN,
        "Operating Income": NaN,
        "Operating Expense": NaN,
        "Other Operating Expenses": NaN,
        "Research And Development": NaN,
        "Selling General And Administration": NaN,
        "Selling And Marketing Expense": 27036000.0,
        "Gross Profit": NaN,
        "Cost Of Revenue": NaN,
        "Total Revenue": NaN,
        "Operating Revenue": NaN
    },
    "2023-09-30": {
        "Tax Effect Of Unusual Items": 0.0,
        "Tax Rate For Calcs": 0.0,
        "Normalized EBITDA": -3503000.0,
        "Total Unusual Items": -169000.0,
        "Total Unusual Items Excluding Goodwill": -169000.0,
        "Net Income From Continuing Operation Net Minority Interest": -14489000.0,
        "Reconciled Depreciation": 9407000.0,
        "Reconciled Cost Of Revenue": 18009000.0,
        "EBITDA": -3672000.0,
        "EBIT": -13079000.0,
        "Net Interest Income": -1410000.0,
        "Interest Expense": 1410000.0,
        "Normalized Income": -14320000.0,
        "Net Income From Continuing And Discontinued Operation": -14489000.0,
        "Total Expenses": 54913000.0,
        "Total Operating Income As Reported": -13036000.0,
        "Diluted Average Shares": 188306350.0,
        "Basic Average Shares": 188306350.0,
        "Diluted EPS": -0.08,
        "Basic EPS": -0.08,
        "Diluted NI Availto Com Stockholders": -14489000.0,
        "Net Income Common Stockholders": -14489000.0,
        "Net Income": -14489000.0,
        "Net Income Including Noncontrolling Interests": -14489000.0,
        "Net Income Continuous Operations": -14489000.0,
        "Pretax Income": -14489000.0,
        "Other Income Expense": -212000.0,
        "Other Non Operating Income Expenses": -43000.0,
        "Special Income Charges": -169000.0,
        "Other Special Charges": NaN,
        "Restructuring And Mergern Acquisition": 169000.0,
        "Gain On Sale Of Security": NaN,
        "Net Non Operating Interest Income Expense": -1410000.0,
        "Interest Expense Non Operating": 1410000.0,
        "Operating Income": -12867000.0,
        "Operating Expense": 36904000.0,
        "Other Operating Expenses": 864000.0,
        "Research And Development": 13330000.0,
        "Selling General And Administration": 22710000.0,
        "Selling And Marketing Expense": 22710000.0,
        "Gross Profit": 24037000.0,
        "Cost Of Revenue": 18009000.0,
        "Total Revenue": 42046000.0,
        "Operating Revenue": 42046000.0
    },
    "2023-12-31": {
        "Tax Effect Of Unusual Items": 0.0,
        "Tax Rate For Calcs": 0.21,
        "Normalized EBITDA": 11436000.0,
        "Total Unusual Items": 0.0,
        "Total Unusual Items Excluding Goodwill": 0.0,
        "Net Income From Continuing Operation Net Minority Interest": 614000.0,
        "Reconciled Depreciation": 9404000.0,
        "Reconciled Cost Of Revenue": 18665000.0,
        "EBITDA": 11436000.0,
        "EBIT": 2032000.0,
        "Net Interest Income": -1418000.0,
        "Interest Expense": 1418000.0,
        "Normalized Income": 614000.0,
        "Net Income From Continuing And Discontinued Operation": 614000.0,
        "Total Expenses": 54822000.0,
        "Total Operating Income As Reported": 1374000.0,
        "Diluted Average Shares": 190496470.0,
        "Basic Average Shares": 189903365.0,
        "Diluted EPS": 0.003218,
        "Basic EPS": 0.003228,
        "Diluted NI Availto Com Stockholders": 614000.0,
        "Net Income Common Stockholders": 614000.0,
        "Net Income": 614000.0,
        "Net Income Including Noncontrolling Interests": 614000.0,
        "Net Income Continuous Operations": 614000.0,
        "Pretax Income": 614000.0,
        "Other Income Expense": 658000.0,
        "Other Non Operating Income Expenses": 658000.0,
        "Special Income Charges": 0.0,
        "Other Special Charges": 0.0,
        "Restructuring And Mergern Acquisition": 0.0,
        "Gain On Sale Of Security": NaN,
        "Net Non Operating Interest Income Expense": -1418000.0,
        "Interest Expense Non Operating": 1418000.0,
        "Operating Income": 1374000.0,
        "Operating Expense": 36157000.0,
        "Other Operating Expenses": 856000.0,
        "Research And Development": 9865000.0,
        "Selling General And Administration": 25436000.0,
        "Selling And Marketing Expense": 25436000.0,
        "Gross Profit": 37531000.0,
        "Cost Of Revenue": 18665000.0,
        "Total Revenue": 56196000.0,
        "Operating Revenue": 56196000.0
    },
    "2024-03-31": {
        "Tax Effect Of Unusual Items": 0.0,
        "Tax Rate For Calcs": 0.0,
        "Normalized EBITDA": -5408000.0,
        "Total Unusual Items": -704000.0,
        "Total Unusual Items Excluding Goodwill": -704000.0,
        "Net Income From Continuing Operation Net Minority Interest": -17985000.0,
        "Reconciled Depreciation": 9375000.0,
        "Reconciled Cost Of Revenue": 11605000.0,
        "EBITDA": -6112000.0,
        "EBIT": -15487000.0,
        "Net Interest Income": -2498000.0,
        "Interest Expense": 2498000.0,
        "Normalized Income": -17281000.0,
        "Net Income From Continuing And Discontinued Operation": -17985000.0,
        "Total Expenses": 47485000.0,
        "Total Operating Income As Reported": -14936000.0,
        "Diluted Average Shares": 204955151.0,
        "Basic Average Shares": 204955151.0,
        "Diluted EPS": -0.09,
        "Basic EPS": -0.09,
        "Diluted NI Availto Com Stockholders": -17985000.0,
        "Net Income Common Stockholders": -17985000.0,
        "Net Income": -17985000.0,
        "Net Income Including Noncontrolling Interests": -17985000.0,
        "Net Income Continuous Operations": -17985000.0,
        "Pretax Income": -17985000.0,
        "Other Income Expense": -609000.0,
        "Other Non Operating Income Expenses": 95000.0,
        "Special Income Charges": -575000.0,
        "Other Special Charges": 517000.0,
        "Restructuring And Mergern Acquisition": 58000.0,
        "Gain On Sale Of Security": -129000.0,
        "Net Non Operating Interest Income Expense": -2498000.0,
        "Interest Expense Non Operating": 2498000.0,
        "Operating Income": -14878000.0,
        "Operating Expense": 35880000.0,
        "Other Operating Expenses": 711000.0,
        "Research And Development": 9731000.0,
        "Selling General And Administration": 25438000.0,
        "Selling And Marketing Expense": NaN,
        "Gross Profit": 21002000.0,
        "Cost Of Revenue": 11605000.0,
        "Total Revenue": 32607000.0,
        "Operating Revenue": 32607000.0
    },
    "2024-06-30": {
        "Tax Effect Of Unusual Items": 0.0,
        "Tax Rate For Calcs": 0.0,
        "Normalized EBITDA": 646000.0,
        "Total Unusual Items": 2331000.0,
        "Total Unusual Items Excluding Goodwill": 2331000.0,
        "Net Income From Continuing Operation Net Minority Interest": -8582000.0,
        "Reconciled Depreciation": 9410000.0,
        "Reconciled Cost Of Revenue": 17047000.0,
        "EBITDA": 2977000.0,
        "EBIT": -6433000.0,
        "Net Interest Income": -2149000.0,
        "Interest Expense": 2149000.0,
        "Normalized Income": -10913000.0,
        "Net Income From Continuing And Discontinued Operation": -8582000.0,
        "Total Expenses": 52373000.0,
        "Total Operating Income As Reported": -8725000.0,
        "Diluted Average Shares": 209705397.0,
        "Basic Average Shares": 209705397.0,
        "Diluted EPS": -0.04,
        "Basic EPS": -0.04,
        "Diluted NI Availto Com Stockholders": -8582000.0,
        "Net Income Common Stockholders": -8582000.0,
        "Net Income": -8582000.0,
        "Net Income Including Noncontrolling Interests": -8582000.0,
        "Net Income Continuous Operations": -8582000.0,
        "Pretax Income": -8582000.0,
        "Other Income Expense": 2292000.0,
        "Other Non Operating Income Expenses": -39000.0,
        "Special Income Charges": 0.0,
        "Other Special Charges": NaN,
        "Restructuring And Mergern Acquisition": 0.0,
        "Gain On Sale Of Security": 2331000.0,
        "Net Non Operating Interest Income Expense": -2149000.0,
        "Interest Expense Non Operating": 2149000.0,
        "Operating Income": -8725000.0,
        "Operating Expense": 35326000.0,
        "Other Operating Expenses": 762000.0,
        "Research And Development": 7647000.0,
        "Selling General And Administration": 26917000.0,
        "Selling And Marketing Expense": NaN,
        "Gross Profit": 26601000.0,
        "Cost Of Revenue": 17047000.0,
        "Total Revenue": 43648000.0,
        "Operating Revenue": 43648000.0
    },
    "2024-09-30": {
        "Tax Effect Of Unusual Items": 0.0,
        "Tax Rate For Calcs": 0.0,
        "Normalized EBITDA": -3148000.0,
        "Total Unusual Items": -856000.0,
        "Total Unusual Items Excluding Goodwill": -856000.0,
        "Net Income From Continuing Operation Net Minority Interest": -20039000.0,
        "Reconciled Depreciation": 9374000.0,
        "Reconciled Cost Of Revenue": 14161000.0,
        "EBITDA": -4004000.0,
        "EBIT": -13378000.0,
        "Net Interest Income": -6661000.0,
        "Interest Expense": 6661000.0,
        "Normalized Income": -19183000.0,
        "Net Income From Continuing And Discontinued Operation": -20039000.0,
        "Total Expenses": 49933000.0,
        "Total Operating Income As Reported": -12505000.0,
        "Diluted Average Shares": 210348459.0,
        "Basic Average Shares": 210348459.0,
        "Diluted EPS": -0.1,
        "Basic EPS": -0.1,
        "Diluted NI Availto Com Stockholders": -20039000.0,
        "Net Income Common Stockholders": -20039000.0,
        "Net Income": -20039000.0,
        "Net Income Including Noncontrolling Interests": -20039000.0,
        "Net Income Continuous Operations": -20039000.0,
        "Pretax Income": -20039000.0,
        "Other Income Expense": -873000.0,
        "Other Non Operating Income Expenses": -17000.0,
        "Special Income Charges": 0.0,
        "Other Special Charges": NaN,
        "Restructuring And Mergern Acquisition": 0.0,
        "Gain On Sale Of Security": -856000.0,
        "Net Non Operating Interest Income Expense": -6661000.0,
        "Interest Expense Non Operating": 6661000.0,
        "Operating Income": -12505000.0,
        "Operating Expense": 35772000.0,
        "Other Operating Expenses": 769000.0,
        "Research And Development": 8487000.0,
        "Selling General And Administration": 26516000.0,
        "Selling And Marketing Expense": NaN,
        "Gross Profit": 23267000.0,
        "Cost Of Revenue": 14161000.0,
        "Total Revenue": 37428000.0,
        "Operating Revenue": 37428000.0
    }
}