{
    "2023-03-31": {
        "Tax Effect Of Unusual Items": -2026400.0,
        "Tax Rate For Calcs": 0.4,
        "Normalized EBITDA": 30440000.0,
        "Total Unusual Items": -5066000.0,
        "Total Unusual Items Excluding Goodwill": -5066000.0,
        "Net Income From Continuing Operation Net Minority Interest": -35148000.0,
        "Reconciled Depreciation": 22993000.0,
        "Reconciled Cost Of Revenue": 155567000.0,
        "EBITDA": 25374000.0,
        "EBIT": 2381000.0,
        "Net Interest Income": -30697000.0,
        "Interest Expense": 30697000.0,
        "Normalized Income": -32108400.0,
        "Net Income From Continuing And Discontinued Operation": -35148000.0,
        "Total Expenses": 180377000.0,
        "Rent Expense Supplemental": 12341000.0,
        "Total Operating Income As Reported": 2249000.0,
        "Diluted Average Shares": 89819146.0,
        "Basic Average Shares": 89819146.0,
        "Diluted EPS": -0.39,
        "Basic EPS": -0.39,
        "Diluted NI Availto Com Stockholders": -35148000.0,
        "Net Income Common Stockholders": -35148000.0,
        "Net Income": -35148000.0,
        "Minority Interests": -5958000.0,
        "Net Income Including Noncontrolling Interests": -29190000.0,
        "Net Income Continuous Operations": -29190000.0,
        "Tax Provision": 874000.0,
        "Pretax Income": -28316000.0,
        "Other Income Expense": -4834000.0,
        "Other Non Operating Income Expenses": 81000.0,
        "Special Income Charges": -4985000.0,
        "Gain On Sale Of Ppe": 69000.0,
        "Other Special Charges": -776000.0,
        "Impairment Of Capital Assets": NaN,
        "Restructuring And Mergern Acquisition": 5830000.0,
        "Earnings From Equity Interest": 151000.0,
        "Gain On Sale Of Security": -81000.0,
        "Net Non Operating Interest Income Expense": -30697000.0,
        "Interest Expense Non Operating": 30697000.0,
        "Operating Income": 7215000.0,
        "Operating Expense": 24810000.0,
        "Other Operating Expenses": 1418000.0,
        "Depreciation Amortization Depletion Income Statement": 22993000.0,
        "Depreciation And Amortization In Income Statement": 22993000.0,
        "Selling General And Administration": 399000.0,
        "General And Administrative Expense": 399000.0,
        "Salaries And Wages": 399000.0,
        "Gross Profit": 32025000.0,
        "Cost Of Revenue": 155567000.0,
        "Total Revenue": 187592000.0,
        "Operating Revenue": 187592000.0
    },
    "2022-12-31": {
        "Tax Effect Of Unusual Items": -455907.911829,
        "Tax Rate For Calcs": 0.014149,
        "Normalized EBITDA": 35740000.0,
        "Total Unusual Items": -32222000.0,
        "Total Unusual Items Excluding Goodwill": -32222000.0,
        "Net Income From Continuing Operation Net Minority Interest": -41610000.0,
        "Reconciled Depreciation": 23195000.0,
        "Reconciled Cost Of Revenue": 147968000.0,
        "EBITDA": 3518000.0,
        "EBIT": -19677000.0,
        "Net Interest Income": -30362000.0,
        "Interest Expense": 30362000.0,
        "Normalized Income": -9843907.911829,
        "Net Income From Continuing And Discontinued Operation": -41610000.0,
        "Total Expenses": 172531000.0,
        "Rent Expense Supplemental": 12601000.0,
        "Total Operating Income As Reported": -20156000.0,
        "Diluted Average Shares": 89703289.0,
        "Basic Average Shares": 89703289.0,
        "Diluted EPS": -0.46,
        "Basic EPS": -0.46,
        "Diluted NI Availto Com Stockholders": -41610000.0,
        "Net Income Common Stockholders": -41610000.0,
        "Net Income": -41610000.0,
        "Minority Interests": 7721000.0,
        "Net Income Including Noncontrolling Interests": -49331000.0,
        "Net Income Continuous Operations": -49331000.0,
        "Tax Provision": -708000.0,
        "Pretax Income": -50039000.0,
        "Other Income Expense": -31781000.0,
        "Other Non Operating Income Expenses": 207000.0,
        "Special Income Charges": -32283000.0,
        "Gain On Sale Of Ppe": 225000.0,
        "Other Special Charges": NaN,
        "Impairment Of Capital Assets": 26500000.0,
        "Restructuring And Mergern Acquisition": 4168000.0,
        "Earnings From Equity Interest": 234000.0,
        "Gain On Sale Of Security": 61000.0,
        "Net Non Operating Interest Income Expense": -30362000.0,
        "Interest Expense Non Operating": 30362000.0,
        "Operating Income": 12104000.0,
        "Operating Expense": 24563000.0,
        "Other Operating Expenses": 501000.0,
        "Depreciation Amortization Depletion Income Statement": 23195000.0,
        "Depreciation And Amortization In Income Statement": 23195000.0,
        "Selling General And Administration": 867000.0,
        "General And Administrative Expense": 867000.0,
        "Salaries And Wages": 867000.0,
        "Gross Profit": 36667000.0,
        "Cost Of Revenue": 147968000.0,
        "Total Revenue": 184635000.0,
        "Operating Revenue": 175927000.0
    },
    "2022-09-30": {
        "Tax Effect Of Unusual Items": -7658800.0,
        "Tax Rate For Calcs": 0.4,
        "Normalized EBITDA": 36198000.0,
        "Total Unusual Items": -19147000.0,
        "Total Unusual Items Excluding Goodwill": -19147000.0,
        "Net Income From Continuing Operation Net Minority Interest": -53871000.0,
        "Reconciled Depreciation": 25079000.0,
        "Reconciled Cost Of Revenue": 150674000.0,
        "EBITDA": 17051000.0,
        "EBIT": -8028000.0,
        "Net Interest Income": -29679000.0,
        "Interest Expense": 29679000.0,
        "Normalized Income": -42382800.0,
        "Net Income From Continuing And Discontinued Operation": -53871000.0,
        "Total Expenses": 176312000.0,
        "Rent Expense Supplemental": 12894000.0,
        "Total Operating Income As Reported": -8450000.0,
        "Diluted Average Shares": 89540046.0,
        "Basic Average Shares": 89540046.0,
        "Diluted EPS": -0.6,
        "Basic EPS": -0.6,
        "Diluted NI Availto Com Stockholders": -53871000.0,
        "Net Income Common Stockholders": -53871000.0,
        "Net Income": -53871000.0,
        "Minority Interests": -4126000.0,
        "Net Income Including Noncontrolling Interests": -49745000.0,
        "Net Income Continuous Operations": -49745000.0,
        "Tax Provision": 12038000.0,
        "Pretax Income": -37707000.0,
        "Other Income Expense": -18321000.0,
        "Other Non Operating Income Expenses": 576000.0,
        "Special Income Charges": -27021000.0,
        "Gain On Sale Of Ppe": -26000.0,
        "Other Special Charges": NaN,
        "Impairment Of Capital Assets": 20369000.0,
        "Restructuring And Mergern Acquisition": 6626000.0,
        "Earnings From Equity Interest": 250000.0,
        "Gain On Sale Of Security": 7874000.0,
        "Net Non Operating Interest Income Expense": -29679000.0,
        "Interest Expense Non Operating": 29679000.0,
        "Operating Income": 10293000.0,
        "Operating Expense": 25638000.0,
        "Other Operating Expenses": 3000.0,
        "Depreciation Amortization Depletion Income Statement": 25079000.0,
        "Depreciation And Amortization In Income Statement": 25079000.0,
        "Selling General And Administration": 556000.0,
        "General And Administrative Expense": 556000.0,
        "Salaries And Wages": 556000.0,
        "Gross Profit": 35931000.0,
        "Cost Of Revenue": 150674000.0,
        "Total Revenue": 186605000.0,
        "Operating Revenue": 186605000.0
    },
    "2022-06-30": {
        "Tax Effect Of Unusual Items": -1419733.103308,
        "Tax Rate For Calcs": 0.11782,
        "Normalized EBITDA": 36978000.0,
        "Total Unusual Items": -12050000.0,
        "Total Unusual Items Excluding Goodwill": -12050000.0,
        "Net Income From Continuing Operation Net Minority Interest": -30469000.0,
        "Reconciled Depreciation": 25200000.0,
        "Reconciled Cost Of Revenue": 154574000.0,
        "EBITDA": 24928000.0,
        "EBIT": -272000.0,
        "Net Interest Income": -29290000.0,
        "Interest Expense": 29290000.0,
        "Normalized Income": -19838733.103308,
        "Net Income From Continuing And Discontinued Operation": -30469000.0,
        "Total Expenses": 180948000.0,
        "Rent Expense Supplemental": 12742000.0,
        "Total Operating Income As Reported": -2607000.0,
        "Diluted Average Shares": 89516513.0,
        "Basic Average Shares": 89516513.0,
        "Diluted EPS": -0.34,
        "Basic EPS": -0.34,
        "Diluted NI Availto Com Stockholders": -30469000.0,
        "Net Income Common Stockholders": -30469000.0,
        "Net Income": -30469000.0,
        "Minority Interests": -4390000.0,
        "Net Income Including Noncontrolling Interests": -26079000.0,
        "Net Income Continuous Operations": -26079000.0,
        "Tax Provision": -3483000.0,
        "Pretax Income": -29562000.0,
        "Other Income Expense": -11452000.0,
        "Other Non Operating Income Expenses": 350000.0,
        "Special Income Charges": -13059000.0,
        "Gain On Sale Of Ppe": -170000.0,
        "Other Special Charges": NaN,
        "Impairment Of Capital Assets": NaN,
        "Restructuring And Mergern Acquisition": 12889000.0,
        "Earnings From Equity Interest": 248000.0,
        "Gain On Sale Of Security": 1009000.0,
        "Net Non Operating Interest Income Expense": -29290000.0,
        "Interest Expense Non Operating": 29290000.0,
        "Operating Income": 11180000.0,
        "Operating Expense": 26374000.0,
        "Other Operating Expenses": 416000.0,
        "Depreciation Amortization Depletion Income Statement": 25200000.0,
        "Depreciation And Amortization In Income Statement": 25200000.0,
        "Selling General And Administration": 758000.0,
        "General And Administrative Expense": 758000.0,
        "Salaries And Wages": 758000.0,
        "Gross Profit": 37554000.0,
        "Cost Of Revenue": 154574000.0,
        "Total Revenue": 192128000.0,
        "Operating Revenue": 192128000.0
    },
    "2022-03-31": {
        "Diluted EPS": -0.35,
        "Total Revenue": 186,
        "Gross Profit": 31,
        "Operating Income": 3,
        "EBIT": 28,
        "Net Income": -31
    },
    "2021-12-31": {
        "Diluted EPS": -0.36,
        "Total Revenue": 179,
        "Gross Profit": 27,
        "Operating Income": -1,
        "EBIT": 23,
        "Net Income": -32
    },
    "2021-09-30": {
        "Diluted EPS": -0.02,
        "Total Revenue": 108,
        "Gross Profit": 17,
        "Operating Income": 5,
        "EBIT": 17,
        "Net Income": -1
    },
    "2021-06-30": {
        "Diluted EPS": -0.1,
        "Total Revenue": 69,
        "Gross Profit": 12,
        "Operating Income": 6,
        "EBIT": 11,
        "Net Income": -7
    },
    "2021-03-31": {
        "Diluted EPS": -0.04,
        "Total Revenue": 64,
        "Gross Profit": 9,
        "Operating Income": 4,
        "EBIT": 9,
        "Net Income": -3
    },
    "2020-12-31": {
        "Diluted EPS": 0.0,
        "Total Revenue": NaN,
        "Gross Profit": NaN,
        "Operating Income": NaN,
        "EBIT": NaN,
        "Net Income": NaN
    },
    "2023-06-30": {
        "Tax Effect Of Unusual Items": -914843.523253,
        "Tax Rate For Calcs": 0.016104,
        "Normalized EBITDA": 24999000.0,
        "Total Unusual Items": -56809000.0,
        "Total Unusual Items Excluding Goodwill": -56809000.0,
        "Net Income From Continuing Operation Net Minority Interest": -96652000.0,
        "Reconciled Depreciation": 35015000.0,
        "Reconciled Cost Of Revenue": 158495000.0,
        "EBITDA": -31810000.0,
        "EBIT": -66825000.0,
        "Net Interest Income": -31164000.0,
        "Interest Expense": 31164000.0,
        "Normalized Income": -40757843.523253,
        "Net Income From Continuing And Discontinued Operation": -96652000.0,
        "Total Expenses": 193854000.0,
        "Rent Expense Supplemental": 12780000.0,
        "Total Operating Income As Reported": -64479000.0,
        "Diluted Average Shares": 90503986.0,
        "Basic Average Shares": 90503986.0,
        "Diluted EPS": -1.07,
        "Basic EPS": -1.07,
        "Diluted NI Availto Com Stockholders": -96652000.0,
        "Net Income Common Stockholders": -96652000.0,
        "Net Income": -96652000.0,
        "Minority Interests": -241000.0,
        "Net Income Including Noncontrolling Interests": -96411000.0,
        "Net Income Continuous Operations": -96411000.0,
        "Tax Provision": -1578000.0,
        "Pretax Income": -97989000.0,
        "Other Income Expense": -57811000.0,
        "Other Non Operating Income Expenses": -1130000.0,
        "Special Income Charges": -56145000.0,
        "Gain On Sale Of Ppe": 348000.0,
        "Other Special Charges": 1919000.0,
        "Impairment Of Capital Assets": 53460000.0,
        "Restructuring And Mergern Acquisition": 1114000.0,
        "Earnings From Equity Interest": 128000.0,
        "Gain On Sale Of Security": -664000.0,
        "Net Non Operating Interest Income Expense": -31164000.0,
        "Interest Expense Non Operating": 31164000.0,
        "Operating Income": -9014000.0,
        "Operating Expense": 35359000.0,
        "Other Operating Expenses": -97000.0,
        "Depreciation Amortization Depletion Income Statement": 35015000.0,
        "Depreciation And Amortization In Income Statement": 35015000.0,
        "Selling General And Administration": 441000.0,
        "General And Administrative Expense": 441000.0,
        "Salaries And Wages": 441000.0,
        "Gross Profit": 26345000.0,
        "Cost Of Revenue": 158495000.0,
        "Total Revenue": 184840000.0,
        "Operating Revenue": 184840000.0
    }
}