{
    "2023-03-31": {
        "Tax Effect Of Unusual Items": NaN,
        "Tax Rate For Calcs": NaN,
        "Normalized EBITDA": NaN,
        "Total Unusual Items": NaN,
        "Total Unusual Items Excluding Goodwill": NaN,
        "Net Income From Continuing Operation Net Minority Interest": NaN,
        "Reconciled Depreciation": NaN,
        "Reconciled Cost Of Revenue": NaN,
        "EBITDA": NaN,
        "EBIT": NaN,
        "Net Interest Income": NaN,
        "Interest Expense": NaN,
        "Interest Income": NaN,
        "Normalized Income": NaN,
        "Net Income From Continuing And Discontinued Operation": NaN,
        "Total Expenses": NaN,
        "Total Operating Income As Reported": NaN,
        "Diluted Average Shares": NaN,
        "Basic Average Shares": NaN,
        "Diluted EPS": NaN,
        "Basic EPS": NaN,
        "Diluted NI Availto Com Stockholders": NaN,
        "Net Income Common Stockholders": NaN,
        "Net Income": NaN,
        "Net Income Including Noncontrolling Interests": NaN,
        "Net Income Continuous Operations": NaN,
        "Tax Provision": NaN,
        "Pretax Income": NaN,
        "Other Income Expense": NaN,
        "Other Non Operating Income Expenses": NaN,
        "Special Income Charges": NaN,
        "Impairment Of Capital Assets": NaN,
        "Restructuring And Mergern Acquisition": NaN,
        "Net Non Operating Interest Income Expense": NaN,
        "Interest Expense Non Operating": NaN,
        "Interest Income Non Operating": NaN,
        "Operating Income": NaN,
        "Operating Expense": NaN,
        "Depreciation Amortization Depletion Income Statement": 1971000.0,
        "Depreciation And Amortization In Income Statement": 1971000.0,
        "Research And Development": NaN,
        "Selling General And Administration": NaN,
        "Gross Profit": NaN,
        "Cost Of Revenue": NaN,
        "Total Revenue": NaN,
        "Operating Revenue": NaN
    },
    "2022-12-31": {
        "Tax Effect Of Unusual Items": NaN,
        "Tax Rate For Calcs": NaN,
        "Normalized EBITDA": NaN,
        "Total Unusual Items": NaN,
        "Total Unusual Items Excluding Goodwill": NaN,
        "Net Income From Continuing Operation Net Minority Interest": NaN,
        "Reconciled Depreciation": NaN,
        "Reconciled Cost Of Revenue": NaN,
        "EBITDA": NaN,
        "EBIT": NaN,
        "Net Interest Income": NaN,
        "Interest Expense": NaN,
        "Interest Income": NaN,
        "Normalized Income": NaN,
        "Net Income From Continuing And Discontinued Operation": NaN,
        "Total Expenses": NaN,
        "Total Operating Income As Reported": NaN,
        "Diluted Average Shares": NaN,
        "Basic Average Shares": NaN,
        "Diluted EPS": NaN,
        "Basic EPS": NaN,
        "Diluted NI Availto Com Stockholders": NaN,
        "Net Income Common Stockholders": NaN,
        "Net Income": NaN,
        "Net Income Including Noncontrolling Interests": NaN,
        "Net Income Continuous Operations": NaN,
        "Tax Provision": NaN,
        "Pretax Income": NaN,
        "Other Income Expense": NaN,
        "Other Non Operating Income Expenses": NaN,
        "Special Income Charges": NaN,
        "Impairment Of Capital Assets": NaN,
        "Restructuring And Mergern Acquisition": NaN,
        "Net Non Operating Interest Income Expense": NaN,
        "Interest Expense Non Operating": NaN,
        "Interest Income Non Operating": NaN,
        "Operating Income": NaN,
        "Operating Expense": NaN,
        "Depreciation Amortization Depletion Income Statement": 1759000.0,
        "Depreciation And Amortization In Income Statement": 1759000.0,
        "Research And Development": NaN,
        "Selling General And Administration": NaN,
        "Gross Profit": NaN,
        "Cost Of Revenue": NaN,
        "Total Revenue": NaN,
        "Operating Revenue": NaN
    },
    "2022-09-30": {
        "Tax Effect Of Unusual Items": NaN,
        "Tax Rate For Calcs": NaN,
        "Normalized EBITDA": NaN,
        "Total Unusual Items": NaN,
        "Total Unusual Items Excluding Goodwill": NaN,
        "Net Income From Continuing Operation Net Minority Interest": NaN,
        "Reconciled Depreciation": NaN,
        "Reconciled Cost Of Revenue": NaN,
        "EBITDA": NaN,
        "EBIT": NaN,
        "Net Interest Income": NaN,
        "Interest Expense": NaN,
        "Interest Income": NaN,
        "Normalized Income": NaN,
        "Net Income From Continuing And Discontinued Operation": NaN,
        "Total Expenses": NaN,
        "Total Operating Income As Reported": NaN,
        "Diluted Average Shares": NaN,
        "Basic Average Shares": NaN,
        "Diluted EPS": NaN,
        "Basic EPS": NaN,
        "Diluted NI Availto Com Stockholders": NaN,
        "Net Income Common Stockholders": NaN,
        "Otherunder Preferred Stock Dividend": 0.0,
        "Net Income": NaN,
        "Net Income Including Noncontrolling Interests": NaN,
        "Net Income Continuous Operations": NaN,
        "Tax Provision": NaN,
        "Pretax Income": NaN,
        "Other Income Expense": NaN,
        "Other Non Operating Income Expenses": NaN,
        "Special Income Charges": NaN,
        "Impairment Of Capital Assets": NaN,
        "Restructuring And Mergern Acquisition": NaN,
        "Net Non Operating Interest Income Expense": NaN,
        "Interest Expense Non Operating": NaN,
        "Interest Income Non Operating": NaN,
        "Operating Income": NaN,
        "Operating Expense": NaN,
        "Depreciation Amortization Depletion Income Statement": NaN,
        "Depreciation And Amortization In Income Statement": NaN,
        "Research And Development": NaN,
        "Selling General And Administration": NaN,
        "Gross Profit": NaN,
        "Cost Of Revenue": NaN,
        "Total Revenue": NaN,
        "Operating Revenue": NaN
    },
    "2022-06-30": {
        "Tax Effect Of Unusual Items": 462400.0,
        "Tax Rate For Calcs": 0.4,
        "Normalized EBITDA": -16079000.0,
        "Total Unusual Items": 1156000.0,
        "Total Unusual Items Excluding Goodwill": 1156000.0,
        "Net Income From Continuing Operation Net Minority Interest": -17495000.0,
        "Reconciled Depreciation": 1617000.0,
        "Reconciled Cost Of Revenue": 7553000.0,
        "EBITDA": -14923000.0,
        "EBIT": -16540000.0,
        "Net Interest Income": -849000.0,
        "Interest Expense": 849000.0,
        "Interest Income": NaN,
        "Normalized Income": -18188600.0,
        "Net Income From Continuing And Discontinued Operation": -17495000.0,
        "Total Expenses": 35358000.0,
        "Total Operating Income As Reported": -16308000.0,
        "Diluted Average Shares": 37612331.0,
        "Basic Average Shares": 37612331.0,
        "Diluted EPS": -0.47,
        "Basic EPS": -0.47,
        "Diluted NI Availto Com Stockholders": -17495000.0,
        "Net Income Common Stockholders": -17495000.0,
        "Otherunder Preferred Stock Dividend": 0.0,
        "Net Income": -17495000.0,
        "Net Income Including Noncontrolling Interests": -17495000.0,
        "Net Income Continuous Operations": -17495000.0,
        "Tax Provision": 106000.0,
        "Pretax Income": -17389000.0,
        "Other Income Expense": 924000.0,
        "Other Non Operating Income Expenses": -232000.0,
        "Special Income Charges": 1156000.0,
        "Restructuring And Mergern Acquisition": -1156000.0,
        "Net Non Operating Interest Income Expense": -849000.0,
        "Interest Expense Non Operating": 849000.0,
        "Interest Income Non Operating": NaN,
        "Operating Income": -17464000.0,
        "Operating Expense": 27805000.0,
        "Depreciation Amortization Depletion Income Statement": 1617000.0,
        "Depreciation And Amortization In Income Statement": 1617000.0,
        "Research And Development": 5598000.0,
        "Selling General And Administration": 20590000.0,
        "Gross Profit": 10341000.0,
        "Cost Of Revenue": 7553000.0,
        "Total Revenue": 17894000.0,
        "Operating Revenue": 17894000.0
    },
    "2022-03-31": {
        "Diluted EPS": -0.44,
        "Total Revenue": 17,
        "Gross Profit": 10,
        "Operating Income": -16,
        "EBIT": -14,
        "Net Income": -16
    },
    "2021-12-31": {
        "Diluted EPS": 2.4,
        "Total Revenue": 16,
        "Gross Profit": 10,
        "Operating Income": -17,
        "EBIT": -15,
        "Net Income": -17
    },
    "2021-09-30": {
        "Diluted EPS": -0.31,
        "Total Revenue": 13,
        "Gross Profit": 8,
        "Operating Income": -11,
        "EBIT": -9,
        "Net Income": -12
    },
    "2021-06-30": {
        "Diluted EPS": -0.2,
        "Total Revenue": 13,
        "Gross Profit": 8,
        "Operating Income": -6,
        "EBIT": -5,
        "Net Income": -6
    },
    "2021-03-31": {
        "Diluted EPS": -3.54,
        "Total Revenue": 12,
        "Gross Profit": 7,
        "Operating Income": -5,
        "EBIT": -4,
        "Net Income": -10
    },
    "2020-12-31": {
        "Diluted EPS": -2.5,
        "Total Revenue": 13,
        "Gross Profit": 8,
        "Operating Income": -3,
        "EBIT": -2,
        "Net Income": -6
    },
    "2020-09-30": {
        "Diluted EPS": -2.44,
        "Total Revenue": 10,
        "Gross Profit": 6,
        "Operating Income": -4,
        "EBIT": -3,
        "Net Income": -6
    },
    "2020-06-30": {
        "Diluted EPS": -2.65,
        "Total Revenue": 9,
        "Gross Profit": 5,
        "Operating Income": -4,
        "EBIT": -3,
        "Net Income": -6
    },
    "2020-03-31": {
        "Diluted EPS": -1.59,
        "Total Revenue": 11,
        "Gross Profit": 7,
        "Operating Income": -1,
        "EBIT": 0,
        "Net Income": -4
    },
    "2019-12-31": {
        "Diluted EPS": 0.0,
        "Total Revenue": NaN,
        "Gross Profit": NaN,
        "Operating Income": NaN,
        "EBIT": NaN,
        "Net Income": NaN
    },
    "2023-06-30": {
        "Tax Effect Of Unusual Items": NaN,
        "Tax Rate For Calcs": NaN,
        "Normalized EBITDA": NaN,
        "Total Unusual Items": NaN,
        "Total Unusual Items Excluding Goodwill": NaN,
        "Net Income From Continuing Operation Net Minority Interest": NaN,
        "Reconciled Depreciation": NaN,
        "Reconciled Cost Of Revenue": NaN,
        "EBITDA": NaN,
        "EBIT": NaN,
        "Net Interest Income": NaN,
        "Interest Expense": NaN,
        "Interest Income": NaN,
        "Normalized Income": NaN,
        "Net Income From Continuing And Discontinued Operation": NaN,
        "Total Expenses": NaN,
        "Total Operating Income As Reported": NaN,
        "Diluted Average Shares": NaN,
        "Basic Average Shares": NaN,
        "Diluted EPS": NaN,
        "Basic EPS": NaN,
        "Diluted NI Availto Com Stockholders": NaN,
        "Net Income Common Stockholders": NaN,
        "Net Income": NaN,
        "Net Income Including Noncontrolling Interests": NaN,
        "Net Income Continuous Operations": NaN,
        "Tax Provision": NaN,
        "Pretax Income": NaN,
        "Other Income Expense": NaN,
        "Other Non Operating Income Expenses": NaN,
        "Special Income Charges": NaN,
        "Impairment Of Capital Assets": 0.0,
        "Restructuring And Mergern Acquisition": NaN,
        "Net Non Operating Interest Income Expense": NaN,
        "Interest Expense Non Operating": NaN,
        "Interest Income Non Operating": NaN,
        "Operating Income": NaN,
        "Operating Expense": NaN,
        "Depreciation Amortization Depletion Income Statement": 1847000.0,
        "Depreciation And Amortization In Income Statement": 1847000.0,
        "Research And Development": NaN,
        "Selling General And Administration": NaN,
        "Gross Profit": NaN,
        "Cost Of Revenue": NaN,
        "Total Revenue": NaN,
        "Operating Revenue": NaN
    },
    "2023-09-30": {
        "Tax Effect Of Unusual Items": -55020.0,
        "Tax Rate For Calcs": 0.21,
        "Normalized EBITDA": -7824000.0,
        "Total Unusual Items": -262000.0,
        "Total Unusual Items Excluding Goodwill": -262000.0,
        "Net Income From Continuing Operation Net Minority Interest": -12916000.0,
        "Reconciled Depreciation": 2576000.0,
        "Reconciled Cost Of Revenue": 9939000.0,
        "EBITDA": -8086000.0,
        "EBIT": -10662000.0,
        "Net Interest Income": -1165000.0,
        "Interest Expense": 2239000.0,
        "Interest Income": 1074000.0,
        "Normalized Income": -12709020.0,
        "Net Income From Continuing And Discontinued Operation": -12916000.0,
        "Total Expenses": 36504000.0,
        "Total Operating Income As Reported": -11551000.0,
        "Diluted Average Shares": 48975432.0,
        "Basic Average Shares": 48975432.0,
        "Diluted EPS": -0.26,
        "Basic EPS": -0.26,
        "Diluted NI Availto Com Stockholders": -12916000.0,
        "Net Income Common Stockholders": -12916000.0,
        "Net Income": -12916000.0,
        "Net Income Including Noncontrolling Interests": -12916000.0,
        "Net Income Continuous Operations": -12916000.0,
        "Tax Provision": 15000.0,
        "Pretax Income": -12901000.0,
        "Other Income Expense": -447000.0,
        "Other Non Operating Income Expenses": -185000.0,
        "Special Income Charges": -262000.0,
        "Impairment Of Capital Assets": 0.0,
        "Restructuring And Mergern Acquisition": 262000.0,
        "Net Non Operating Interest Income Expense": -1165000.0,
        "Interest Expense Non Operating": 2239000.0,
        "Interest Income Non Operating": 1074000.0,
        "Operating Income": -11289000.0,
        "Operating Expense": 26565000.0,
        "Depreciation Amortization Depletion Income Statement": 2375000.0,
        "Depreciation And Amortization In Income Statement": 2375000.0,
        "Research And Development": 6314000.0,
        "Selling General And Administration": 20251000.0,
        "Gross Profit": 15276000.0,
        "Cost Of Revenue": 9939000.0,
        "Total Revenue": 25215000.0,
        "Operating Revenue": 25215000.0
    },
    "2023-12-31": {
        "Tax Effect Of Unusual Items": -1254.065041,
        "Tax Rate For Calcs": 0.002033,
        "Normalized EBITDA": -5808000.0,
        "Total Unusual Items": -617000.0,
        "Total Unusual Items Excluding Goodwill": -617000.0,
        "Net Income From Continuing Operation Net Minority Interest": -10802000.0,
        "Reconciled Depreciation": 2106000.0,
        "Reconciled Cost Of Revenue": 9635000.0,
        "EBITDA": -6425000.0,
        "EBIT": -8531000.0,
        "Net Interest Income": -1380000.0,
        "Interest Expense": 2293000.0,
        "Interest Income": 913000.0,
        "Normalized Income": -10186254.065041,
        "Net Income From Continuing And Discontinued Operation": -10802000.0,
        "Total Expenses": 35309000.0,
        "Total Operating Income As Reported": -9439000.0,
        "Diluted Average Shares": 49089712.0,
        "Basic Average Shares": 49089712.0,
        "Diluted EPS": -0.22,
        "Basic EPS": -0.22,
        "Diluted NI Availto Com Stockholders": -10802000.0,
        "Net Income Common Stockholders": -10802000.0,
        "Net Income": -10802000.0,
        "Net Income Including Noncontrolling Interests": -10802000.0,
        "Net Income Continuous Operations": -10802000.0,
        "Tax Provision": -22000.0,
        "Pretax Income": -10824000.0,
        "Other Income Expense": -622000.0,
        "Other Non Operating Income Expenses": -5000.0,
        "Special Income Charges": -617000.0,
        "Impairment Of Capital Assets": NaN,
        "Restructuring And Mergern Acquisition": 617000.0,
        "Net Non Operating Interest Income Expense": -1380000.0,
        "Interest Expense Non Operating": 2293000.0,
        "Interest Income Non Operating": 913000.0,
        "Operating Income": -8822000.0,
        "Operating Expense": 25442000.0,
        "Depreciation Amortization Depletion Income Statement": 1874000.0,
        "Depreciation And Amortization In Income Statement": 1874000.0,
        "Research And Development": 4670000.0,
        "Selling General And Administration": 18898000.0,
        "Gross Profit": 16620000.0,
        "Cost Of Revenue": 9867000.0,
        "Total Revenue": 26487000.0,
        "Operating Revenue": 26487000.0
    },
    "2024-03-31": {
        "Tax Effect Of Unusual Items": -954870.0,
        "Tax Rate For Calcs": 0.21,
        "Normalized EBITDA": -14211000.0,
        "Total Unusual Items": -4547000.0,
        "Total Unusual Items Excluding Goodwill": -4547000.0,
        "Net Income From Continuing Operation Net Minority Interest": -23484000.0,
        "Reconciled Depreciation": 2051000.0,
        "Reconciled Cost Of Revenue": 9971000.0,
        "EBITDA": -18758000.0,
        "EBIT": -20809000.0,
        "Net Interest Income": -1675000.0,
        "Interest Expense": 2612000.0,
        "Interest Income": 937000.0,
        "Normalized Income": -19891870.0,
        "Net Income From Continuing And Discontinued Operation": -23484000.0,
        "Total Expenses": 35388000.0,
        "Total Operating Income As Reported": -21585000.0,
        "Diluted Average Shares": 49188170.0,
        "Basic Average Shares": 49188170.0,
        "Diluted EPS": -0.48,
        "Basic EPS": -0.48,
        "Diluted NI Availto Com Stockholders": -23484000.0,
        "Net Income Common Stockholders": -23484000.0,
        "Net Income": -23484000.0,
        "Net Income Including Noncontrolling Interests": -23484000.0,
        "Net Income Continuous Operations": -23484000.0,
        "Tax Provision": 63000.0,
        "Pretax Income": -23421000.0,
        "Other Income Expense": -4708000.0,
        "Other Non Operating Income Expenses": -161000.0,
        "Special Income Charges": -4547000.0,
        "Impairment Of Capital Assets": 2971000.0,
        "Restructuring And Mergern Acquisition": 1576000.0,
        "Net Non Operating Interest Income Expense": -1675000.0,
        "Interest Expense Non Operating": 2612000.0,
        "Interest Income Non Operating": 937000.0,
        "Operating Income": -17038000.0,
        "Operating Expense": 25417000.0,
        "Depreciation Amortization Depletion Income Statement": NaN,
        "Depreciation And Amortization In Income Statement": NaN,
        "Research And Development": 5554000.0,
        "Selling General And Administration": 19863000.0,
        "Gross Profit": 8379000.0,
        "Cost Of Revenue": 9971000.0,
        "Total Revenue": 18350000.0,
        "Operating Revenue": 18350000.0
    },
    "2024-06-30": {
        "Tax Effect Of Unusual Items": -18480.0,
        "Tax Rate For Calcs": 0.21,
        "Normalized EBITDA": -8482000.0,
        "Total Unusual Items": -88000.0,
        "Total Unusual Items Excluding Goodwill": -88000.0,
        "Net Income From Continuing Operation Net Minority Interest": -13149000.0,
        "Reconciled Depreciation": 1926000.0,
        "Reconciled Cost Of Revenue": 9778000.0,
        "EBITDA": -8570000.0,
        "EBIT": -10496000.0,
        "Net Interest Income": -1938000.0,
        "Interest Expense": 2606000.0,
        "Interest Income": 668000.0,
        "Normalized Income": -13079480.0,
        "Net Income From Continuing And Discontinued Operation": -13149000.0,
        "Total Expenses": 34160000.0,
        "Total Operating Income As Reported": -11084000.0,
        "Diluted Average Shares": 49419982.0,
        "Basic Average Shares": 49419982.0,
        "Diluted EPS": -0.27,
        "Basic EPS": -0.27,
        "Diluted NI Availto Com Stockholders": -13149000.0,
        "Net Income Common Stockholders": -13149000.0,
        "Net Income": -13149000.0,
        "Net Income Including Noncontrolling Interests": -13149000.0,
        "Net Income Continuous Operations": -13149000.0,
        "Tax Provision": 47000.0,
        "Pretax Income": -13102000.0,
        "Other Income Expense": -168000.0,
        "Other Non Operating Income Expenses": -80000.0,
        "Special Income Charges": -88000.0,
        "Impairment Of Capital Assets": 0.0,
        "Restructuring And Mergern Acquisition": 88000.0,
        "Net Non Operating Interest Income Expense": -1938000.0,
        "Interest Expense Non Operating": 2606000.0,
        "Interest Income Non Operating": 668000.0,
        "Operating Income": -10996000.0,
        "Operating Expense": 24382000.0,
        "Depreciation Amortization Depletion Income Statement": NaN,
        "Depreciation And Amortization In Income Statement": NaN,
        "Research And Development": 5288000.0,
        "Selling General And Administration": 19094000.0,
        "Gross Profit": 13386000.0,
        "Cost Of Revenue": 9778000.0,
        "Total Revenue": 23164000.0,
        "Operating Revenue": 23164000.0
    },
    "2024-09-30": {
        "Tax Effect Of Unusual Items": -194670.0,
        "Tax Rate For Calcs": 0.21,
        "Normalized EBITDA": -5112000.0,
        "Total Unusual Items": -927000.0,
        "Total Unusual Items Excluding Goodwill": -927000.0,
        "Net Income From Continuing Operation Net Minority Interest": -10533000.0,
        "Reconciled Depreciation": 1825000.0,
        "Reconciled Cost Of Revenue": 7090000.0,
        "EBITDA": -6039000.0,
        "EBIT": -7864000.0,
        "Net Interest Income": -2104000.0,
        "Interest Expense": 2625000.0,
        "Interest Income": 521000.0,
        "Normalized Income": -9800670.0,
        "Net Income From Continuing And Discontinued Operation": -10533000.0,
        "Total Expenses": 26236000.0,
        "Total Operating Income As Reported": -8349000.0,
        "Diluted Average Shares": 49503272.0,
        "Basic Average Shares": 49503272.0,
        "Diluted EPS": -0.21,
        "Basic EPS": -0.21,
        "Diluted NI Availto Com Stockholders": -10533000.0,
        "Net Income Common Stockholders": -10533000.0,
        "Net Income": -10533000.0,
        "Net Income Including Noncontrolling Interests": -10533000.0,
        "Net Income Continuous Operations": -10533000.0,
        "Tax Provision": 44000.0,
        "Pretax Income": -10489000.0,
        "Other Income Expense": -963000.0,
        "Other Non Operating Income Expenses": -36000.0,
        "Special Income Charges": -927000.0,
        "Impairment Of Capital Assets": 0.0,
        "Restructuring And Mergern Acquisition": 927000.0,
        "Net Non Operating Interest Income Expense": -2104000.0,
        "Interest Expense Non Operating": 2625000.0,
        "Interest Income Non Operating": 521000.0,
        "Operating Income": -7422000.0,
        "Operating Expense": 19146000.0,
        "Depreciation Amortization Depletion Income Statement": NaN,
        "Depreciation And Amortization In Income Statement": NaN,
        "Research And Development": 4474000.0,
        "Selling General And Administration": 14672000.0,
        "Gross Profit": 11724000.0,
        "Cost Of Revenue": 7090000.0,
        "Total Revenue": 18814000.0,
        "Operating Revenue": 18814000.0
    }
}