{
    "2023-03-31": {
        "Tax Effect Of Unusual Items": NaN,
        "Tax Rate For Calcs": NaN,
        "Normalized EBITDA": NaN,
        "Total Unusual Items": NaN,
        "Total Unusual Items Excluding Goodwill": NaN,
        "Net Income From Continuing Operation Net Minority Interest": NaN,
        "Reconciled Depreciation": NaN,
        "Reconciled Cost Of Revenue": NaN,
        "EBITDA": NaN,
        "EBIT": NaN,
        "Net Interest Income": NaN,
        "Interest Expense": NaN,
        "Interest Income": NaN,
        "Normalized Income": NaN,
        "Net Income From Continuing And Discontinued Operation": NaN,
        "Total Expenses": NaN,
        "Total Operating Income As Reported": NaN,
        "Diluted Average Shares": 7599000.0,
        "Basic Average Shares": 7599000.0,
        "Diluted EPS": -1.02,
        "Basic EPS": -1.02,
        "Diluted NI Availto Com Stockholders": NaN,
        "Net Income Common Stockholders": NaN,
        "Net Income": NaN,
        "Minority Interests": NaN,
        "Net Income Including Noncontrolling Interests": NaN,
        "Net Income Continuous Operations": NaN,
        "Tax Provision": NaN,
        "Pretax Income": NaN,
        "Other Income Expense": NaN,
        "Other Non Operating Income Expenses": 30000.0,
        "Special Income Charges": NaN,
        "Gain On Sale Of Ppe": NaN,
        "Net Non Operating Interest Income Expense": NaN,
        "Interest Expense Non Operating": NaN,
        "Interest Income Non Operating": NaN,
        "Operating Income": NaN,
        "Operating Expense": NaN,
        "Selling General And Administration": NaN,
        "General And Administrative Expense": NaN,
        "Other Gand A": NaN,
        "Gross Profit": NaN,
        "Cost Of Revenue": NaN,
        "Total Revenue": NaN,
        "Operating Revenue": NaN
    },
    "2022-12-31": {
        "Tax Effect Of Unusual Items": NaN,
        "Tax Rate For Calcs": NaN,
        "Normalized EBITDA": NaN,
        "Total Unusual Items": NaN,
        "Total Unusual Items Excluding Goodwill": NaN,
        "Net Income From Continuing Operation Net Minority Interest": NaN,
        "Reconciled Depreciation": NaN,
        "Reconciled Cost Of Revenue": NaN,
        "EBITDA": NaN,
        "EBIT": NaN,
        "Net Interest Income": NaN,
        "Interest Expense": NaN,
        "Interest Income": 0.0,
        "Normalized Income": NaN,
        "Net Income From Continuing And Discontinued Operation": NaN,
        "Total Expenses": NaN,
        "Total Operating Income As Reported": NaN,
        "Diluted Average Shares": 7593000.0,
        "Basic Average Shares": 7593000.0,
        "Diluted EPS": -0.41,
        "Basic EPS": -0.41,
        "Diluted NI Availto Com Stockholders": NaN,
        "Net Income Common Stockholders": NaN,
        "Net Income": NaN,
        "Minority Interests": NaN,
        "Net Income Including Noncontrolling Interests": NaN,
        "Net Income Continuous Operations": NaN,
        "Tax Provision": NaN,
        "Pretax Income": NaN,
        "Other Income Expense": NaN,
        "Other Non Operating Income Expenses": NaN,
        "Special Income Charges": NaN,
        "Gain On Sale Of Ppe": NaN,
        "Net Non Operating Interest Income Expense": NaN,
        "Interest Expense Non Operating": NaN,
        "Interest Income Non Operating": 0.0,
        "Operating Income": NaN,
        "Operating Expense": NaN,
        "Selling General And Administration": NaN,
        "General And Administrative Expense": NaN,
        "Other Gand A": NaN,
        "Gross Profit": NaN,
        "Cost Of Revenue": NaN,
        "Total Revenue": NaN,
        "Operating Revenue": NaN
    },
    "2022-09-30": {
        "Tax Effect Of Unusual Items": 38775.61272,
        "Tax Rate For Calcs": 0.13012,
        "Normalized EBITDA": -20531000.0,
        "Total Unusual Items": 298000.0,
        "Total Unusual Items Excluding Goodwill": 298000.0,
        "Net Income From Continuing Operation Net Minority Interest": -21080000.0,
        "Reconciled Depreciation": 3753000.0,
        "Reconciled Cost Of Revenue": 22917000.0,
        "EBITDA": -20233000.0,
        "EBIT": -23986000.0,
        "Net Interest Income": -678000.0,
        "Interest Expense": 699000.0,
        "Normalized Income": -21339224.38728,
        "Net Income From Continuing And Discontinued Operation": -21080000.0,
        "Total Expenses": 25317000.0,
        "Total Operating Income As Reported": -24286000.0,
        "Diluted Average Shares": 7589000.0,
        "Basic Average Shares": 7587000.0,
        "Diluted EPS": -2.79,
        "Basic EPS": -2.79,
        "Diluted NI Availto Com Stockholders": -21080000.0,
        "Net Income Common Stockholders": -21080000.0,
        "Net Income": -21080000.0,
        "Minority Interests": 393000.0,
        "Net Income Including Noncontrolling Interests": -21473000.0,
        "Net Income Continuous Operations": -21473000.0,
        "Tax Provision": -3212000.0,
        "Pretax Income": -24685000.0,
        "Other Income Expense": 279000.0,
        "Other Non Operating Income Expenses": NaN,
        "Special Income Charges": 298000.0,
        "Gain On Sale Of Ppe": 298000.0,
        "Net Non Operating Interest Income Expense": -678000.0,
        "Interest Expense Non Operating": 699000.0,
        "Operating Income": -24286000.0,
        "Operating Expense": 2400000.0,
        "Selling General And Administration": 2400000.0,
        "General And Administrative Expense": 2400000.0,
        "Other Gand A": 2400000.0,
        "Gross Profit": -21886000.0,
        "Cost Of Revenue": 22917000.0,
        "Total Revenue": 1031000.0,
        "Operating Revenue": 1031000.0
    },
    "2022-06-30": {
        "Tax Effect Of Unusual Items": 1573829.148472,
        "Tax Rate For Calcs": 0.273472,
        "Normalized EBITDA": 2571000.0,
        "Total Unusual Items": 5755000.0,
        "Total Unusual Items Excluding Goodwill": 5755000.0,
        "Net Income From Continuing Operation Net Minority Interest": 2706000.0,
        "Reconciled Depreciation": 3808000.0,
        "Reconciled Cost Of Revenue": 24627000.0,
        "EBITDA": 8326000.0,
        "EBIT": 4518000.0,
        "Net Interest Income": -854000.0,
        "Interest Expense": 854000.0,
        "Normalized Income": -1475170.851528,
        "Net Income From Continuing And Discontinued Operation": 2706000.0,
        "Total Expenses": 27184000.0,
        "Total Operating Income As Reported": -1246000.0,
        "Diluted Average Shares": 7589000.0,
        "Basic Average Shares": 7570000.0,
        "Diluted EPS": 0.36,
        "Basic EPS": 0.36,
        "Diluted NI Availto Com Stockholders": 2706000.0,
        "Net Income Common Stockholders": 2706000.0,
        "Net Income": 2706000.0,
        "Minority Interests": 44000.0,
        "Net Income Including Noncontrolling Interests": 2662000.0,
        "Net Income Continuous Operations": 2662000.0,
        "Tax Provision": 1002000.0,
        "Pretax Income": 3664000.0,
        "Other Income Expense": 5764000.0,
        "Other Non Operating Income Expenses": 9000.0,
        "Special Income Charges": 5755000.0,
        "Gain On Sale Of Ppe": 5755000.0,
        "Net Non Operating Interest Income Expense": -854000.0,
        "Interest Expense Non Operating": 854000.0,
        "Operating Income": -1246000.0,
        "Operating Expense": 2557000.0,
        "Selling General And Administration": 2557000.0,
        "General And Administrative Expense": 2557000.0,
        "Other Gand A": 2557000.0,
        "Gross Profit": 1311000.0,
        "Cost Of Revenue": 24627000.0,
        "Total Revenue": 25938000.0,
        "Operating Revenue": 25938000.0
    },
    "2022-03-31": {
        "Diluted EPS": 2.74,
        "Total Revenue": 50,
        "Gross Profit": 4,
        "Operating Income": 1,
        "EBIT": 5,
        "Net Income": 21
    },
    "2021-12-31": {
        "Diluted EPS": 1.34,
        "Total Revenue": 15,
        "Gross Profit": 2,
        "Operating Income": -1,
        "EBIT": 3,
        "Net Income": 10
    },
    "2021-09-30": {
        "Diluted EPS": -0.13,
        "Total Revenue": 4,
        "Gross Profit": 0,
        "Operating Income": -3,
        "EBIT": 1,
        "Net Income": -1
    },
    "2021-06-30": {
        "Diluted EPS": 3.61,
        "Total Revenue": 35,
        "Gross Profit": 9,
        "Operating Income": 7,
        "EBIT": 10,
        "Net Income": 27
    },
    "2021-03-31": {
        "Diluted EPS": 0.65,
        "Total Revenue": 56,
        "Gross Profit": 10,
        "Operating Income": 8,
        "EBIT": 11,
        "Net Income": 5
    },
    "2020-12-31": {
        "Diluted EPS": 0.51,
        "Total Revenue": 14,
        "Gross Profit": 5,
        "Operating Income": 3,
        "EBIT": 7,
        "Net Income": 4
    },
    "2020-09-30": {
        "Diluted EPS": 2.29,
        "Total Revenue": 5,
        "Gross Profit": -1,
        "Operating Income": -3,
        "EBIT": 0,
        "Net Income": 17
    },
    "2020-06-30": {
        "Diluted EPS": 0.28,
        "Total Revenue": 26,
        "Gross Profit": 6,
        "Operating Income": 4,
        "EBIT": 7,
        "Net Income": 2
    },
    "2020-03-31": {
        "Diluted EPS": 0.48,
        "Total Revenue": 51,
        "Gross Profit": 7,
        "Operating Income": 4,
        "EBIT": 7,
        "Net Income": 4
    },
    "2019-12-31": {
        "Diluted EPS": 0.11,
        "Total Revenue": 11,
        "Gross Profit": 6,
        "Operating Income": 3,
        "EBIT": 6,
        "Net Income": 1
    },
    "2019-09-30": {
        "Diluted EPS": 2.2,
        "Total Revenue": 1,
        "Gross Profit": 15,
        "Operating Income": 11,
        "EBIT": 14,
        "Net Income": 17
    },
    "2019-06-30": {
        "Diluted EPS": 2.17,
        "Total Revenue": 58,
        "Gross Profit": 26,
        "Operating Income": 23,
        "EBIT": 27,
        "Net Income": 16
    },
    "2019-03-31": {
        "Diluted EPS": 1.01,
        "Total Revenue": 49,
        "Gross Profit": 16,
        "Operating Income": 12,
        "EBIT": 15,
        "Net Income": 8
    },
    "2018-12-31": {
        "Diluted EPS": -0.33,
        "Total Revenue": 15,
        "Gross Profit": 3,
        "Operating Income": 0,
        "EBIT": 3,
        "Net Income": -2
    },
    "2018-09-30": {
        "Diluted EPS": 0.1,
        "Total Revenue": 2,
        "Gross Profit": 5,
        "Operating Income": 0,
        "EBIT": 4,
        "Net Income": 1
    },
    "2018-06-30": {
        "Diluted EPS": 1.09,
        "Total Revenue": 27,
        "Gross Profit": 12,
        "Operating Income": 9,
        "EBIT": 12,
        "Net Income": 9
    },
    "2018-03-31": {
        "Diluted EPS": -0.67,
        "Total Revenue": 36,
        "Gross Profit": 8,
        "Operating Income": 5,
        "EBIT": 8,
        "Net Income": -6
    },
    "2017-12-31": {
        "Diluted EPS": 1.05,
        "Total Revenue": 18,
        "Gross Profit": 1,
        "Operating Income": -3,
        "EBIT": 0,
        "Net Income": 9
    },
    "2017-09-30": {
        "Diluted EPS": -2.29,
        "Total Revenue": 5,
        "Gross Profit": -23,
        "Operating Income": -27,
        "EBIT": -24,
        "Net Income": -19
    },
    "2017-06-30": {
        "Diluted EPS": 0.66,
        "Total Revenue": 52,
        "Gross Profit": 15,
        "Operating Income": 11,
        "EBIT": 15,
        "Net Income": 5
    },
    "2017-03-31": {
        "Diluted EPS": 0.7,
        "Total Revenue": 56,
        "Gross Profit": 15,
        "Operating Income": 11,
        "EBIT": 15,
        "Net Income": 6
    },
    "2016-12-31": {
        "Diluted EPS": -0.21,
        "Total Revenue": 17,
        "Gross Profit": 3,
        "Operating Income": -1,
        "EBIT": 3,
        "Net Income": -2
    },
    "2016-09-30": {
        "Diluted EPS": -0.41,
        "Total Revenue": 5,
        "Gross Profit": 0,
        "Operating Income": -3,
        "EBIT": 0,
        "Net Income": -3
    },
    "2016-06-30": {
        "Diluted EPS": 0.56,
        "Total Revenue": 47,
        "Gross Profit": 14,
        "Operating Income": 11,
        "EBIT": 11,
        "Net Income": 5
    },
    "2016-03-31": {
        "Diluted EPS": 1.05,
        "Total Revenue": 72,
        "Gross Profit": 20,
        "Operating Income": 17,
        "EBIT": 17,
        "Net Income": 9
    },
    "2015-12-31": {
        "Diluted EPS": -0.36,
        "Total Revenue": 21,
        "Gross Profit": 1,
        "Operating Income": -3,
        "EBIT": -3,
        "Net Income": -3
    },
    "2015-09-30": {
        "Diluted EPS": -0.69,
        "Total Revenue": 2,
        "Gross Profit": -1,
        "Operating Income": -5,
        "EBIT": -5,
        "Net Income": -5
    },
    "2015-06-30": {
        "Diluted EPS": 1.11,
        "Total Revenue": 72,
        "Gross Profit": 21,
        "Operating Income": 18,
        "EBIT": 18,
        "Net Income": 9
    },
    "2015-03-31": {
        "Diluted EPS": 0.51,
        "Total Revenue": 60,
        "Gross Profit": 12,
        "Operating Income": 8,
        "EBIT": 8,
        "Net Income": 4
    },
    "2014-12-31": {
        "Diluted EPS": 0.71,
        "Total Revenue": 19,
        "Gross Profit": 3,
        "Operating Income": -2,
        "EBIT": -2,
        "Net Income": 5
    },
    "2014-09-30": {
        "Diluted EPS": 0.61,
        "Total Revenue": 14,
        "Gross Profit": 4,
        "Operating Income": 0,
        "EBIT": 0,
        "Net Income": 4
    },
    "2014-06-30": {
        "Diluted EPS": 0.14,
        "Total Revenue": 34,
        "Gross Profit": 5,
        "Operating Income": 2,
        "EBIT": 2,
        "Net Income": 1
    },
    "2014-03-31": {
        "Diluted EPS": 0.64,
        "Total Revenue": 41,
        "Gross Profit": 10,
        "Operating Income": 8,
        "EBIT": 8,
        "Net Income": 5
    },
    "2013-12-31": {
        "Diluted EPS": -0.1,
        "Total Revenue": 15,
        "Gross Profit": 3,
        "Operating Income": -1,
        "EBIT": 2,
        "Net Income": -1
    },
    "2013-09-30": {
        "Diluted EPS": 1.6,
        "Total Revenue": 7,
        "Gross Profit": 2,
        "Operating Income": -1,
        "EBIT": 1,
        "Net Income": 12
    },
    "2013-06-30": {
        "Diluted EPS": 0.55,
        "Total Revenue": 35,
        "Gross Profit": 9,
        "Operating Income": 7,
        "EBIT": 9,
        "Net Income": 4
    },
    "2013-03-31": {
        "Diluted EPS": 0.38,
        "Total Revenue": 38,
        "Gross Profit": 7,
        "Operating Income": 5,
        "EBIT": 5,
        "Net Income": 3
    },
    "2012-12-31": {
        "Diluted EPS": 0.14,
        "Total Revenue": 21,
        "Gross Profit": 4,
        "Operating Income": 2,
        "EBIT": 2,
        "Net Income": 1
    },
    "2012-09-30": {
        "Diluted EPS": -0.07,
        "Total Revenue": 7,
        "Gross Profit": 2,
        "Operating Income": -1,
        "EBIT": 1,
        "Net Income": 0
    },
    "2012-06-30": {
        "Diluted EPS": 1.31,
        "Total Revenue": 40,
        "Gross Profit": 11,
        "Operating Income": 9,
        "EBIT": 9,
        "Net Income": 10
    },
    "2012-03-31": {
        "Diluted EPS": 1.01,
        "Total Revenue": 54,
        "Gross Profit": 14,
        "Operating Income": 12,
        "EBIT": 12,
        "Net Income": 7
    },
    "2011-12-31": {
        "Diluted EPS": 0.26,
        "Total Revenue": 26,
        "Gross Profit": 6,
        "Operating Income": 4,
        "EBIT": 4,
        "Net Income": 2
    },
    "2011-09-30": {
        "Diluted EPS": -0.21,
        "Total Revenue": 6,
        "Gross Profit": 1,
        "Operating Income": -2,
        "EBIT": -2,
        "Net Income": -1
    },
    "2011-06-30": {
        "Diluted EPS": 0.81,
        "Total Revenue": 39,
        "Gross Profit": 12,
        "Operating Income": 10,
        "EBIT": 10,
        "Net Income": 6
    },
    "2011-03-31": {
        "Diluted EPS": 0.37,
        "Total Revenue": 36,
        "Gross Profit": 8,
        "Operating Income": 6,
        "EBIT": 6,
        "Net Income": 3
    },
    "2010-12-31": {
        "Diluted EPS": -0.01,
        "Total Revenue": 17,
        "Gross Profit": 2,
        "Operating Income": 0,
        "EBIT": 0,
        "Net Income": 0
    },
    "2010-09-30": {
        "Diluted EPS": -0.38,
        "Total Revenue": 6,
        "Gross Profit": 0,
        "Operating Income": -2,
        "EBIT": -2,
        "Net Income": -3
    },
    "2010-06-30": {
        "Diluted EPS": 0.31,
        "Total Revenue": 28,
        "Gross Profit": 5,
        "Operating Income": 4,
        "EBIT": 4,
        "Net Income": 2
    },
    "2010-03-31": {
        "Diluted EPS": 0.18,
        "Total Revenue": 32,
        "Gross Profit": 4,
        "Operating Income": 2,
        "EBIT": 2,
        "Net Income": 1
    },
    "2009-12-31": {
        "Diluted EPS": -0.19,
        "Total Revenue": 14,
        "Gross Profit": 0,
        "Operating Income": -1,
        "EBIT": -1,
        "Net Income": -1
    },
    "2009-09-30": {
        "Diluted EPS": -0.83,
        "Total Revenue": 5,
        "Gross Profit": -5,
        "Operating Income": -7,
        "EBIT": -7,
        "Net Income": -6
    },
    "2009-06-30": {
        "Diluted EPS": 0.08,
        "Total Revenue": 31,
        "Gross Profit": 4,
        "Operating Income": 2,
        "EBIT": 2,
        "Net Income": 1
    },
    "2009-03-31": {
        "Diluted EPS": 0.28,
        "Total Revenue": 33,
        "Gross Profit": 1,
        "Operating Income": -2,
        "EBIT": -2,
        "Net Income": 2
    },
    "2023-06-30": {
        "Tax Effect Of Unusual Items": NaN,
        "Tax Rate For Calcs": NaN,
        "Normalized EBITDA": NaN,
        "Total Unusual Items": NaN,
        "Total Unusual Items Excluding Goodwill": NaN,
        "Net Income From Continuing Operation Net Minority Interest": NaN,
        "Reconciled Depreciation": NaN,
        "Reconciled Cost Of Revenue": NaN,
        "EBITDA": NaN,
        "EBIT": NaN,
        "Net Interest Income": NaN,
        "Interest Expense": NaN,
        "Interest Income": 0.0,
        "Normalized Income": NaN,
        "Net Income From Continuing And Discontinued Operation": NaN,
        "Total Expenses": NaN,
        "Total Operating Income As Reported": NaN,
        "Diluted Average Shares": 7605000.0,
        "Basic Average Shares": 7605000.0,
        "Diluted EPS": 1.56,
        "Basic EPS": 1.56,
        "Diluted NI Availto Com Stockholders": NaN,
        "Net Income Common Stockholders": NaN,
        "Net Income": NaN,
        "Minority Interests": NaN,
        "Net Income Including Noncontrolling Interests": NaN,
        "Net Income Continuous Operations": NaN,
        "Tax Provision": NaN,
        "Pretax Income": NaN,
        "Other Income Expense": NaN,
        "Other Non Operating Income Expenses": 14000.0,
        "Special Income Charges": NaN,
        "Gain On Sale Of Ppe": NaN,
        "Net Non Operating Interest Income Expense": NaN,
        "Interest Expense Non Operating": NaN,
        "Interest Income Non Operating": 0.0,
        "Operating Income": NaN,
        "Operating Expense": NaN,
        "Selling General And Administration": NaN,
        "General And Administrative Expense": NaN,
        "Other Gand A": NaN,
        "Gross Profit": NaN,
        "Cost Of Revenue": NaN,
        "Total Revenue": NaN,
        "Operating Revenue": NaN
    },
    "2023-09-30": {
        "Tax Effect Of Unusual Items": 1466233.905579,
        "Tax Rate For Calcs": 0.354077,
        "Normalized EBITDA": 2352000.0,
        "Total Unusual Items": 4141000.0,
        "Total Unusual Items Excluding Goodwill": 4141000.0,
        "Net Income From Continuing Operation Net Minority Interest": 940000.0,
        "Reconciled Depreciation": 3802000.0,
        "Reconciled Cost Of Revenue": -393000.0,
        "EBITDA": 6493000.0,
        "EBIT": 2691000.0,
        "Net Interest Income": -1235000.0,
        "Interest Expense": 1293000.0,
        "Interest Income": NaN,
        "Normalized Income": -1734766.094421,
        "Net Income From Continuing And Discontinued Operation": 940000.0,
        "Total Expenses": 2144000.0,
        "Total Operating Income As Reported": -1464000.0,
        "Diluted Average Shares": NaN,
        "Basic Average Shares": NaN,
        "Diluted EPS": NaN,
        "Basic EPS": NaN,
        "Diluted NI Availto Com Stockholders": 940000.0,
        "Net Income Common Stockholders": 940000.0,
        "Net Income": 940000.0,
        "Minority Interests": 37000.0,
        "Net Income Including Noncontrolling Interests": 903000.0,
        "Net Income Continuous Operations": 903000.0,
        "Tax Provision": 495000.0,
        "Pretax Income": 1398000.0,
        "Other Income Expense": 4097000.0,
        "Other Non Operating Income Expenses": NaN,
        "Special Income Charges": 4141000.0,
        "Gain On Sale Of Ppe": 4141000.0,
        "Net Non Operating Interest Income Expense": -1235000.0,
        "Interest Expense Non Operating": 1293000.0,
        "Interest Income Non Operating": NaN,
        "Operating Income": -1464000.0,
        "Operating Expense": 2537000.0,
        "Selling General And Administration": 2537000.0,
        "General And Administrative Expense": 2537000.0,
        "Other Gand A": 2537000.0,
        "Gross Profit": 1073000.0,
        "Cost Of Revenue": -393000.0,
        "Total Revenue": 680000.0,
        "Operating Revenue": 680000.0
    },
    "2023-12-31": {
        "Tax Effect Of Unusual Items": 20642700.0,
        "Tax Rate For Calcs": 0.268,
        "Normalized EBITDA": -13628000.0,
        "Total Unusual Items": 77025000.0,
        "Total Unusual Items Excluding Goodwill": 77025000.0,
        "Net Income From Continuing Operation Net Minority Interest": 42945000.0,
        "Reconciled Depreciation": 3804000.0,
        "Reconciled Cost Of Revenue": 28240000.0,
        "EBITDA": 63397000.0,
        "EBIT": 59593000.0,
        "Net Interest Income": -1510000.0,
        "Interest Expense": 1605000.0,
        "Interest Income": 95000.0,
        "Normalized Income": -13437300.0,
        "Net Income From Continuing And Discontinued Operation": 42945000.0,
        "Total Expenses": 31512000.0,
        "Total Operating Income As Reported": -17527000.0,
        "Diluted Average Shares": 7616000.0,
        "Basic Average Shares": 7616000.0,
        "Diluted EPS": 5.64,
        "Basic EPS": 5.64,
        "Diluted NI Availto Com Stockholders": 42945000.0,
        "Net Income Common Stockholders": 42945000.0,
        "Net Income": 42945000.0,
        "Minority Interests": 509000.0,
        "Net Income Including Noncontrolling Interests": 42436000.0,
        "Net Income Continuous Operations": 42436000.0,
        "Tax Provision": 15552000.0,
        "Pretax Income": 57988000.0,
        "Other Income Expense": 77025000.0,
        "Other Non Operating Income Expenses": NaN,
        "Special Income Charges": 77025000.0,
        "Gain On Sale Of Ppe": 77025000.0,
        "Net Non Operating Interest Income Expense": -1510000.0,
        "Interest Expense Non Operating": 1605000.0,
        "Interest Income Non Operating": 95000.0,
        "Operating Income": -17527000.0,
        "Operating Expense": 3272000.0,
        "Selling General And Administration": 3272000.0,
        "General And Administrative Expense": 3272000.0,
        "Other Gand A": 3272000.0,
        "Gross Profit": -14255000.0,
        "Cost Of Revenue": 28240000.0,
        "Total Revenue": 13985000.0,
        "Operating Revenue": 13985000.0
    },
    "2024-03-31": {
        "Tax Effect Of Unusual Items": 947.433637,
        "Tax Rate For Calcs": 0.236858,
        "Normalized EBITDA": -16526000.0,
        "Total Unusual Items": 4000.0,
        "Total Unusual Items Excluding Goodwill": 4000.0,
        "Net Income From Continuing Operation Net Minority Interest": -15804000.0,
        "Reconciled Depreciation": 3798000.0,
        "Reconciled Cost Of Revenue": 36271000.0,
        "EBITDA": -16522000.0,
        "EBIT": -20320000.0,
        "Net Interest Income": -508000.0,
        "Interest Expense": 663000.0,
        "Interest Income": 155000.0,
        "Normalized Income": -15807052.566363,
        "Net Income From Continuing And Discontinued Operation": -15804000.0,
        "Total Expenses": 38592000.0,
        "Total Operating Income As Reported": -20479000.0,
        "Diluted Average Shares": 7620000.0,
        "Basic Average Shares": 7620000.0,
        "Diluted EPS": -2.07,
        "Basic EPS": -2.07,
        "Diluted NI Availto Com Stockholders": -15804000.0,
        "Net Income Common Stockholders": -15804000.0,
        "Net Income": -15804000.0,
        "Minority Interests": 209000.0,
        "Net Income Including Noncontrolling Interests": -16013000.0,
        "Net Income Continuous Operations": -16013000.0,
        "Tax Provision": -4970000.0,
        "Pretax Income": -20983000.0,
        "Other Income Expense": 4000.0,
        "Other Non Operating Income Expenses": NaN,
        "Special Income Charges": 4000.0,
        "Gain On Sale Of Ppe": 4000.0,
        "Net Non Operating Interest Income Expense": -508000.0,
        "Interest Expense Non Operating": 663000.0,
        "Interest Income Non Operating": 155000.0,
        "Operating Income": -20479000.0,
        "Operating Expense": 2321000.0,
        "Selling General And Administration": 2321000.0,
        "General And Administrative Expense": 2321000.0,
        "Other Gand A": 2321000.0,
        "Gross Profit": -18158000.0,
        "Cost Of Revenue": 36271000.0,
        "Total Revenue": 18113000.0,
        "Operating Revenue": 18113000.0
    },
    "2024-06-30": {
        "Tax Effect Of Unusual Items": 1396701.0,
        "Tax Rate For Calcs": 0.311,
        "Normalized EBITDA": -2918000.0,
        "Total Unusual Items": 4491000.0,
        "Total Unusual Items Excluding Goodwill": 4491000.0,
        "Net Income From Continuing Operation Net Minority Interest": -2044000.0,
        "Reconciled Depreciation": 3715000.0,
        "Reconciled Cost Of Revenue": 17897000.0,
        "EBITDA": 1573000.0,
        "EBIT": -2142000.0,
        "Net Interest Income": -533000.0,
        "Interest Expense": 628000.0,
        "Interest Income": 95000.0,
        "Normalized Income": -5138299.0,
        "Net Income From Continuing And Discontinued Operation": -2044000.0,
        "Total Expenses": 20338000.0,
        "Total Operating Income As Reported": -6728000.0,
        "Diluted Average Shares": 7624000.0,
        "Basic Average Shares": 7624000.0,
        "Diluted EPS": -0.27,
        "Basic EPS": -0.27,
        "Diluted NI Availto Com Stockholders": -2044000.0,
        "Net Income Common Stockholders": -2044000.0,
        "Net Income": -2044000.0,
        "Minority Interests": -135000.0,
        "Net Income Including Noncontrolling Interests": -1909000.0,
        "Net Income Continuous Operations": -1909000.0,
        "Tax Provision": -861000.0,
        "Pretax Income": -2770000.0,
        "Other Income Expense": 4491000.0,
        "Other Non Operating Income Expenses": NaN,
        "Special Income Charges": 4491000.0,
        "Gain On Sale Of Ppe": 4491000.0,
        "Net Non Operating Interest Income Expense": -533000.0,
        "Interest Expense Non Operating": 628000.0,
        "Interest Income Non Operating": 95000.0,
        "Operating Income": -6728000.0,
        "Operating Expense": 2441000.0,
        "Selling General And Administration": 2441000.0,
        "General And Administrative Expense": 2441000.0,
        "Other Gand A": 2441000.0,
        "Gross Profit": -4287000.0,
        "Cost Of Revenue": 17897000.0,
        "Total Revenue": 13610000.0,
        "Operating Revenue": 13610000.0
    },
    "2024-09-30": {
        "Tax Effect Of Unusual Items": 8582.914573,
        "Tax Rate For Calcs": 0.220075,
        "Normalized EBITDA": -18987000.0,
        "Total Unusual Items": 39000.0,
        "Total Unusual Items Excluding Goodwill": 39000.0,
        "Net Income From Continuing Operation Net Minority Interest": -18124000.0,
        "Reconciled Depreciation": 3693000.0,
        "Reconciled Cost Of Revenue": 20618000.0,
        "EBITDA": -18948000.0,
        "EBIT": -22641000.0,
        "Net Interest Income": -602000.0,
        "Interest Expense": 642000.0,
        "Interest Income": 40000.0,
        "Normalized Income": -18154417.085427,
        "Net Income From Continuing And Discontinued Operation": -18124000.0,
        "Total Expenses": 23655000.0,
        "Total Operating Income As Reported": -22720000.0,
        "Diluted Average Shares": NaN,
        "Basic Average Shares": NaN,
        "Diluted EPS": NaN,
        "Basic EPS": NaN,
        "Diluted NI Availto Com Stockholders": -18124000.0,
        "Net Income Common Stockholders": -18124000.0,
        "Net Income": -18124000.0,
        "Minority Interests": 35000.0,
        "Net Income Including Noncontrolling Interests": -18159000.0,
        "Net Income Continuous Operations": -18159000.0,
        "Tax Provision": -5124000.0,
        "Pretax Income": -23283000.0,
        "Other Income Expense": 39000.0,
        "Other Non Operating Income Expenses": NaN,
        "Special Income Charges": 39000.0,
        "Gain On Sale Of Ppe": 39000.0,
        "Net Non Operating Interest Income Expense": -602000.0,
        "Interest Expense Non Operating": 642000.0,
        "Interest Income Non Operating": 40000.0,
        "Operating Income": -22720000.0,
        "Operating Expense": 3037000.0,
        "Selling General And Administration": 3037000.0,
        "General And Administrative Expense": 3037000.0,
        "Other Gand A": 3037000.0,
        "Gross Profit": -19683000.0,
        "Cost Of Revenue": 20618000.0,
        "Total Revenue": 935000.0,
        "Operating Revenue": 935000.0
    }
}