{
    "2023-03-31": {
        "Tax Effect Of Unusual Items": NaN,
        "Tax Rate For Calcs": NaN,
        "Normalized EBITDA": NaN,
        "Net Income From Continuing Operation Net Minority Interest": NaN,
        "Reconciled Depreciation": NaN,
        "EBITDA": NaN,
        "EBIT": NaN,
        "Normalized Income": NaN,
        "Net Income From Continuing And Discontinued Operation": NaN,
        "Total Expenses": NaN,
        "Total Operating Income As Reported": NaN,
        "Diluted Average Shares": 83102296.0,
        "Basic Average Shares": 83102296.0,
        "Diluted EPS": -0.55,
        "Basic EPS": -0.55,
        "Diluted NI Availto Com Stockholders": NaN,
        "Net Income Common Stockholders": NaN,
        "Net Income": NaN,
        "Net Income Including Noncontrolling Interests": NaN,
        "Net Income Continuous Operations": NaN,
        "Tax Provision": NaN,
        "Pretax Income": NaN,
        "Other Income Expense": NaN,
        "Other Non Operating Income Expenses": NaN,
        "Operating Income": NaN,
        "Operating Expense": NaN,
        "Research And Development": NaN,
        "Selling General And Administration": NaN,
        "General And Administrative Expense": NaN,
        "Other Gand A": NaN,
        "Total Revenue": NaN,
        "Operating Revenue": NaN
    },
    "2022-12-31": {
        "Tax Effect Of Unusual Items": NaN,
        "Tax Rate For Calcs": NaN,
        "Normalized EBITDA": NaN,
        "Net Income From Continuing Operation Net Minority Interest": NaN,
        "Reconciled Depreciation": NaN,
        "EBITDA": NaN,
        "EBIT": NaN,
        "Normalized Income": NaN,
        "Net Income From Continuing And Discontinued Operation": NaN,
        "Total Expenses": NaN,
        "Total Operating Income As Reported": NaN,
        "Diluted Average Shares": 82763688.0,
        "Basic Average Shares": 82763688.0,
        "Diluted EPS": -0.63,
        "Basic EPS": -0.63,
        "Diluted NI Availto Com Stockholders": NaN,
        "Net Income Common Stockholders": NaN,
        "Net Income": NaN,
        "Net Income Including Noncontrolling Interests": NaN,
        "Net Income Continuous Operations": NaN,
        "Tax Provision": NaN,
        "Pretax Income": NaN,
        "Other Income Expense": NaN,
        "Other Non Operating Income Expenses": NaN,
        "Operating Income": NaN,
        "Operating Expense": NaN,
        "Research And Development": NaN,
        "Selling General And Administration": NaN,
        "General And Administrative Expense": NaN,
        "Other Gand A": NaN,
        "Total Revenue": NaN,
        "Operating Revenue": NaN
    },
    "2022-09-30": {
        "Tax Effect Of Unusual Items": 0.0,
        "Tax Rate For Calcs": 0.4,
        "Normalized EBITDA": -45705000.0,
        "Net Income From Continuing Operation Net Minority Interest": -46148000.0,
        "Reconciled Depreciation": 2043000.0,
        "EBITDA": -45705000.0,
        "EBIT": -47748000.0,
        "Normalized Income": -46148000.0,
        "Net Income From Continuing And Discontinued Operation": -46148000.0,
        "Total Expenses": 62600000.0,
        "Total Operating Income As Reported": -47748000.0,
        "Diluted Average Shares": 82602842.0,
        "Basic Average Shares": 82602842.0,
        "Diluted EPS": -0.56,
        "Basic EPS": -0.56,
        "Diluted NI Availto Com Stockholders": -46148000.0,
        "Net Income Common Stockholders": -46148000.0,
        "Net Income": -46148000.0,
        "Net Income Including Noncontrolling Interests": -46148000.0,
        "Net Income Continuous Operations": -46148000.0,
        "Tax Provision": 733000.0,
        "Pretax Income": -45415000.0,
        "Other Income Expense": 2333000.0,
        "Other Non Operating Income Expenses": 2333000.0,
        "Operating Income": -47748000.0,
        "Operating Expense": 62600000.0,
        "Research And Development": 48348000.0,
        "Selling General And Administration": 14252000.0,
        "General And Administrative Expense": 14252000.0,
        "Other Gand A": 14252000.0,
        "Total Revenue": 14852000.0,
        "Operating Revenue": 14852000.0
    },
    "2022-06-30": {
        "Tax Effect Of Unusual Items": 0.0,
        "Tax Rate For Calcs": 0.013,
        "Normalized EBITDA": 11532000.0,
        "Net Income From Continuing Operation Net Minority Interest": 9883000.0,
        "Reconciled Depreciation": 2057000.0,
        "EBITDA": 11532000.0,
        "EBIT": 9475000.0,
        "Normalized Income": 9883000.0,
        "Net Income From Continuing And Discontinued Operation": 9883000.0,
        "Total Expenses": 70376000.0,
        "Total Operating Income As Reported": 9475000.0,
        "Diluted Average Shares": 82588368.0,
        "Basic Average Shares": 82394784.0,
        "Diluted EPS": 0.12,
        "Basic EPS": 0.12,
        "Diluted NI Availto Com Stockholders": 9883000.0,
        "Net Income Common Stockholders": 9883000.0,
        "Net Income": 9883000.0,
        "Net Income Including Noncontrolling Interests": 9883000.0,
        "Net Income Continuous Operations": 9883000.0,
        "Tax Provision": 1042000.0,
        "Pretax Income": 10925000.0,
        "Other Income Expense": 1450000.0,
        "Other Non Operating Income Expenses": 1450000.0,
        "Operating Income": 9475000.0,
        "Operating Expense": 70376000.0,
        "Research And Development": 54534000.0,
        "Selling General And Administration": 15842000.0,
        "General And Administrative Expense": 15842000.0,
        "Other Gand A": 15842000.0,
        "Total Revenue": 79851000.0,
        "Operating Revenue": 79851000.0
    },
    "2023-06-30": {
        "Tax Effect Of Unusual Items": NaN,
        "Tax Rate For Calcs": NaN,
        "Normalized EBITDA": NaN,
        "Net Income From Continuing Operation Net Minority Interest": NaN,
        "Reconciled Depreciation": NaN,
        "EBITDA": NaN,
        "EBIT": NaN,
        "Normalized Income": NaN,
        "Net Income From Continuing And Discontinued Operation": NaN,
        "Total Expenses": NaN,
        "Total Operating Income As Reported": NaN,
        "Diluted Average Shares": 83566293.0,
        "Basic Average Shares": 83497125.0,
        "Diluted EPS": 0.02,
        "Basic EPS": 0.02,
        "Diluted NI Availto Com Stockholders": NaN,
        "Net Income Common Stockholders": NaN,
        "Net Income": NaN,
        "Net Income Including Noncontrolling Interests": NaN,
        "Net Income Continuous Operations": NaN,
        "Tax Provision": NaN,
        "Pretax Income": NaN,
        "Other Income Expense": NaN,
        "Other Non Operating Income Expenses": NaN,
        "Operating Income": NaN,
        "Operating Expense": NaN,
        "Research And Development": NaN,
        "Selling General And Administration": NaN,
        "General And Administrative Expense": NaN,
        "Other Gand A": NaN,
        "Total Revenue": NaN,
        "Operating Revenue": NaN
    },
    "2022-03-31": {
        "Diluted EPS": -0.54,
        "Total Revenue": 24,
        "Gross Profit": 24,
        "Operating Income": -44,
        "EBIT": -41,
        "Net Income": -45
    },
    "2021-12-31": {
        "Diluted EPS": -0.59,
        "Total Revenue": 14,
        "Gross Profit": 14,
        "Operating Income": -56,
        "EBIT": -51,
        "Net Income": -56
    },
    "2021-09-30": {
        "Diluted EPS": 1.49,
        "Total Revenue": 182,
        "Gross Profit": 182,
        "Operating Income": 126,
        "EBIT": 127,
        "Net Income": 127
    },
    "2021-06-30": {
        "Diluted EPS": -0.69,
        "Total Revenue": 7,
        "Gross Profit": 7,
        "Operating Income": -55,
        "EBIT": -53,
        "Net Income": -55
    },
    "2021-03-31": {
        "Diluted EPS": -0.66,
        "Total Revenue": 4,
        "Gross Profit": 4,
        "Operating Income": -53,
        "EBIT": -50,
        "Net Income": -52
    },
    "2020-12-31": {
        "Diluted EPS": -0.67,
        "Total Revenue": 5,
        "Gross Profit": 5,
        "Operating Income": -53,
        "EBIT": -50,
        "Net Income": -52
    },
    "2020-09-30": {
        "Diluted EPS": -0.67,
        "Total Revenue": 6,
        "Gross Profit": 6,
        "Operating Income": -54,
        "EBIT": -52,
        "Net Income": -53
    },
    "2020-06-30": {
        "Diluted EPS": -0.58,
        "Total Revenue": 3,
        "Gross Profit": 3,
        "Operating Income": -47,
        "EBIT": -45,
        "Net Income": -45
    },
    "2020-03-31": {
        "Diluted EPS": -0.53,
        "Total Revenue": 7,
        "Gross Profit": 7,
        "Operating Income": -42,
        "EBIT": -40,
        "Net Income": -40
    },
    "2019-12-31": {
        "Diluted EPS": -0.46,
        "Total Revenue": 6,
        "Gross Profit": 6,
        "Operating Income": -32,
        "EBIT": -31,
        "Net Income": -31
    },
    "2019-09-30": {
        "Diluted EPS": -0.47,
        "Total Revenue": 3,
        "Gross Profit": 3,
        "Operating Income": -34,
        "EBIT": -33,
        "Net Income": -32
    },
    "2019-06-30": {
        "Diluted EPS": -0.36,
        "Total Revenue": 7,
        "Gross Profit": 7,
        "Operating Income": -27,
        "EBIT": -26,
        "Net Income": -25
    },
    "2019-03-31": {
        "Diluted EPS": -0.42,
        "Total Revenue": 6,
        "Gross Profit": 6,
        "Operating Income": -21,
        "EBIT": -20,
        "Net Income": -19
    },
    "2018-12-31": {
        "Diluted EPS": -1.48,
        "Total Revenue": 9,
        "Gross Profit": 9,
        "Operating Income": -19,
        "EBIT": -19,
        "Net Income": -17
    },
    "2018-09-30": {
        "Diluted EPS": -1.34,
        "Total Revenue": 7,
        "Gross Profit": 7,
        "Operating Income": -17,
        "EBIT": -17,
        "Net Income": -15
    },
    "2018-06-30": {
        "Diluted EPS": -1.0,
        "Total Revenue": 7,
        "Gross Profit": 7,
        "Operating Income": -12,
        "EBIT": -12,
        "Net Income": -11
    },
    "2018-03-31": {
        "Diluted EPS": -0.78,
        "Total Revenue": 5,
        "Gross Profit": 5,
        "Operating Income": -9,
        "EBIT": -9,
        "Net Income": -8
    },
    "2017-12-31": {
        "Diluted EPS": 0.0,
        "Total Revenue": NaN,
        "Gross Profit": NaN,
        "Operating Income": NaN,
        "EBIT": NaN,
        "Net Income": NaN
    },
    "2016-12-31": {
        "Diluted EPS": 0.0,
        "Total Revenue": NaN,
        "Gross Profit": NaN,
        "Operating Income": NaN,
        "EBIT": NaN,
        "Net Income": NaN
    },
    "2023-09-30": {
        "Tax Effect Of Unusual Items": 0.0,
        "Tax Rate For Calcs": 0.21,
        "Normalized EBITDA": -48326000.0,
        "Net Income From Continuing Operation Net Minority Interest": -44475000.0,
        "Reconciled Depreciation": 2257000.0,
        "EBITDA": -48326000.0,
        "EBIT": -50583000.0,
        "Normalized Income": -44475000.0,
        "Net Income From Continuing And Discontinued Operation": -44475000.0,
        "Total Expenses": 59692000.0,
        "Total Operating Income As Reported": -50583000.0,
        "Diluted Average Shares": 83927961.0,
        "Basic Average Shares": 83927961.0,
        "Diluted EPS": -0.53,
        "Basic EPS": -0.53,
        "Diluted NI Availto Com Stockholders": -44475000.0,
        "Net Income Common Stockholders": -44475000.0,
        "Net Income": -44475000.0,
        "Net Income Including Noncontrolling Interests": -44475000.0,
        "Net Income Continuous Operations": -44475000.0,
        "Tax Provision": 1252000.0,
        "Pretax Income": -43223000.0,
        "Other Income Expense": 7360000.0,
        "Other Non Operating Income Expenses": 7360000.0,
        "Operating Income": -50583000.0,
        "Operating Expense": 59692000.0,
        "Research And Development": 46328000.0,
        "Selling General And Administration": 13364000.0,
        "General And Administrative Expense": 13364000.0,
        "Other Gand A": 13364000.0,
        "Total Revenue": 9109000.0,
        "Operating Revenue": 9109000.0
    },
    "2023-12-31": {
        "Tax Effect Of Unusual Items": 0.0,
        "Tax Rate For Calcs": 0.21,
        "Normalized EBITDA": -45195000.0,
        "Net Income From Continuing Operation Net Minority Interest": -41434000.0,
        "Reconciled Depreciation": 2258000.0,
        "EBITDA": -45195000.0,
        "EBIT": -47453000.0,
        "Normalized Income": -41434000.0,
        "Net Income From Continuing And Discontinued Operation": -41434000.0,
        "Total Expenses": 62643000.0,
        "Total Operating Income As Reported": -47453000.0,
        "Diluted Average Shares": NaN,
        "Basic Average Shares": NaN,
        "Diluted EPS": NaN,
        "Basic EPS": NaN,
        "Diluted NI Availto Com Stockholders": -41434000.0,
        "Net Income Common Stockholders": -41434000.0,
        "Net Income": -41434000.0,
        "Net Income Including Noncontrolling Interests": -41434000.0,
        "Net Income Continuous Operations": -41434000.0,
        "Tax Provision": 1666000.0,
        "Pretax Income": -39768000.0,
        "Other Income Expense": 7685000.0,
        "Other Non Operating Income Expenses": 7685000.0,
        "Operating Income": -47453000.0,
        "Operating Expense": 62643000.0,
        "Research And Development": 47723000.0,
        "Selling General And Administration": 14920000.0,
        "General And Administrative Expense": 14920000.0,
        "Other Gand A": 14920000.0,
        "Total Revenue": 15190000.0,
        "Operating Revenue": 15190000.0
    },
    "2024-03-31": {
        "Tax Effect Of Unusual Items": 0.0,
        "Tax Rate For Calcs": 0.21,
        "Normalized EBITDA": -41417000.0,
        "Net Income From Continuing Operation Net Minority Interest": -36079000.0,
        "Reconciled Depreciation": 2291000.0,
        "EBITDA": -41417000.0,
        "EBIT": -43708000.0,
        "Normalized Income": -36079000.0,
        "Net Income From Continuing And Discontinued Operation": -36079000.0,
        "Total Expenses": 59601000.0,
        "Total Operating Income As Reported": -43708000.0,
        "Diluted Average Shares": 93810177.0,
        "Basic Average Shares": 93810177.0,
        "Diluted EPS": -0.38,
        "Basic EPS": -0.38,
        "Diluted NI Availto Com Stockholders": -36079000.0,
        "Net Income Common Stockholders": -36079000.0,
        "Net Income": -36079000.0,
        "Net Income Including Noncontrolling Interests": -36079000.0,
        "Net Income Continuous Operations": -36079000.0,
        "Tax Provision": 7000.0,
        "Pretax Income": -36072000.0,
        "Other Income Expense": 7636000.0,
        "Other Non Operating Income Expenses": 7636000.0,
        "Operating Income": -43708000.0,
        "Operating Expense": 59601000.0,
        "Research And Development": 45167000.0,
        "Selling General And Administration": 14434000.0,
        "General And Administrative Expense": 14434000.0,
        "Other Gand A": 14434000.0,
        "Total Revenue": 15893000.0,
        "Operating Revenue": 15893000.0
    },
    "2024-06-30": {
        "Tax Effect Of Unusual Items": 0.0,
        "Tax Rate For Calcs": 0.21,
        "Normalized EBITDA": -43325000.0,
        "Net Income From Continuing Operation Net Minority Interest": -38676000.0,
        "Reconciled Depreciation": 2281000.0,
        "EBITDA": -43325000.0,
        "EBIT": -45606000.0,
        "Normalized Income": -38676000.0,
        "Net Income From Continuing And Discontinued Operation": -38676000.0,
        "Total Expenses": 60689000.0,
        "Total Operating Income As Reported": -45606000.0,
        "Diluted Average Shares": 96674921.0,
        "Basic Average Shares": 96674921.0,
        "Diluted EPS": -0.4,
        "Basic EPS": -0.4,
        "Diluted NI Availto Com Stockholders": -38676000.0,
        "Net Income Common Stockholders": -38676000.0,
        "Net Income": -38676000.0,
        "Net Income Including Noncontrolling Interests": -38676000.0,
        "Net Income Continuous Operations": -38676000.0,
        "Tax Provision": 73000.0,
        "Pretax Income": -38603000.0,
        "Other Income Expense": 7003000.0,
        "Other Non Operating Income Expenses": 7003000.0,
        "Operating Income": -45606000.0,
        "Operating Expense": 60689000.0,
        "Research And Development": 46314000.0,
        "Selling General And Administration": 14375000.0,
        "General And Administrative Expense": 14375000.0,
        "Other Gand A": 14375000.0,
        "Total Revenue": 15083000.0,
        "Operating Revenue": 15083000.0
    },
    "2024-09-30": {
        "Tax Effect Of Unusual Items": 0.0,
        "Tax Rate For Calcs": 0.0,
        "Normalized EBITDA": -46243000.0,
        "Net Income From Continuing Operation Net Minority Interest": -42220000.0,
        "Reconciled Depreciation": 2191000.0,
        "EBITDA": -46243000.0,
        "EBIT": -48434000.0,
        "Normalized Income": -42220000.0,
        "Net Income From Continuing And Discontinued Operation": -42220000.0,
        "Total Expenses": 63776000.0,
        "Total Operating Income As Reported": -48434000.0,
        "Diluted Average Shares": 97519595.0,
        "Basic Average Shares": 97519595.0,
        "Diluted EPS": -0.43,
        "Basic EPS": -0.43,
        "Diluted NI Availto Com Stockholders": -42220000.0,
        "Net Income Common Stockholders": -42220000.0,
        "Net Income": -42220000.0,
        "Net Income Including Noncontrolling Interests": -42220000.0,
        "Net Income Continuous Operations": -42220000.0,
        "Tax Provision": 0.0,
        "Pretax Income": -42220000.0,
        "Other Income Expense": 6214000.0,
        "Other Non Operating Income Expenses": 6214000.0,
        "Operating Income": -48434000.0,
        "Operating Expense": 63776000.0,
        "Research And Development": 47998000.0,
        "Selling General And Administration": 15778000.0,
        "General And Administrative Expense": 15778000.0,
        "Other Gand A": 15778000.0,
        "Total Revenue": 15342000.0,
        "Operating Revenue": 15342000.0
    }
}