{
    "2023-03-31": {
        "Tax Effect Of Unusual Items": 394940.0,
        "Tax Rate For Calcs": 0.245,
        "Normalized EBITDA": 158014000.0,
        "Total Unusual Items": 1612000.0,
        "Total Unusual Items Excluding Goodwill": 1612000.0,
        "Net Income From Continuing Operation Net Minority Interest": 56149000.0,
        "Reconciled Depreciation": 54680000.0,
        "Reconciled Cost Of Revenue": 498903000.0,
        "EBITDA": 159626000.0,
        "EBIT": 104946000.0,
        "Net Interest Income": -20400000.0,
        "Interest Expense": 30528000.0,
        "Interest Income": 10128000.0,
        "Normalized Income": 54931940.0,
        "Net Income From Continuing And Discontinued Operation": 56149000.0,
        "Total Expenses": 556474000.0,
        "Rent Expense Supplemental": 7092000.0,
        "Total Operating Income As Reported": 94825000.0,
        "Diluted Average Shares": 17769000.0,
        "Basic Average Shares": 17766000.0,
        "Diluted EPS": 3.09,
        "Basic EPS": 3.09,
        "Diluted NI Availto Com Stockholders": 54895000.0,
        "Average Dilution Earnings": NaN,
        "Net Income Common Stockholders": 54895000.0,
        "Otherunder Preferred Stock Dividend": 1254000.0,
        "Net Income": 56149000.0,
        "Net Income Including Noncontrolling Interests": 56149000.0,
        "Net Income Continuous Operations": 56149000.0,
        "Tax Provision": 18269000.0,
        "Pretax Income": 74418000.0,
        "Other Income Expense": 1605000.0,
        "Other Non Operating Income Expenses": -7000.0,
        "Special Income Charges": 1612000.0,
        "Other Special Charges": -1612000.0,
        "Net Non Operating Interest Income Expense": -20400000.0,
        "Interest Expense Non Operating": 30528000.0,
        "Interest Income Non Operating": 10128000.0,
        "Operating Income": 93213000.0,
        "Operating Expense": 57571000.0,
        "Other Operating Expenses": 30643000.0,
        "Selling General And Administration": 26928000.0,
        "Selling And Marketing Expense": 26928000.0,
        "Gross Profit": 150784000.0,
        "Cost Of Revenue": 498903000.0,
        "Total Revenue": 649687000.0,
        "Operating Revenue": 649431000.0
    },
    "2022-12-31": {
        "Tax Effect Of Unusual Items": 165343.943144,
        "Tax Rate For Calcs": 0.203125,
        "Normalized EBITDA": 149096000.0,
        "Total Unusual Items": 814000.0,
        "Total Unusual Items Excluding Goodwill": 814000.0,
        "Net Income From Continuing Operation Net Minority Interest": 52475000.0,
        "Reconciled Depreciation": 51924000.0,
        "Reconciled Cost Of Revenue": 467553000.0,
        "EBITDA": 149910000.0,
        "EBIT": 97986000.0,
        "Net Interest Income": -23575000.0,
        "Interest Expense": 32135000.0,
        "Interest Income": 8560000.0,
        "Normalized Income": 51826343.943144,
        "Net Income From Continuing And Discontinued Operation": 52475000.0,
        "Total Expenses": 523164000.0,
        "Rent Expense Supplemental": 6132000.0,
        "Total Operating Income As Reported": 89199000.0,
        "Diluted Average Shares": 17910000.0,
        "Basic Average Shares": 17880000.0,
        "Diluted EPS": 2.87,
        "Basic EPS": 2.87,
        "Diluted NI Availto Com Stockholders": 52443000.0,
        "Average Dilution Earnings": NaN,
        "Net Income Common Stockholders": 52443000.0,
        "Otherunder Preferred Stock Dividend": 32000.0,
        "Net Income": 52475000.0,
        "Net Income Including Noncontrolling Interests": 52475000.0,
        "Net Income Continuous Operations": 52475000.0,
        "Tax Provision": 13376000.0,
        "Pretax Income": 65851000.0,
        "Other Income Expense": 1041000.0,
        "Other Non Operating Income Expenses": 227000.0,
        "Special Income Charges": 814000.0,
        "Other Special Charges": -814000.0,
        "Net Non Operating Interest Income Expense": -23575000.0,
        "Interest Expense Non Operating": 32135000.0,
        "Interest Income Non Operating": 8560000.0,
        "Operating Income": 88385000.0,
        "Operating Expense": 55611000.0,
        "Other Operating Expenses": 30395000.0,
        "Selling General And Administration": 25216000.0,
        "Selling And Marketing Expense": 25216000.0,
        "Gross Profit": 143996000.0,
        "Cost Of Revenue": 467553000.0,
        "Total Revenue": 611549000.0,
        "Operating Revenue": 611032000.0
    },
    "2022-09-30": {
        "Tax Effect Of Unusual Items": NaN,
        "Tax Rate For Calcs": NaN,
        "Normalized EBITDA": NaN,
        "Total Unusual Items": NaN,
        "Total Unusual Items Excluding Goodwill": NaN,
        "Net Income From Continuing Operation Net Minority Interest": NaN,
        "Reconciled Depreciation": NaN,
        "Reconciled Cost Of Revenue": NaN,
        "EBITDA": NaN,
        "EBIT": NaN,
        "Net Interest Income": NaN,
        "Interest Expense": NaN,
        "Interest Income": NaN,
        "Normalized Income": NaN,
        "Net Income From Continuing And Discontinued Operation": NaN,
        "Total Expenses": NaN,
        "Rent Expense Supplemental": NaN,
        "Total Operating Income As Reported": NaN,
        "Diluted Average Shares": NaN,
        "Basic Average Shares": NaN,
        "Diluted EPS": NaN,
        "Basic EPS": NaN,
        "Diluted NI Availto Com Stockholders": NaN,
        "Average Dilution Earnings": 0.0,
        "Net Income Common Stockholders": NaN,
        "Otherunder Preferred Stock Dividend": NaN,
        "Net Income": NaN,
        "Net Income Including Noncontrolling Interests": NaN,
        "Net Income Continuous Operations": NaN,
        "Tax Provision": NaN,
        "Pretax Income": NaN,
        "Other Income Expense": NaN,
        "Other Non Operating Income Expenses": NaN,
        "Special Income Charges": NaN,
        "Other Special Charges": NaN,
        "Net Non Operating Interest Income Expense": NaN,
        "Interest Expense Non Operating": NaN,
        "Interest Income Non Operating": NaN,
        "Operating Income": NaN,
        "Operating Expense": NaN,
        "Other Operating Expenses": NaN,
        "Selling General And Administration": NaN,
        "Selling And Marketing Expense": NaN,
        "Gross Profit": NaN,
        "Cost Of Revenue": NaN,
        "Total Revenue": NaN,
        "Operating Revenue": NaN
    },
    "2022-06-30": {
        "Tax Effect Of Unusual Items": -35889.57476,
        "Tax Rate For Calcs": 0.252743,
        "Normalized EBITDA": 28389000.0,
        "Total Unusual Items": -142000.0,
        "Total Unusual Items Excluding Goodwill": -142000.0,
        "Net Income From Continuing Operation Net Minority Interest": 4358000.0,
        "Reconciled Depreciation": 49183000.0,
        "Reconciled Cost Of Revenue": 549635000.0,
        "EBITDA": 28247000.0,
        "EBIT": 28247000.0,
        "Net Interest Income": -20197000.0,
        "Interest Expense": 22415000.0,
        "Interest Income": 2218000.0,
        "Normalized Income": 4464110.42524,
        "Net Income From Continuing And Discontinued Operation": 4358000.0,
        "Total Expenses": 603575000.0,
        "Rent Expense Supplemental": 5451000.0,
        "Total Operating Income As Reported": 26130000.0,
        "Diluted Average Shares": 18006000.0,
        "Basic Average Shares": 17987000.0,
        "Diluted EPS": 0.24,
        "Basic EPS": 0.24,
        "Diluted NI Availto Com Stockholders": 4358000.0,
        "Average Dilution Earnings": NaN,
        "Net Income Common Stockholders": 4358000.0,
        "Otherunder Preferred Stock Dividend": 39000.0,
        "Net Income": 4358000.0,
        "Net Income Including Noncontrolling Interests": 4358000.0,
        "Net Income Continuous Operations": 4358000.0,
        "Tax Provision": 1474000.0,
        "Pretax Income": 5832000.0,
        "Other Income Expense": -243000.0,
        "Other Non Operating Income Expenses": -101000.0,
        "Special Income Charges": -142000.0,
        "Other Special Charges": 142000.0,
        "Net Non Operating Interest Income Expense": -20197000.0,
        "Interest Expense Non Operating": 22415000.0,
        "Interest Income Non Operating": 2218000.0,
        "Operating Income": 26272000.0,
        "Operating Expense": 53940000.0,
        "Other Operating Expenses": 26643000.0,
        "Selling General And Administration": 27297000.0,
        "Selling And Marketing Expense": 27297000.0,
        "Gross Profit": 80212000.0,
        "Cost Of Revenue": 549635000.0,
        "Total Revenue": 629847000.0,
        "Operating Revenue": 629311000.0
    },
    "2023-06-30": {
        "Tax Effect Of Unusual Items": NaN,
        "Tax Rate For Calcs": NaN,
        "Normalized EBITDA": NaN,
        "Total Unusual Items": NaN,
        "Total Unusual Items Excluding Goodwill": NaN,
        "Net Income From Continuing Operation Net Minority Interest": NaN,
        "Reconciled Depreciation": NaN,
        "Reconciled Cost Of Revenue": NaN,
        "EBITDA": NaN,
        "EBIT": NaN,
        "Net Interest Income": NaN,
        "Interest Expense": NaN,
        "Interest Income": NaN,
        "Normalized Income": NaN,
        "Net Income From Continuing And Discontinued Operation": NaN,
        "Total Expenses": NaN,
        "Rent Expense Supplemental": NaN,
        "Total Operating Income As Reported": NaN,
        "Diluted Average Shares": NaN,
        "Basic Average Shares": NaN,
        "Diluted EPS": NaN,
        "Basic EPS": NaN,
        "Diluted NI Availto Com Stockholders": NaN,
        "Average Dilution Earnings": 1000.0,
        "Net Income Common Stockholders": NaN,
        "Otherunder Preferred Stock Dividend": NaN,
        "Net Income": NaN,
        "Net Income Including Noncontrolling Interests": NaN,
        "Net Income Continuous Operations": NaN,
        "Tax Provision": NaN,
        "Pretax Income": NaN,
        "Other Income Expense": NaN,
        "Other Non Operating Income Expenses": NaN,
        "Special Income Charges": NaN,
        "Other Special Charges": NaN,
        "Restructuring And Mergern Acquisition": NaN,
        "Net Non Operating Interest Income Expense": NaN,
        "Interest Expense Non Operating": NaN,
        "Interest Income Non Operating": NaN,
        "Operating Income": NaN,
        "Operating Expense": NaN,
        "Other Operating Expenses": NaN,
        "Selling General And Administration": NaN,
        "Selling And Marketing Expense": NaN,
        "Gross Profit": NaN,
        "Cost Of Revenue": NaN,
        "Total Revenue": NaN,
        "Operating Revenue": NaN
    },
    "2022-03-31": {
        "Diluted EPS": -0.44,
        "Total Revenue": 500,
        "Gross Profit": 102,
        "Operating Income": 7,
        "EBIT": 54,
        "Net Income": -8
    },
    "2021-12-31": {
        "Diluted EPS": 0.59,
        "Total Revenue": 497,
        "Gross Profit": 141,
        "Operating Income": 33,
        "EBIT": 80,
        "Net Income": 11
    },
    "2021-09-30": {
        "Diluted EPS": 2.18,
        "Total Revenue": 459,
        "Gross Profit": 108,
        "Operating Income": 66,
        "EBIT": 113,
        "Net Income": 39
    },
    "2021-06-30": {
        "Diluted EPS": 5.49,
        "Total Revenue": 472,
        "Gross Profit": 156,
        "Operating Income": 139,
        "EBIT": 183,
        "Net Income": 95
    },
    "2021-03-31": {
        "Diluted EPS": 0.42,
        "Total Revenue": 279,
        "Gross Profit": 7,
        "Operating Income": 25,
        "EBIT": 68,
        "Net Income": 7
    },
    "2020-12-31": {
        "Diluted EPS": -1.78,
        "Total Revenue": 247,
        "Gross Profit": 63,
        "Operating Income": -17,
        "EBIT": 27,
        "Net Income": -29
    },
    "2020-09-30": {
        "Diluted EPS": -1.82,
        "Total Revenue": 201,
        "Gross Profit": -4,
        "Operating Income": -33,
        "EBIT": 12,
        "Net Income": -29
    },
    "2020-06-30": {
        "Diluted EPS": -5.85,
        "Total Revenue": 133,
        "Gross Profit": -31,
        "Operating Income": -113,
        "EBIT": -70,
        "Net Income": -93
    },
    "2020-03-31": {
        "Diluted EPS": -2.08,
        "Total Revenue": 409,
        "Gross Profit": 144,
        "Operating Income": -118,
        "EBIT": -74,
        "Net Income": -33
    },
    "2019-12-31": {
        "Diluted EPS": 3.71,
        "Total Revenue": 461,
        "Gross Profit": 204,
        "Operating Income": 93,
        "EBIT": 134,
        "Net Income": 63
    },
    "2019-09-30": {
        "Diluted EPS": 2.7,
        "Total Revenue": 437,
        "Gross Profit": 156,
        "Operating Income": 72,
        "EBIT": 112,
        "Net Income": 43
    },
    "2019-06-30": {
        "Diluted EPS": 4.33,
        "Total Revenue": 492,
        "Gross Profit": 191,
        "Operating Income": 108,
        "EBIT": 147,
        "Net Income": 70
    },
    "2019-03-31": {
        "Diluted EPS": 3.52,
        "Total Revenue": 452,
        "Gross Profit": 148,
        "Operating Income": 91,
        "EBIT": 127,
        "Net Income": 56
    },
    "2018-12-31": {
        "Diluted EPS": 2.54,
        "Total Revenue": 412,
        "Gross Profit": 145,
        "Operating Income": 63,
        "EBIT": 100,
        "Net Income": 40
    },
    "2018-09-30": {
        "Diluted EPS": 0.94,
        "Total Revenue": 393,
        "Gross Profit": 106,
        "Operating Income": 26,
        "EBIT": 61,
        "Net Income": 15
    },
    "2018-06-30": {
        "Diluted EPS": 3.1,
        "Total Revenue": 437,
        "Gross Profit": 146,
        "Operating Income": 74,
        "EBIT": 104,
        "Net Income": 49
    },
    "2018-03-31": {
        "Diluted EPS": 3.42,
        "Total Revenue": 425,
        "Gross Profit": 150,
        "Operating Income": 80,
        "EBIT": 108,
        "Net Income": 55
    },
    "2017-12-31": {
        "Diluted EPS": 5.17,
        "Total Revenue": 379,
        "Gross Profit": 132,
        "Operating Income": 27,
        "EBIT": 56,
        "Net Income": 81
    },
    "2017-09-30": {
        "Diluted EPS": 1.45,
        "Total Revenue": 350,
        "Gross Profit": 114,
        "Operating Income": 44,
        "EBIT": 75,
        "Net Income": 23
    },
    "2017-06-30": {
        "Diluted EPS": 2.97,
        "Total Revenue": 402,
        "Gross Profit": 154,
        "Operating Income": 86,
        "EBIT": 116,
        "Net Income": 49
    },
    "2017-03-31": {
        "Diluted EPS": 2.54,
        "Total Revenue": 380,
        "Gross Profit": 137,
        "Operating Income": 74,
        "EBIT": 105,
        "Net Income": 42
    },
    "2016-12-31": {
        "Diluted EPS": 2.57,
        "Total Revenue": 352,
        "Gross Profit": 140,
        "Operating Income": 70,
        "EBIT": 98,
        "Net Income": 42
    },
    "2016-09-30": {
        "Diluted EPS": 2.75,
        "Total Revenue": 333,
        "Gross Profit": 132,
        "Operating Income": 77,
        "EBIT": 103,
        "Net Income": 45
    },
    "2016-06-30": {
        "Diluted EPS": 3.68,
        "Total Revenue": 345,
        "Gross Profit": 153,
        "Operating Income": 104,
        "EBIT": 130,
        "Net Income": 60
    },
    "2016-03-31": {
        "Diluted EPS": 4.29,
        "Total Revenue": 349,
        "Gross Profit": 168,
        "Operating Income": 121,
        "EBIT": 146,
        "Net Income": 72
    },
    "2015-12-31": {
        "Diluted EPS": 3.4,
        "Total Revenue": 311,
        "Gross Profit": 141,
        "Operating Income": 94,
        "EBIT": 118,
        "Net Income": 57
    },
    "2015-09-30": {
        "Diluted EPS": 2.62,
        "Total Revenue": 300,
        "Gross Profit": 120,
        "Operating Income": 77,
        "EBIT": 102,
        "Net Income": 44
    },
    "2015-06-30": {
        "Diluted EPS": 3.18,
        "Total Revenue": 322,
        "Gross Profit": 141,
        "Operating Income": 93,
        "EBIT": 118,
        "Net Income": 54
    },
    "2015-03-31": {
        "Diluted EPS": 3.74,
        "Total Revenue": 329,
        "Gross Profit": 155,
        "Operating Income": 108,
        "EBIT": 133,
        "Net Income": 65
    },
    "2014-12-31": {
        "Diluted EPS": 0.34,
        "Total Revenue": 279,
        "Gross Profit": 105,
        "Operating Income": 15,
        "EBIT": 42,
        "Net Income": 5
    },
    "2014-09-30": {
        "Diluted EPS": 0.8,
        "Total Revenue": 265,
        "Gross Profit": 73,
        "Operating Income": 29,
        "EBIT": 46,
        "Net Income": 14
    },
    "2014-06-30": {
        "Diluted EPS": 1.86,
        "Total Revenue": 291,
        "Gross Profit": 95,
        "Operating Income": 56,
        "EBIT": 79,
        "Net Income": 33
    },
    "2014-03-31": {
        "Diluted EPS": 1.86,
        "Total Revenue": 303,
        "Gross Profit": 95,
        "Operating Income": 57,
        "EBIT": 76,
        "Net Income": 34
    },
    "2013-12-31": {
        "Diluted EPS": 0.92,
        "Total Revenue": 238,
        "Gross Profit": 67,
        "Operating Income": 30,
        "EBIT": 48,
        "Net Income": 17
    },
    "2013-09-30": {
        "Diluted EPS": 0.91,
        "Total Revenue": 229,
        "Gross Profit": 62,
        "Operating Income": 29,
        "EBIT": 46,
        "Net Income": 17
    },
    "2013-06-30": {
        "Diluted EPS": 1.34,
        "Total Revenue": 256,
        "Gross Profit": 77,
        "Operating Income": 43,
        "EBIT": 61,
        "Net Income": 26
    },
    "2013-03-31": {
        "Diluted EPS": 1.65,
        "Total Revenue": 273,
        "Gross Profit": 86,
        "Operating Income": 52,
        "EBIT": 69,
        "Net Income": 32
    },
    "2012-12-31": {
        "Diluted EPS": 0.77,
        "Total Revenue": 223,
        "Gross Profit": 58,
        "Operating Income": 25,
        "EBIT": 42,
        "Net Income": 15
    },
    "2012-09-30": {
        "Diluted EPS": 0.87,
        "Total Revenue": 217,
        "Gross Profit": 57,
        "Operating Income": 29,
        "EBIT": 45,
        "Net Income": 17
    },
    "2012-06-30": {
        "Diluted EPS": 1.3,
        "Total Revenue": 231,
        "Gross Profit": 69,
        "Operating Income": 42,
        "EBIT": 55,
        "Net Income": 25
    },
    "2012-03-31": {
        "Diluted EPS": 1.12,
        "Total Revenue": 238,
        "Gross Profit": 61,
        "Operating Income": 36,
        "EBIT": 48,
        "Net Income": 22
    },
    "2011-12-31": {
        "Diluted EPS": 0.57,
        "Total Revenue": 194,
        "Gross Profit": 43,
        "Operating Income": 20,
        "EBIT": 32,
        "Net Income": 11
    },
    "2011-09-30": {
        "Diluted EPS": 0.49,
        "Total Revenue": 192,
        "Gross Profit": 39,
        "Operating Income": 17,
        "EBIT": 28,
        "Net Income": 9
    },
    "2011-06-30": {
        "Diluted EPS": 0.62,
        "Total Revenue": 200,
        "Gross Profit": 47,
        "Operating Income": 21,
        "EBIT": 31,
        "Net Income": 12
    },
    "2011-03-31": {
        "Diluted EPS": 0.89,
        "Total Revenue": 193,
        "Gross Profit": 50,
        "Operating Income": 28,
        "EBIT": 38,
        "Net Income": 17
    },
    "2010-12-31": {
        "Diluted EPS": 0.66,
        "Total Revenue": 162,
        "Gross Profit": 42,
        "Operating Income": 21,
        "EBIT": 30,
        "Net Income": 12
    },
    "2010-09-30": {
        "Diluted EPS": 0.67,
        "Total Revenue": 164,
        "Gross Profit": 39,
        "Operating Income": 19,
        "EBIT": 28,
        "Net Income": 13
    },
    "2010-06-30": {
        "Diluted EPS": 0.87,
        "Total Revenue": 168,
        "Gross Profit": 49,
        "Operating Income": 28,
        "EBIT": 36,
        "Net Income": 18
    },
    "2010-03-31": {
        "Diluted EPS": 1.12,
        "Total Revenue": 170,
        "Gross Profit": 57,
        "Operating Income": 36,
        "EBIT": 45,
        "Net Income": 23
    },
    "2009-12-31": {
        "Diluted EPS": 0.54,
        "Total Revenue": 135,
        "Gross Profit": 38,
        "Operating Income": 18,
        "EBIT": 26,
        "Net Income": 11
    },
    "2009-09-30": {
        "Diluted EPS": 0.68,
        "Total Revenue": 133,
        "Gross Profit": 40,
        "Operating Income": 22,
        "EBIT": 30,
        "Net Income": 14
    },
    "2009-06-30": {
        "Diluted EPS": 1.17,
        "Total Revenue": 148,
        "Gross Profit": 55,
        "Operating Income": 38,
        "EBIT": 45,
        "Net Income": 24
    },
    "2009-03-31": {
        "Diluted EPS": 1.37,
        "Total Revenue": 142,
        "Gross Profit": 61,
        "Operating Income": 44,
        "EBIT": 51,
        "Net Income": 28
    },
    "2023-09-30": {
        "Tax Effect Of Unusual Items": -5321624.0,
        "Tax Rate For Calcs": 0.163,
        "Normalized EBITDA": 82891000.0,
        "Total Unusual Items": -32648000.0,
        "Total Unusual Items Excluding Goodwill": -32648000.0,
        "Net Income From Continuing Operation Net Minority Interest": -25066000.0,
        "Reconciled Depreciation": 55817000.0,
        "Reconciled Cost Of Revenue": 492694000.0,
        "EBITDA": 50243000.0,
        "EBIT": -5574000.0,
        "Net Interest Income": -11901000.0,
        "Interest Expense": 24345000.0,
        "Interest Income": 12444000.0,
        "Normalized Income": 2260376.0,
        "Net Income From Continuing And Discontinued Operation": -25066000.0,
        "Total Expenses": 550594000.0,
        "Rent Expense Supplemental": 5906000.0,
        "Total Operating Income As Reported": -17883000.0,
        "Diluted Average Shares": 17721000.0,
        "Basic Average Shares": 17721000.0,
        "Diluted EPS": -1.44,
        "Basic EPS": -1.44,
        "Diluted NI Availto Com Stockholders": -25518000.0,
        "Average Dilution Earnings": NaN,
        "Net Income Common Stockholders": -25518000.0,
        "Otherunder Preferred Stock Dividend": 452000.0,
        "Net Income": -25066000.0,
        "Net Income Including Noncontrolling Interests": -25066000.0,
        "Net Income Continuous Operations": -25066000.0,
        "Tax Provision": -4853000.0,
        "Pretax Income": -29919000.0,
        "Other Income Expense": -32783000.0,
        "Other Non Operating Income Expenses": -135000.0,
        "Special Income Charges": -32648000.0,
        "Other Special Charges": 32648000.0,
        "Restructuring And Mergern Acquisition": NaN,
        "Net Non Operating Interest Income Expense": -11901000.0,
        "Interest Expense Non Operating": 24345000.0,
        "Interest Income Non Operating": 12444000.0,
        "Operating Income": 14765000.0,
        "Operating Expense": 57900000.0,
        "Other Operating Expenses": 29432000.0,
        "Selling General And Administration": 28468000.0,
        "Selling And Marketing Expense": 28468000.0,
        "Gross Profit": 72665000.0,
        "Cost Of Revenue": 492694000.0,
        "Total Revenue": 565359000.0,
        "Operating Revenue": 564936000.0
    },
    "2023-12-31": {
        "Tax Effect Of Unusual Items": -1851570.0,
        "Tax Rate For Calcs": 0.21,
        "Normalized EBITDA": 90020000.0,
        "Total Unusual Items": -8817000.0,
        "Total Unusual Items Excluding Goodwill": -8817000.0,
        "Net Income From Continuing Operation Net Minority Interest": -1956000.0,
        "Reconciled Depreciation": 58700000.0,
        "Reconciled Cost Of Revenue": 520478000.0,
        "EBITDA": 81203000.0,
        "EBIT": 22503000.0,
        "Net Interest Income": -12099000.0,
        "Interest Expense": 24296000.0,
        "Interest Income": 12197000.0,
        "Normalized Income": 5009430.0,
        "Net Income From Continuing And Discontinued Operation": -1956000.0,
        "Total Expenses": 591573000.0,
        "Rent Expense Supplemental": 5975000.0,
        "Total Operating Income As Reported": 10612000.0,
        "Diluted Average Shares": 17915000.0,
        "Basic Average Shares": 17915000.0,
        "Diluted EPS": -0.13,
        "Basic EPS": -0.13,
        "Diluted NI Availto Com Stockholders": -1742000.0,
        "Average Dilution Earnings": NaN,
        "Net Income Common Stockholders": -1755000.0,
        "Otherunder Preferred Stock Dividend": -201000.0,
        "Net Income": -1956000.0,
        "Net Income Including Noncontrolling Interests": -1956000.0,
        "Net Income Continuous Operations": -1956000.0,
        "Tax Provision": 163000.0,
        "Pretax Income": -1793000.0,
        "Other Income Expense": -9123000.0,
        "Other Non Operating Income Expenses": -306000.0,
        "Special Income Charges": -8817000.0,
        "Other Special Charges": 8817000.0,
        "Restructuring And Mergern Acquisition": NaN,
        "Net Non Operating Interest Income Expense": -12099000.0,
        "Interest Expense Non Operating": 24296000.0,
        "Interest Income Non Operating": 12197000.0,
        "Operating Income": 19429000.0,
        "Operating Expense": 71095000.0,
        "Other Operating Expenses": 41744000.0,
        "Selling General And Administration": 29351000.0,
        "Selling And Marketing Expense": 29351000.0,
        "Gross Profit": 90524000.0,
        "Cost Of Revenue": 520478000.0,
        "Total Revenue": 611002000.0,
        "Operating Revenue": 607765000.0
    },
    "2024-03-31": {
        "Tax Effect Of Unusual Items": -4099987.0,
        "Tax Rate For Calcs": 0.313,
        "Normalized EBITDA": 104581000.0,
        "Total Unusual Items": -13099000.0,
        "Total Unusual Items Excluding Goodwill": -13099000.0,
        "Net Income From Continuing Operation Net Minority Interest": -919000.0,
        "Reconciled Depreciation": 63844000.0,
        "Reconciled Cost Of Revenue": 549989000.0,
        "EBITDA": 91482000.0,
        "EBIT": 27638000.0,
        "Net Interest Income": -16734000.0,
        "Interest Expense": 28975000.0,
        "Interest Income": 12241000.0,
        "Normalized Income": 8080013.0,
        "Net Income From Continuing And Discontinued Operation": -919000.0,
        "Total Expenses": 627859000.0,
        "Rent Expense Supplemental": 5985000.0,
        "Total Operating Income As Reported": 15448000.0,
        "Diluted Average Shares": 17664000.0,
        "Basic Average Shares": 17664000.0,
        "Diluted EPS": -0.07,
        "Basic EPS": -0.07,
        "Diluted NI Availto Com Stockholders": -1273000.0,
        "Average Dilution Earnings": NaN,
        "Net Income Common Stockholders": -1273000.0,
        "Otherunder Preferred Stock Dividend": 354000.0,
        "Net Income": -919000.0,
        "Net Income Including Noncontrolling Interests": -919000.0,
        "Net Income Continuous Operations": -919000.0,
        "Tax Provision": -418000.0,
        "Pretax Income": -1337000.0,
        "Other Income Expense": -13150000.0,
        "Other Non Operating Income Expenses": -51000.0,
        "Special Income Charges": -13099000.0,
        "Other Special Charges": 13099000.0,
        "Restructuring And Mergern Acquisition": NaN,
        "Net Non Operating Interest Income Expense": -16734000.0,
        "Interest Expense Non Operating": 28975000.0,
        "Interest Income Non Operating": 12241000.0,
        "Operating Income": 28547000.0,
        "Operating Expense": 77870000.0,
        "Other Operating Expenses": 47451000.0,
        "Selling General And Administration": 30419000.0,
        "Selling And Marketing Expense": 30419000.0,
        "Gross Profit": 106417000.0,
        "Cost Of Revenue": 549989000.0,
        "Total Revenue": 656406000.0,
        "Operating Revenue": 632196000.0
    },
    "2024-06-30": {
        "Tax Effect Of Unusual Items": -4347360.0,
        "Tax Rate For Calcs": 0.24,
        "Normalized EBITDA": 129435000.0,
        "Total Unusual Items": -18114000.0,
        "Total Unusual Items Excluding Goodwill": -18114000.0,
        "Net Income From Continuing Operation Net Minority Interest": 13699000.0,
        "Reconciled Depreciation": 65361000.0,
        "Reconciled Cost Of Revenue": 551640000.0,
        "EBITDA": 111321000.0,
        "EBIT": 45960000.0,
        "Net Interest Income": -16805000.0,
        "Interest Expense": 27935000.0,
        "Interest Income": 11130000.0,
        "Normalized Income": 27465640.0,
        "Net Income From Continuing And Discontinued Operation": 13699000.0,
        "Total Expenses": 613272000.0,
        "Rent Expense Supplemental": 5749000.0,
        "Total Operating Income As Reported": 34897000.0,
        "Diluted Average Shares": 17869000.0,
        "Basic Average Shares": 17828000.0,
        "Diluted EPS": 0.75,
        "Basic EPS": 0.75,
        "Diluted NI Availto Com Stockholders": 13366000.0,
        "Average Dilution Earnings": NaN,
        "Net Income Common Stockholders": 13366000.0,
        "Otherunder Preferred Stock Dividend": 333000.0,
        "Net Income": 13699000.0,
        "Net Income Including Noncontrolling Interests": 13699000.0,
        "Net Income Continuous Operations": 13699000.0,
        "Tax Provision": 4326000.0,
        "Pretax Income": 18025000.0,
        "Other Income Expense": -18181000.0,
        "Other Non Operating Income Expenses": -67000.0,
        "Special Income Charges": -18114000.0,
        "Other Special Charges": 18114000.0,
        "Restructuring And Mergern Acquisition": NaN,
        "Net Non Operating Interest Income Expense": -16805000.0,
        "Interest Expense Non Operating": 27935000.0,
        "Interest Income Non Operating": 11130000.0,
        "Operating Income": 53011000.0,
        "Operating Expense": 61632000.0,
        "Other Operating Expenses": 34134000.0,
        "Selling General And Administration": 27498000.0,
        "Selling And Marketing Expense": 27498000.0,
        "Gross Profit": 114643000.0,
        "Cost Of Revenue": 551640000.0,
        "Total Revenue": 666283000.0,
        "Operating Revenue": 649300000.0
    },
    "2024-09-30": {
        "Tax Effect Of Unusual Items": -1344870.0,
        "Tax Rate For Calcs": 0.153,
        "Normalized EBITDA": 56407000.0,
        "Total Unusual Items": -8790000.0,
        "Total Unusual Items Excluding Goodwill": -8790000.0,
        "Net Income From Continuing Operation Net Minority Interest": -36789000.0,
        "Reconciled Depreciation": 63917000.0,
        "Reconciled Cost Of Revenue": 514315000.0,
        "EBITDA": 47617000.0,
        "EBIT": -16300000.0,
        "Net Interest Income": -17071000.0,
        "Interest Expense": 27142000.0,
        "Interest Income": 10071000.0,
        "Normalized Income": -29343870.0,
        "Net Income From Continuing And Discontinued Operation": -36789000.0,
        "Total Expenses": 579747000.0,
        "Rent Expense Supplemental": 5920000.0,
        "Total Operating Income As Reported": -26341000.0,
        "Diluted Average Shares": 17913000.0,
        "Basic Average Shares": 17913000.0,
        "Diluted EPS": -2.05,
        "Basic EPS": -2.05,
        "Diluted NI Availto Com Stockholders": -36789000.0,
        "Average Dilution Earnings": NaN,
        "Net Income Common Stockholders": -36789000.0,
        "Otherunder Preferred Stock Dividend": 0.0,
        "Net Income": -36789000.0,
        "Net Income Including Noncontrolling Interests": -36789000.0,
        "Net Income Continuous Operations": -36789000.0,
        "Tax Provision": -6653000.0,
        "Pretax Income": -43442000.0,
        "Other Income Expense": -8820000.0,
        "Other Non Operating Income Expenses": -30000.0,
        "Special Income Charges": -8790000.0,
        "Other Special Charges": 5370000.0,
        "Restructuring And Mergern Acquisition": 3420000.0,
        "Net Non Operating Interest Income Expense": -17071000.0,
        "Interest Expense Non Operating": 27142000.0,
        "Interest Income Non Operating": 10071000.0,
        "Operating Income": -17551000.0,
        "Operating Expense": 65432000.0,
        "Other Operating Expenses": 40563000.0,
        "Selling General And Administration": 24869000.0,
        "Selling And Marketing Expense": 24869000.0,
        "Gross Profit": 47881000.0,
        "Cost Of Revenue": 514315000.0,
        "Total Revenue": 562196000.0,
        "Operating Revenue": 548971000.0
    }
}