{
    "2023-03-31": {
        "Tax Effect Of Unusual Items": 0.0,
        "Tax Rate For Calcs": 0.21,
        "Normalized EBITDA": -27369000.0,
        "Total Unusual Items": NaN,
        "Total Unusual Items Excluding Goodwill": NaN,
        "Net Income From Continuing Operation Net Minority Interest": -37284000.0,
        "Reconciled Depreciation": 4982000.0,
        "Reconciled Cost Of Revenue": 396254000.0,
        "EBITDA": -27369000.0,
        "EBIT": -32351000.0,
        "Net Interest Income": -5019000.0,
        "Interest Expense": 5019000.0,
        "Normalized Income": -37284000.0,
        "Net Income From Continuing And Discontinued Operation": -37284000.0,
        "Total Expenses": 471644000.0,
        "Total Operating Income As Reported": -32489000.0,
        "Diluted Average Shares": 183113945.0,
        "Basic Average Shares": 183113945.0,
        "Diluted EPS": -0.2,
        "Basic EPS": -0.2,
        "Diluted NI Availto Com Stockholders": -37284000.0,
        "Net Income Common Stockholders": -37284000.0,
        "Net Income": -37284000.0,
        "Minority Interests": 87000.0,
        "Net Income Including Noncontrolling Interests": -37371000.0,
        "Net Income Continuous Operations": -37371000.0,
        "Tax Provision": 1000.0,
        "Pretax Income": -37370000.0,
        "Other Income Expense": 138000.0,
        "Other Non Operating Income Expenses": 138000.0,
        "Special Income Charges": NaN,
        "Other Special Charges": NaN,
        "Net Non Operating Interest Income Expense": -5019000.0,
        "Interest Expense Non Operating": 5019000.0,
        "Operating Income": -32489000.0,
        "Operating Expense": 75329000.0,
        "Depreciation Amortization Depletion Income Statement": 4921000.0,
        "Depreciation And Amortization In Income Statement": 4921000.0,
        "Selling General And Administration": 70408000.0,
        "Gross Profit": 42840000.0,
        "Cost Of Revenue": 396315000.0,
        "Total Revenue": 439155000.0,
        "Operating Revenue": 434812000.0
    },
    "2022-12-31": {
        "Tax Effect Of Unusual Items": 0.0,
        "Tax Rate For Calcs": 0.21,
        "Normalized EBITDA": -47343000.0,
        "Total Unusual Items": 0.0,
        "Total Unusual Items Excluding Goodwill": 0.0,
        "Net Income From Continuing Operation Net Minority Interest": -56903000.0,
        "Reconciled Depreciation": 4687000.0,
        "Reconciled Cost Of Revenue": 326002000.0,
        "EBITDA": -47343000.0,
        "EBIT": -52030000.0,
        "Net Interest Income": -4793000.0,
        "Interest Expense": 4793000.0,
        "Normalized Income": -56903000.0,
        "Net Income From Continuing And Discontinued Operation": -56903000.0,
        "Total Expenses": 413917000.0,
        "Total Operating Income As Reported": -52106000.0,
        "Diluted Average Shares": 182540539.0,
        "Basic Average Shares": 182540539.0,
        "Diluted EPS": -0.31,
        "Basic EPS": -0.31,
        "Diluted NI Availto Com Stockholders": -56903000.0,
        "Net Income Common Stockholders": -56903000.0,
        "Net Income": -56903000.0,
        "Minority Interests": 92000.0,
        "Net Income Including Noncontrolling Interests": -56995000.0,
        "Net Income Continuous Operations": -56995000.0,
        "Tax Provision": 172000.0,
        "Pretax Income": -56823000.0,
        "Other Income Expense": 76000.0,
        "Other Non Operating Income Expenses": 76000.0,
        "Special Income Charges": 0.0,
        "Other Special Charges": 0.0,
        "Net Non Operating Interest Income Expense": -4793000.0,
        "Interest Expense Non Operating": 4793000.0,
        "Operating Income": -52106000.0,
        "Operating Expense": 87915000.0,
        "Depreciation Amortization Depletion Income Statement": 4687000.0,
        "Depreciation And Amortization In Income Statement": 4687000.0,
        "Selling General And Administration": 83228000.0,
        "Gross Profit": 35809000.0,
        "Cost Of Revenue": 326002000.0,
        "Total Revenue": 361811000.0,
        "Operating Revenue": 360100000.0
    },
    "2022-09-30": {
        "Tax Effect Of Unusual Items": -878400.0,
        "Tax Rate For Calcs": 0.4,
        "Normalized EBITDA": -28766000.0,
        "Total Unusual Items": -2196000.0,
        "Total Unusual Items Excluding Goodwill": -2196000.0,
        "Net Income From Continuing Operation Net Minority Interest": -40247000.0,
        "Reconciled Depreciation": 4513000.0,
        "Reconciled Cost Of Revenue": 312793000.0,
        "EBITDA": -30962000.0,
        "EBIT": -35475000.0,
        "Net Interest Income": -4605000.0,
        "Interest Expense": 4605000.0,
        "Normalized Income": -38929400.0,
        "Net Income From Continuing And Discontinued Operation": -40247000.0,
        "Total Expenses": 393758000.0,
        "Total Operating Income As Reported": -33410000.0,
        "Diluted Average Shares": 182123363.0,
        "Basic Average Shares": 182123363.0,
        "Diluted EPS": -0.22,
        "Basic EPS": -0.22,
        "Diluted NI Availto Com Stockholders": -40247000.0,
        "Net Income Common Stockholders": -40247000.0,
        "Net Income": -40247000.0,
        "Minority Interests": NaN,
        "Net Income Including Noncontrolling Interests": -40247000.0,
        "Net Income Continuous Operations": -40247000.0,
        "Tax Provision": 167000.0,
        "Pretax Income": -40080000.0,
        "Other Income Expense": -2065000.0,
        "Other Non Operating Income Expenses": 131000.0,
        "Special Income Charges": -2196000.0,
        "Other Special Charges": 2196000.0,
        "Net Non Operating Interest Income Expense": -4605000.0,
        "Interest Expense Non Operating": 4605000.0,
        "Operating Income": -33410000.0,
        "Operating Expense": 80908000.0,
        "Depreciation Amortization Depletion Income Statement": 4456000.0,
        "Depreciation And Amortization In Income Statement": 4456000.0,
        "Selling General And Administration": 76452000.0,
        "Gross Profit": 47498000.0,
        "Cost Of Revenue": 312850000.0,
        "Total Revenue": 360348000.0,
        "Operating Revenue": 359978000.0
    },
    "2022-06-30": {
        "Tax Effect Of Unusual Items": 0.0,
        "Tax Rate For Calcs": 0.0,
        "Normalized EBITDA": -2861000.0,
        "Total Unusual Items": NaN,
        "Total Unusual Items Excluding Goodwill": NaN,
        "Net Income From Continuing Operation Net Minority Interest": -11580000.0,
        "Reconciled Depreciation": 4229000.0,
        "Reconciled Cost Of Revenue": 307220000.0,
        "EBITDA": -2861000.0,
        "EBIT": -7090000.0,
        "Net Interest Income": -4490000.0,
        "Interest Expense": 4490000.0,
        "Normalized Income": -11580000.0,
        "Net Income From Continuing And Discontinued Operation": -11580000.0,
        "Total Expenses": 373122000.0,
        "Total Operating Income As Reported": -6648000.0,
        "Diluted Average Shares": 181262640.0,
        "Basic Average Shares": 181262640.0,
        "Diluted EPS": -0.06,
        "Basic EPS": -0.06,
        "Diluted NI Availto Com Stockholders": -11580000.0,
        "Net Income Common Stockholders": -11580000.0,
        "Net Income": -11580000.0,
        "Minority Interests": NaN,
        "Net Income Including Noncontrolling Interests": -11580000.0,
        "Net Income Continuous Operations": -11580000.0,
        "Tax Provision": 0.0,
        "Pretax Income": -11580000.0,
        "Other Income Expense": -442000.0,
        "Other Non Operating Income Expenses": -442000.0,
        "Special Income Charges": NaN,
        "Other Special Charges": NaN,
        "Net Non Operating Interest Income Expense": -4490000.0,
        "Interest Expense Non Operating": 4490000.0,
        "Operating Income": -6648000.0,
        "Operating Expense": 65853000.0,
        "Depreciation Amortization Depletion Income Statement": 4180000.0,
        "Depreciation And Amortization In Income Statement": 4180000.0,
        "Selling General And Administration": 61673000.0,
        "Gross Profit": 59205000.0,
        "Cost Of Revenue": 307269000.0,
        "Total Revenue": 366474000.0,
        "Operating Revenue": 366180000.0
    },
    "2022-03-31": {
        "Diluted EPS": -0.23,
        "Total Revenue": 346,
        "Gross Profit": 42,
        "Operating Income": -36,
        "EBIT": -32,
        "Net Income": -41
    },
    "2021-12-31": {
        "Diluted EPS": -0.26,
        "Total Revenue": 298,
        "Gross Profit": 39,
        "Operating Income": -43,
        "EBIT": -39,
        "Net Income": -48
    },
    "2021-09-30": {
        "Diluted EPS": -0.26,
        "Total Revenue": 293,
        "Gross Profit": 39,
        "Operating Income": -41,
        "EBIT": -37,
        "Net Income": -46
    },
    "2021-06-30": {
        "Diluted EPS": -0.25,
        "Total Revenue": 309,
        "Gross Profit": 35,
        "Operating Income": -40,
        "EBIT": -36,
        "Net Income": -45
    },
    "2021-03-31": {
        "Diluted EPS": -0.37,
        "Total Revenue": 267,
        "Gross Profit": 16,
        "Operating Income": -53,
        "EBIT": -48,
        "Net Income": -57
    },
    "2020-12-31": {
        "Diluted EPS": -0.2,
        "Total Revenue": 242,
        "Gross Profit": 27,
        "Operating Income": -28,
        "EBIT": -23,
        "Net Income": -32
    },
    "2020-09-30": {
        "Diluted EPS": 0.07,
        "Total Revenue": 248,
        "Gross Profit": 58,
        "Operating Income": 15,
        "EBIT": 20,
        "Net Income": 11
    },
    "2020-06-30": {
        "Diluted EPS": 0.05,
        "Total Revenue": 244,
        "Gross Profit": 50,
        "Operating Income": 13,
        "EBIT": 17,
        "Net Income": 8
    },
    "2020-03-31": {
        "Diluted EPS": -0.07,
        "Total Revenue": 225,
        "Gross Profit": 31,
        "Operating Income": -5,
        "EBIT": -1,
        "Net Income": -10
    },
    "2019-12-31": {
        "Diluted EPS": 0.0,
        "Total Revenue": NaN,
        "Gross Profit": NaN,
        "Operating Income": NaN,
        "EBIT": NaN,
        "Net Income": NaN
    },
    "2023-06-30": {
        "Tax Effect Of Unusual Items": 0.0,
        "Tax Rate For Calcs": 0.21,
        "Normalized EBITDA": -17967000.0,
        "Total Unusual Items": NaN,
        "Total Unusual Items Excluding Goodwill": NaN,
        "Net Income From Continuing Operation Net Minority Interest": -28477000.0,
        "Reconciled Depreciation": 5264000.0,
        "Reconciled Cost Of Revenue": 410575000.0,
        "EBITDA": -17967000.0,
        "EBIT": -23231000.0,
        "Net Interest Income": -5262000.0,
        "Interest Expense": 5262000.0,
        "Normalized Income": -28477000.0,
        "Net Income From Continuing And Discontinued Operation": -28477000.0,
        "Total Expenses": 486038000.0,
        "Total Operating Income As Reported": -23659000.0,
        "Diluted Average Shares": 185991460.0,
        "Basic Average Shares": 185991460.0,
        "Diluted EPS": -0.15,
        "Basic EPS": -0.15,
        "Diluted NI Availto Com Stockholders": -28477000.0,
        "Net Income Common Stockholders": -28477000.0,
        "Net Income": -28477000.0,
        "Minority Interests": 17000.0,
        "Net Income Including Noncontrolling Interests": -28494000.0,
        "Net Income Continuous Operations": -28494000.0,
        "Tax Provision": 1000.0,
        "Pretax Income": -28493000.0,
        "Other Income Expense": 428000.0,
        "Other Non Operating Income Expenses": 428000.0,
        "Special Income Charges": NaN,
        "Other Special Charges": NaN,
        "Net Non Operating Interest Income Expense": -5262000.0,
        "Interest Expense Non Operating": 5262000.0,
        "Operating Income": -23659000.0,
        "Operating Expense": 75394000.0,
        "Depreciation Amortization Depletion Income Statement": 5195000.0,
        "Depreciation And Amortization In Income Statement": 5195000.0,
        "Selling General And Administration": 70199000.0,
        "Gross Profit": 51735000.0,
        "Cost Of Revenue": 410644000.0,
        "Total Revenue": 462379000.0,
        "Operating Revenue": 456877000.0
    }
}