{
    "2023-03-31": {
        "Tax Effect Of Unusual Items": -5250000.0,
        "Tax Rate For Calcs": 0.21,
        "Normalized EBITDA": 55000000.0,
        "Total Unusual Items": -25000000.0,
        "Total Unusual Items Excluding Goodwill": -25000000.0,
        "Net Income From Continuing Operation Net Minority Interest": -78000000.0,
        "Reconciled Depreciation": 104000000.0,
        "Reconciled Cost Of Revenue": 371000000.0,
        "EBITDA": 30000000.0,
        "EBIT": -74000000.0,
        "Net Interest Income": -33000000.0,
        "Interest Expense": 33000000.0,
        "Normalized Income": -58250000.0,
        "Net Income From Continuing And Discontinued Operation": -68000000.0,
        "Total Expenses": 626000000.0,
        "Total Operating Income As Reported": -40000000.0,
        "Diluted Average Shares": 476145761.0,
        "Basic Average Shares": 476145761.0,
        "Diluted EPS": -0.14,
        "Basic EPS": -0.14,
        "Diluted NI Availto Com Stockholders": -68000000.0,
        "Average Dilution Earnings": 0.0,
        "Net Income Common Stockholders": -68000000.0,
        "Net Income": -68000000.0,
        "Minority Interests": 6000000.0,
        "Net Income Including Noncontrolling Interests": -74000000.0,
        "Net Income Discontinuous Operations": 10000000.0,
        "Net Income Continuous Operations": -84000000.0,
        "Tax Provision": -23000000.0,
        "Pretax Income": -107000000.0,
        "Other Income Expense": -34000000.0,
        "Other Non Operating Income Expenses": -9000000.0,
        "Gain On Sale Of Security": -25000000.0,
        "Net Non Operating Interest Income Expense": -33000000.0,
        "Interest Expense Non Operating": 33000000.0,
        "Operating Income": -40000000.0,
        "Operating Expense": 227000000.0,
        "Depreciation Amortization Depletion Income Statement": 76000000.0,
        "Depreciation And Amortization In Income Statement": 76000000.0,
        "Selling General And Administration": 151000000.0,
        "Gross Profit": 187000000.0,
        "Cost Of Revenue": 399000000.0,
        "Total Revenue": 586000000.0,
        "Operating Revenue": 586000000.0
    },
    "2022-12-31": {
        "Tax Effect Of Unusual Items": NaN,
        "Tax Rate For Calcs": NaN,
        "Normalized EBITDA": NaN,
        "Total Unusual Items": -15000000.0,
        "Total Unusual Items Excluding Goodwill": -15000000.0,
        "Net Income From Continuing Operation Net Minority Interest": NaN,
        "Reconciled Depreciation": NaN,
        "Reconciled Cost Of Revenue": NaN,
        "EBITDA": NaN,
        "EBIT": NaN,
        "Net Interest Income": NaN,
        "Interest Expense": NaN,
        "Normalized Income": NaN,
        "Net Income From Continuing And Discontinued Operation": NaN,
        "Total Expenses": NaN,
        "Total Operating Income As Reported": NaN,
        "Diluted Average Shares": NaN,
        "Basic Average Shares": NaN,
        "Diluted EPS": NaN,
        "Basic EPS": NaN,
        "Diluted NI Availto Com Stockholders": NaN,
        "Average Dilution Earnings": NaN,
        "Net Income Common Stockholders": NaN,
        "Net Income": NaN,
        "Minority Interests": NaN,
        "Net Income Including Noncontrolling Interests": NaN,
        "Net Income Discontinuous Operations": NaN,
        "Net Income Continuous Operations": NaN,
        "Tax Provision": NaN,
        "Pretax Income": NaN,
        "Other Income Expense": NaN,
        "Other Non Operating Income Expenses": NaN,
        "Gain On Sale Of Security": -15000000.0,
        "Net Non Operating Interest Income Expense": NaN,
        "Interest Expense Non Operating": NaN,
        "Operating Income": NaN,
        "Operating Expense": NaN,
        "Depreciation Amortization Depletion Income Statement": NaN,
        "Depreciation And Amortization In Income Statement": NaN,
        "Selling General And Administration": NaN,
        "Gross Profit": NaN,
        "Cost Of Revenue": NaN,
        "Total Revenue": NaN,
        "Operating Revenue": NaN
    },
    "2022-09-30": {
        "Tax Effect Of Unusual Items": NaN,
        "Tax Rate For Calcs": NaN,
        "Normalized EBITDA": NaN,
        "Total Unusual Items": NaN,
        "Total Unusual Items Excluding Goodwill": NaN,
        "Net Income From Continuing Operation Net Minority Interest": NaN,
        "Reconciled Depreciation": NaN,
        "Reconciled Cost Of Revenue": NaN,
        "EBITDA": NaN,
        "EBIT": NaN,
        "Net Interest Income": NaN,
        "Interest Expense": NaN,
        "Normalized Income": NaN,
        "Net Income From Continuing And Discontinued Operation": NaN,
        "Total Expenses": NaN,
        "Total Operating Income As Reported": NaN,
        "Diluted Average Shares": NaN,
        "Basic Average Shares": NaN,
        "Diluted EPS": NaN,
        "Basic EPS": NaN,
        "Diluted NI Availto Com Stockholders": NaN,
        "Average Dilution Earnings": 0.0,
        "Net Income Common Stockholders": NaN,
        "Net Income": NaN,
        "Minority Interests": NaN,
        "Net Income Including Noncontrolling Interests": NaN,
        "Net Income Discontinuous Operations": NaN,
        "Net Income Continuous Operations": NaN,
        "Tax Provision": NaN,
        "Pretax Income": NaN,
        "Other Income Expense": NaN,
        "Other Non Operating Income Expenses": NaN,
        "Gain On Sale Of Security": NaN,
        "Net Non Operating Interest Income Expense": NaN,
        "Interest Expense Non Operating": NaN,
        "Operating Income": NaN,
        "Operating Expense": NaN,
        "Depreciation Amortization Depletion Income Statement": NaN,
        "Depreciation And Amortization In Income Statement": NaN,
        "Selling General And Administration": NaN,
        "Gross Profit": NaN,
        "Cost Of Revenue": NaN,
        "Total Revenue": NaN,
        "Operating Revenue": NaN
    },
    "2022-06-30": {
        "Tax Effect Of Unusual Items": 20000000.0,
        "Tax Rate For Calcs": 0.4,
        "Normalized EBITDA": 120000000.0,
        "Total Unusual Items": 50000000.0,
        "Total Unusual Items Excluding Goodwill": 50000000.0,
        "Net Income From Continuing Operation Net Minority Interest": 51000000.0,
        "Reconciled Depreciation": 98000000.0,
        "Reconciled Cost Of Revenue": 483000000.0,
        "EBITDA": 170000000.0,
        "EBIT": 72000000.0,
        "Net Interest Income": -29000000.0,
        "Interest Expense": 29000000.0,
        "Normalized Income": 21000000.0,
        "Net Income From Continuing And Discontinued Operation": 51000000.0,
        "Total Expenses": 738000000.0,
        "Total Operating Income As Reported": -23000000.0,
        "Diluted Average Shares": 533738064.0,
        "Basic Average Shares": 457851348.0,
        "Diluted EPS": 0.1,
        "Basic EPS": 0.11,
        "Diluted NI Availto Com Stockholders": 51000000.0,
        "Average Dilution Earnings": NaN,
        "Net Income Common Stockholders": 51000000.0,
        "Net Income": 51000000.0,
        "Minority Interests": -1000000.0,
        "Net Income Including Noncontrolling Interests": 52000000.0,
        "Net Income Continuous Operations": 52000000.0,
        "Tax Provision": -9000000.0,
        "Pretax Income": 43000000.0,
        "Other Income Expense": 95000000.0,
        "Other Non Operating Income Expenses": 45000000.0,
        "Gain On Sale Of Security": 50000000.0,
        "Net Non Operating Interest Income Expense": -29000000.0,
        "Interest Expense Non Operating": 29000000.0,
        "Operating Income": -23000000.0,
        "Operating Expense": 242000000.0,
        "Depreciation Amortization Depletion Income Statement": 85000000.0,
        "Depreciation And Amortization In Income Statement": 85000000.0,
        "Selling General And Administration": 157000000.0,
        "Gross Profit": 219000000.0,
        "Cost Of Revenue": 496000000.0,
        "Total Revenue": 715000000.0,
        "Operating Revenue": 715000000.0
    },
    "2023-06-30": {
        "Tax Effect Of Unusual Items": 0.0,
        "Tax Rate For Calcs": 0.21,
        "Normalized EBITDA": 70000000.0,
        "Total Unusual Items": NaN,
        "Total Unusual Items Excluding Goodwill": NaN,
        "Net Income From Continuing Operation Net Minority Interest": -67000000.0,
        "Reconciled Depreciation": 106000000.0,
        "Reconciled Cost Of Revenue": 528000000.0,
        "EBITDA": 70000000.0,
        "EBIT": -36000000.0,
        "Net Interest Income": -33000000.0,
        "Interest Expense": 33000000.0,
        "Normalized Income": -67000000.0,
        "Net Income From Continuing And Discontinued Operation": -67000000.0,
        "Total Expenses": 827000000.0,
        "Total Operating Income As Reported": -21000000.0,
        "Diluted Average Shares": 490306205.0,
        "Basic Average Shares": 490306205.0,
        "Diluted EPS": -0.14,
        "Basic EPS": -0.14,
        "Diluted NI Availto Com Stockholders": -67000000.0,
        "Average Dilution Earnings": 0.0,
        "Net Income Common Stockholders": -67000000.0,
        "Net Income": -67000000.0,
        "Minority Interests": 5000000.0,
        "Net Income Including Noncontrolling Interests": -72000000.0,
        "Net Income Discontinuous Operations": NaN,
        "Net Income Continuous Operations": -72000000.0,
        "Tax Provision": 3000000.0,
        "Pretax Income": -69000000.0,
        "Other Income Expense": -15000000.0,
        "Other Non Operating Income Expenses": -15000000.0,
        "Gain On Sale Of Security": NaN,
        "Net Non Operating Interest Income Expense": -33000000.0,
        "Interest Expense Non Operating": 33000000.0,
        "Operating Income": -21000000.0,
        "Operating Expense": 278000000.0,
        "Depreciation Amortization Depletion Income Statement": 85000000.0,
        "Depreciation And Amortization In Income Statement": 85000000.0,
        "Selling General And Administration": 193000000.0,
        "Gross Profit": 257000000.0,
        "Cost Of Revenue": 549000000.0,
        "Total Revenue": 806000000.0,
        "Operating Revenue": 806000000.0
    },
    "2022-03-31": {
        "Diluted EPS": -0.02,
        "Total Revenue": 725,
        "Gross Profit": 223,
        "Operating Income": -2,
        "EBIT": 93,
        "Net Income": -11
    },
    "2021-12-31": {
        "Diluted EPS": 0.16,
        "Total Revenue": 864,
        "Gross Profit": 294,
        "Operating Income": 40,
        "EBIT": 135,
        "Net Income": 72
    },
    "2021-09-30": {
        "Diluted EPS": -0.24,
        "Total Revenue": 690,
        "Gross Profit": 238,
        "Operating Income": 25,
        "EBIT": 112,
        "Net Income": -107
    },
    "2021-06-30": {
        "Diluted EPS": 0.0,
        "Total Revenue": 672,
        "Gross Profit": 217,
        "Operating Income": 56,
        "EBIT": 135,
        "Net Income": -4
    },
    "2021-03-31": {
        "Diluted EPS": 0.0,
        "Total Revenue": 689,
        "Gross Profit": 218,
        "Operating Income": 46,
        "EBIT": 125,
        "Net Income": -21
    },
    "2020-12-31": {
        "Diluted EPS": 0.0,
        "Total Revenue": NaN,
        "Gross Profit": NaN,
        "Operating Income": NaN,
        "EBIT": NaN,
        "Net Income": NaN
    },
    "2020-09-30": {
        "Diluted EPS": 0.0,
        "Total Revenue": 668,
        "Gross Profit": 227,
        "Operating Income": 42,
        "EBIT": 274,
        "Net Income": -39
    },
    "2020-06-30": {
        "Diluted EPS": -1.2,
        "Total Revenue": NaN,
        "Gross Profit": NaN,
        "Operating Income": 0,
        "EBIT": 0,
        "Net Income": -31
    },
    "2019-12-31": {
        "Diluted EPS": 0.0,
        "Total Revenue": NaN,
        "Gross Profit": NaN,
        "Operating Income": NaN,
        "EBIT": NaN,
        "Net Income": NaN
    },
    "2023-09-30": {
        "Tax Effect Of Unusual Items": 7560000.0,
        "Tax Rate For Calcs": 0.21,
        "Normalized EBITDA": 88000000.0,
        "Total Unusual Items": 36000000.0,
        "Total Unusual Items Excluding Goodwill": 36000000.0,
        "Net Income From Continuing Operation Net Minority Interest": -48000000.0,
        "Reconciled Depreciation": 105000000.0,
        "Reconciled Cost Of Revenue": 535000000.0,
        "EBITDA": 124000000.0,
        "EBIT": 19000000.0,
        "Net Interest Income": -34000000.0,
        "Interest Expense": 34000000.0,
        "Normalized Income": -76440000.0,
        "Net Income From Continuing And Discontinued Operation": -48000000.0,
        "Total Expenses": 817000000.0,
        "Total Operating Income As Reported": -4000000.0,
        "Diluted Average Shares": 493226324.0,
        "Basic Average Shares": 493226324.0,
        "Diluted EPS": -0.1,
        "Basic EPS": -0.1,
        "Diluted NI Availto Com Stockholders": -48000000.0,
        "Average Dilution Earnings": 0.0,
        "Net Income Common Stockholders": -48000000.0,
        "Net Income": -48000000.0,
        "Minority Interests": -2000000.0,
        "Net Income Including Noncontrolling Interests": -46000000.0,
        "Net Income Discontinuous Operations": NaN,
        "Net Income Continuous Operations": -46000000.0,
        "Tax Provision": 31000000.0,
        "Pretax Income": -15000000.0,
        "Other Income Expense": 23000000.0,
        "Other Non Operating Income Expenses": -13000000.0,
        "Gain On Sale Of Security": 36000000.0,
        "Net Non Operating Interest Income Expense": -34000000.0,
        "Interest Expense Non Operating": 34000000.0,
        "Operating Income": -4000000.0,
        "Operating Expense": 261000000.0,
        "Depreciation Amortization Depletion Income Statement": 84000000.0,
        "Depreciation And Amortization In Income Statement": 84000000.0,
        "Selling General And Administration": 177000000.0,
        "Gross Profit": 257000000.0,
        "Cost Of Revenue": 556000000.0,
        "Total Revenue": 813000000.0,
        "Operating Revenue": 813000000.0
    },
    "2023-12-31": {
        "Tax Effect Of Unusual Items": -25350000.0,
        "Tax Rate For Calcs": 0.15,
        "Normalized EBITDA": 106000000.0,
        "Total Unusual Items": -169000000.0,
        "Total Unusual Items Excluding Goodwill": -169000000.0,
        "Net Income From Continuing Operation Net Minority Interest": -162000000.0,
        "Reconciled Depreciation": 106000000.0,
        "Reconciled Cost Of Revenue": 570000000.0,
        "EBITDA": -63000000.0,
        "EBIT": -169000000.0,
        "Net Interest Income": -31000000.0,
        "Interest Expense": 31000000.0,
        "Normalized Income": -18350000.0,
        "Net Income From Continuing And Discontinued Operation": -162000000.0,
        "Total Expenses": 875000000.0,
        "Total Operating Income As Reported": -63000000.0,
        "Diluted Average Shares": 543303379.0,
        "Basic Average Shares": 497702644.0,
        "Diluted EPS": -0.17,
        "Basic EPS": -0.17,
        "Diluted NI Availto Com Stockholders": -162000000.0,
        "Average Dilution Earnings": NaN,
        "Net Income Common Stockholders": -162000000.0,
        "Net Income": -162000000.0,
        "Minority Interests": 8000000.0,
        "Net Income Including Noncontrolling Interests": -170000000.0,
        "Net Income Discontinuous Operations": NaN,
        "Net Income Continuous Operations": -170000000.0,
        "Tax Provision": -30000000.0,
        "Pretax Income": -200000000.0,
        "Other Income Expense": -254000000.0,
        "Other Non Operating Income Expenses": -85000000.0,
        "Gain On Sale Of Security": -21000000.0,
        "Net Non Operating Interest Income Expense": -31000000.0,
        "Interest Expense Non Operating": 31000000.0,
        "Operating Income": 85000000.0,
        "Operating Expense": 284000000.0,
        "Depreciation Amortization Depletion Income Statement": 85000000.0,
        "Depreciation And Amortization In Income Statement": 85000000.0,
        "Selling General And Administration": 199000000.0,
        "Gross Profit": 369000000.0,
        "Cost Of Revenue": 591000000.0,
        "Total Revenue": 960000000.0,
        "Operating Revenue": 960000000.0
    },
    "2024-03-31": {
        "Tax Effect Of Unusual Items": -3780000.0,
        "Tax Rate For Calcs": 0.18,
        "Normalized EBITDA": 13000000.0,
        "Total Unusual Items": -21000000.0,
        "Total Unusual Items Excluding Goodwill": -21000000.0,
        "Net Income From Continuing Operation Net Minority Interest": -119000000.0,
        "Reconciled Depreciation": 109000000.0,
        "Reconciled Cost Of Revenue": 344000000.0,
        "EBITDA": -8000000.0,
        "EBIT": -117000000.0,
        "Net Interest Income": -31000000.0,
        "Interest Expense": 31000000.0,
        "Normalized Income": -101780000.0,
        "Net Income From Continuing And Discontinued Operation": -114000000.0,
        "Total Expenses": 599000000.0,
        "Total Operating Income As Reported": -40000000.0,
        "Diluted Average Shares": 541969471.0,
        "Basic Average Shares": 540780315.0,
        "Diluted EPS": -0.21,
        "Basic EPS": -0.21,
        "Diluted NI Availto Com Stockholders": -115000000.0,
        "Average Dilution Earnings": -1000000.0,
        "Net Income Common Stockholders": -114000000.0,
        "Net Income": -114000000.0,
        "Minority Interests": 2000000.0,
        "Net Income Including Noncontrolling Interests": -116000000.0,
        "Net Income Discontinuous Operations": 5000000.0,
        "Net Income Continuous Operations": -121000000.0,
        "Tax Provision": -27000000.0,
        "Pretax Income": -148000000.0,
        "Other Income Expense": -77000000.0,
        "Other Non Operating Income Expenses": -56000000.0,
        "Gain On Sale Of Security": -21000000.0,
        "Net Non Operating Interest Income Expense": -31000000.0,
        "Interest Expense Non Operating": 31000000.0,
        "Operating Income": -40000000.0,
        "Operating Expense": 222000000.0,
        "Depreciation Amortization Depletion Income Statement": 76000000.0,
        "Depreciation And Amortization In Income Statement": 76000000.0,
        "Selling General And Administration": 146000000.0,
        "Gross Profit": 182000000.0,
        "Cost Of Revenue": 377000000.0,
        "Total Revenue": 559000000.0,
        "Operating Revenue": 559000000.0
    }
}