{
    "2023-06-30": {
        "Tax Effect Of Unusual Items": NaN,
        "Tax Rate For Calcs": NaN,
        "Normalized EBITDA": NaN,
        "Total Unusual Items": 0.0,
        "Total Unusual Items Excluding Goodwill": 0.0,
        "Net Income From Continuing Operation Net Minority Interest": NaN,
        "Reconciled Depreciation": NaN,
        "Reconciled Cost Of Revenue": NaN,
        "EBITDA": NaN,
        "EBIT": NaN,
        "Net Interest Income": NaN,
        "Interest Expense": NaN,
        "Interest Income": NaN,
        "Normalized Income": NaN,
        "Net Income From Continuing And Discontinued Operation": NaN,
        "Total Expenses": NaN,
        "Total Operating Income As Reported": NaN,
        "Diluted Average Shares": NaN,
        "Basic Average Shares": NaN,
        "Diluted EPS": NaN,
        "Basic EPS": NaN,
        "Diluted NI Availto Com Stockholders": NaN,
        "Net Income Common Stockholders": NaN,
        "Net Income": NaN,
        "Net Income Including Noncontrolling Interests": NaN,
        "Net Income Discontinuous Operations": -42036000.0,
        "Net Income Continuous Operations": NaN,
        "Tax Provision": NaN,
        "Pretax Income": NaN,
        "Other Income Expense": NaN,
        "Other Non Operating Income Expenses": NaN,
        "Special Income Charges": 0.0,
        "Restructuring And Mergern Acquisition": 0.0,
        "Net Non Operating Interest Income Expense": NaN,
        "Interest Expense Non Operating": NaN,
        "Interest Income Non Operating": NaN,
        "Operating Income": NaN,
        "Operating Expense": NaN,
        "Depreciation Amortization Depletion Income Statement": NaN,
        "Depreciation And Amortization In Income Statement": NaN,
        "Amortization": NaN,
        "Amortization Of Intangibles Income Statement": NaN,
        "Research And Development": NaN,
        "Selling General And Administration": NaN,
        "Selling And Marketing Expense": NaN,
        "General And Administrative Expense": NaN,
        "Other Gand A": NaN,
        "Gross Profit": NaN,
        "Cost Of Revenue": NaN,
        "Total Revenue": NaN,
        "Operating Revenue": NaN
    },
    "2023-03-31": {
        "Tax Effect Of Unusual Items": NaN,
        "Tax Rate For Calcs": NaN,
        "Normalized EBITDA": NaN,
        "Total Unusual Items": 0.0,
        "Total Unusual Items Excluding Goodwill": 0.0,
        "Net Income From Continuing Operation Net Minority Interest": NaN,
        "Reconciled Depreciation": NaN,
        "Reconciled Cost Of Revenue": NaN,
        "EBITDA": NaN,
        "EBIT": NaN,
        "Net Interest Income": NaN,
        "Interest Expense": NaN,
        "Interest Income": NaN,
        "Normalized Income": NaN,
        "Net Income From Continuing And Discontinued Operation": NaN,
        "Total Expenses": NaN,
        "Total Operating Income As Reported": NaN,
        "Diluted Average Shares": NaN,
        "Basic Average Shares": NaN,
        "Diluted EPS": NaN,
        "Basic EPS": NaN,
        "Diluted NI Availto Com Stockholders": NaN,
        "Net Income Common Stockholders": NaN,
        "Net Income": NaN,
        "Net Income Including Noncontrolling Interests": NaN,
        "Net Income Discontinuous Operations": NaN,
        "Net Income Continuous Operations": NaN,
        "Tax Provision": NaN,
        "Pretax Income": NaN,
        "Other Income Expense": NaN,
        "Other Non Operating Income Expenses": NaN,
        "Special Income Charges": 0.0,
        "Restructuring And Mergern Acquisition": 0.0,
        "Net Non Operating Interest Income Expense": NaN,
        "Interest Expense Non Operating": NaN,
        "Interest Income Non Operating": NaN,
        "Operating Income": NaN,
        "Operating Expense": NaN,
        "Depreciation Amortization Depletion Income Statement": NaN,
        "Depreciation And Amortization In Income Statement": NaN,
        "Amortization": NaN,
        "Amortization Of Intangibles Income Statement": NaN,
        "Research And Development": NaN,
        "Selling General And Administration": NaN,
        "Selling And Marketing Expense": NaN,
        "General And Administrative Expense": NaN,
        "Other Gand A": NaN,
        "Gross Profit": NaN,
        "Cost Of Revenue": NaN,
        "Total Revenue": NaN,
        "Operating Revenue": NaN
    },
    "2022-12-31": {
        "Tax Effect Of Unusual Items": NaN,
        "Tax Rate For Calcs": NaN,
        "Normalized EBITDA": NaN,
        "Total Unusual Items": 0.0,
        "Total Unusual Items Excluding Goodwill": 0.0,
        "Net Income From Continuing Operation Net Minority Interest": NaN,
        "Reconciled Depreciation": NaN,
        "Reconciled Cost Of Revenue": NaN,
        "EBITDA": NaN,
        "EBIT": NaN,
        "Net Interest Income": NaN,
        "Interest Expense": NaN,
        "Interest Income": NaN,
        "Normalized Income": NaN,
        "Net Income From Continuing And Discontinued Operation": NaN,
        "Total Expenses": NaN,
        "Total Operating Income As Reported": NaN,
        "Diluted Average Shares": NaN,
        "Basic Average Shares": NaN,
        "Diluted EPS": NaN,
        "Basic EPS": NaN,
        "Diluted NI Availto Com Stockholders": NaN,
        "Net Income Common Stockholders": NaN,
        "Net Income": NaN,
        "Net Income Including Noncontrolling Interests": NaN,
        "Net Income Discontinuous Operations": NaN,
        "Net Income Continuous Operations": NaN,
        "Tax Provision": NaN,
        "Pretax Income": NaN,
        "Other Income Expense": NaN,
        "Other Non Operating Income Expenses": NaN,
        "Special Income Charges": 0.0,
        "Restructuring And Mergern Acquisition": 0.0,
        "Net Non Operating Interest Income Expense": NaN,
        "Interest Expense Non Operating": NaN,
        "Interest Income Non Operating": NaN,
        "Operating Income": NaN,
        "Operating Expense": NaN,
        "Depreciation Amortization Depletion Income Statement": NaN,
        "Depreciation And Amortization In Income Statement": NaN,
        "Amortization": NaN,
        "Amortization Of Intangibles Income Statement": NaN,
        "Research And Development": NaN,
        "Selling General And Administration": NaN,
        "Selling And Marketing Expense": NaN,
        "General And Administrative Expense": NaN,
        "Other Gand A": NaN,
        "Gross Profit": NaN,
        "Cost Of Revenue": NaN,
        "Total Revenue": NaN,
        "Operating Revenue": NaN
    },
    "2022-09-30": {
        "Tax Effect Of Unusual Items": NaN,
        "Tax Rate For Calcs": NaN,
        "Normalized EBITDA": NaN,
        "Total Unusual Items": NaN,
        "Total Unusual Items Excluding Goodwill": NaN,
        "Net Income From Continuing Operation Net Minority Interest": NaN,
        "Reconciled Depreciation": NaN,
        "Reconciled Cost Of Revenue": NaN,
        "EBITDA": NaN,
        "EBIT": NaN,
        "Net Interest Income": NaN,
        "Interest Expense": NaN,
        "Interest Income": NaN,
        "Normalized Income": NaN,
        "Net Income From Continuing And Discontinued Operation": NaN,
        "Total Expenses": NaN,
        "Total Operating Income As Reported": NaN,
        "Diluted Average Shares": NaN,
        "Basic Average Shares": NaN,
        "Diluted EPS": NaN,
        "Basic EPS": NaN,
        "Diluted NI Availto Com Stockholders": NaN,
        "Net Income Common Stockholders": NaN,
        "Net Income": NaN,
        "Net Income Including Noncontrolling Interests": NaN,
        "Net Income Discontinuous Operations": NaN,
        "Net Income Continuous Operations": NaN,
        "Tax Provision": NaN,
        "Pretax Income": NaN,
        "Other Income Expense": NaN,
        "Other Non Operating Income Expenses": NaN,
        "Special Income Charges": NaN,
        "Restructuring And Mergern Acquisition": NaN,
        "Net Non Operating Interest Income Expense": NaN,
        "Interest Expense Non Operating": NaN,
        "Interest Income Non Operating": NaN,
        "Operating Income": NaN,
        "Operating Expense": NaN,
        "Depreciation Amortization Depletion Income Statement": NaN,
        "Depreciation And Amortization In Income Statement": NaN,
        "Amortization": NaN,
        "Amortization Of Intangibles Income Statement": NaN,
        "Research And Development": NaN,
        "Selling General And Administration": NaN,
        "Selling And Marketing Expense": 96900000.0,
        "General And Administrative Expense": 55877000.0,
        "Other Gand A": 55877000.0,
        "Gross Profit": NaN,
        "Cost Of Revenue": NaN,
        "Total Revenue": NaN,
        "Operating Revenue": NaN
    },
    "2022-06-30": {
        "Tax Effect Of Unusual Items": 81479.097744,
        "Tax Rate For Calcs": 0.093654,
        "Normalized EBITDA": -12360000.0,
        "Total Unusual Items": 870000.0,
        "Total Unusual Items Excluding Goodwill": 870000.0,
        "Net Income From Continuing Operation Net Minority Interest": -30136000.0,
        "Reconciled Depreciation": 19391000.0,
        "Reconciled Cost Of Revenue": 140908000.0,
        "EBITDA": -11490000.0,
        "EBIT": -30881000.0,
        "Net Interest Income": -1473000.0,
        "Interest Expense": 2369000.0,
        "Interest Income": 896000.0,
        "Normalized Income": -30924520.902256,
        "Net Income From Continuing And Discontinued Operation": -30136000.0,
        "Total Expenses": 310676000.0,
        "Total Operating Income As Reported": -34457000.0,
        "Diluted Average Shares": 163839000.0,
        "Basic Average Shares": 163839000.0,
        "Diluted EPS": -0.18,
        "Basic EPS": -0.18,
        "Diluted NI Availto Com Stockholders": -30136000.0,
        "Net Income Common Stockholders": -30136000.0,
        "Net Income": -30136000.0,
        "Net Income Including Noncontrolling Interests": -30136000.0,
        "Net Income Continuous Operations": -30136000.0,
        "Tax Provision": -3114000.0,
        "Pretax Income": -33250000.0,
        "Other Income Expense": 2680000.0,
        "Other Non Operating Income Expenses": 1810000.0,
        "Special Income Charges": 870000.0,
        "Restructuring And Mergern Acquisition": -870000.0,
        "Net Non Operating Interest Income Expense": -1473000.0,
        "Interest Expense Non Operating": 2369000.0,
        "Interest Income Non Operating": 896000.0,
        "Operating Income": -34457000.0,
        "Operating Expense": 159443000.0,
        "Depreciation Amortization Depletion Income Statement": 9066000.0,
        "Depreciation And Amortization In Income Statement": 9066000.0,
        "Amortization": 9066000.0,
        "Amortization Of Intangibles Income Statement": 9066000.0,
        "Research And Development": NaN,
        "Selling General And Administration": 150377000.0,
        "Selling And Marketing Expense": 95300000.0,
        "General And Administrative Expense": 55077000.0,
        "Other Gand A": 55077000.0,
        "Gross Profit": 124986000.0,
        "Cost Of Revenue": 151233000.0,
        "Total Revenue": 276219000.0,
        "Operating Revenue": 276219000.0
    },
    "2022-03-31": {
        "Diluted EPS": -0.22,
        "Total Revenue": 279,
        "Gross Profit": 223,
        "Operating Income": -27,
        "EBIT": -7,
        "Net Income": -36
    },
    "2021-12-31": {
        "Diluted EPS": 0.01,
        "Total Revenue": 324,
        "Gross Profit": 271,
        "Operating Income": 2,
        "EBIT": 24,
        "Net Income": 1
    },
    "2021-09-30": {
        "Diluted EPS": -0.18,
        "Total Revenue": 294,
        "Gross Profit": 245,
        "Operating Income": -20,
        "EBIT": 0,
        "Net Income": -29
    },
    "2021-06-30": {
        "Diluted EPS": 0.01,
        "Total Revenue": 304,
        "Gross Profit": 251,
        "Operating Income": 4,
        "EBIT": 23,
        "Net Income": 2
    },
    "2021-03-31": {
        "Diluted EPS": -0.14,
        "Total Revenue": 251,
        "Gross Profit": 210,
        "Operating Income": -16,
        "EBIT": 3,
        "Net Income": -22
    },
    "2020-12-31": {
        "Diluted EPS": -0.27,
        "Total Revenue": 280,
        "Gross Profit": 237,
        "Operating Income": -31,
        "EBIT": -10,
        "Net Income": -43
    },
    "2020-09-30": {
        "Diluted EPS": 0.0,
        "Total Revenue": 265,
        "Gross Profit": 222,
        "Operating Income": -11,
        "EBIT": 10,
        "Net Income": 0
    },
    "2020-06-30": {
        "Diluted EPS": -0.19,
        "Total Revenue": 248,
        "Gross Profit": 202,
        "Operating Income": -34,
        "EBIT": -13,
        "Net Income": -29
    },
    "2020-03-31": {
        "Diluted EPS": -0.24,
        "Total Revenue": 246,
        "Gross Profit": 199,
        "Operating Income": -37,
        "EBIT": -17,
        "Net Income": -39
    },
    "2019-12-31": {
        "Diluted EPS": -0.02,
        "Total Revenue": 413,
        "Gross Profit": 366,
        "Operating Income": -10,
        "EBIT": 11,
        "Net Income": -5
    },
    "2019-09-30": {
        "Diluted EPS": -0.34,
        "Total Revenue": 255,
        "Gross Profit": 213,
        "Operating Income": -54,
        "EBIT": -33,
        "Net Income": -53
    },
    "2019-06-30": {
        "Diluted EPS": -0.27,
        "Total Revenue": 280,
        "Gross Profit": 234,
        "Operating Income": -36,
        "EBIT": -16,
        "Net Income": -42
    },
    "2019-03-31": {
        "Diluted EPS": -0.62,
        "Total Revenue": 223,
        "Gross Profit": 178,
        "Operating Income": -76,
        "EBIT": -56,
        "Net Income": -96
    },
    "2018-12-31": {
        "Diluted EPS": -0.07,
        "Total Revenue": 316,
        "Gross Profit": 267,
        "Operating Income": 0,
        "EBIT": 26,
        "Net Income": -10
    },
    "2018-09-30": {
        "Diluted EPS": -0.22,
        "Total Revenue": 249,
        "Gross Profit": 209,
        "Operating Income": -37,
        "EBIT": -11,
        "Net Income": -34
    },
    "2018-06-30": {
        "Diluted EPS": -0.21,
        "Total Revenue": 305,
        "Gross Profit": 261,
        "Operating Income": 0,
        "EBIT": 26,
        "Net Income": -33
    },
    "2018-03-31": {
        "Diluted EPS": -0.4,
        "Total Revenue": 225,
        "Gross Profit": 181,
        "Operating Income": -62,
        "EBIT": -36,
        "Net Income": -63
    },
    "2017-12-31": {
        "Diluted EPS": -0.06,
        "Total Revenue": 275,
        "Gross Profit": 237,
        "Operating Income": 6,
        "EBIT": 31,
        "Net Income": -10
    },
    "2017-09-30": {
        "Diluted EPS": -0.24,
        "Total Revenue": 217,
        "Gross Profit": 181,
        "Operating Income": -38,
        "EBIT": -13,
        "Net Income": -36
    },
    "2017-06-30": {
        "Diluted EPS": -0.28,
        "Total Revenue": 219,
        "Gross Profit": 179,
        "Operating Income": -45,
        "EBIT": -20,
        "Net Income": -43
    },
    "2017-03-31": {
        "Diluted EPS": -0.45,
        "Total Revenue": 192,
        "Gross Profit": 151,
        "Operating Income": -71,
        "EBIT": -47,
        "Net Income": -69
    },
    "2016-12-31": {
        "Diluted EPS": -0.15,
        "Total Revenue": 214,
        "Gross Profit": 179,
        "Operating Income": -24,
        "EBIT": 1,
        "Net Income": -21
    },
    "2016-09-30": {
        "Diluted EPS": -0.41,
        "Total Revenue": 180,
        "Gross Profit": 145,
        "Operating Income": -61,
        "EBIT": -37,
        "Net Income": -63
    },
    "2016-06-30": {
        "Diluted EPS": -0.31,
        "Total Revenue": 195,
        "Gross Profit": 161,
        "Operating Income": -47,
        "EBIT": -24,
        "Net Income": -47
    },
    "2016-03-31": {
        "Diluted EPS": -0.51,
        "Total Revenue": 157,
        "Gross Profit": 129,
        "Operating Income": -77,
        "EBIT": -54,
        "Net Income": -77
    },
    "2015-12-31": {
        "Diluted EPS": -0.46,
        "Total Revenue": 163,
        "Gross Profit": 128,
        "Operating Income": -67,
        "EBIT": -45,
        "Net Income": -69
    },
    "2015-09-30": {
        "Diluted EPS": -0.54,
        "Total Revenue": 153,
        "Gross Profit": 119,
        "Operating Income": -77,
        "EBIT": -57,
        "Net Income": -81
    },
    "2015-06-30": {
        "Diluted EPS": -0.31,
        "Total Revenue": 151,
        "Gross Profit": 121,
        "Operating Income": -53,
        "EBIT": -32,
        "Net Income": -46
    },
    "2015-03-31": {
        "Diluted EPS": -0.21,
        "Total Revenue": 161,
        "Gross Profit": 121,
        "Operating Income": -27,
        "EBIT": -5,
        "Net Income": -31
    },
    "2014-12-31": {
        "Diluted EPS": 0.21,
        "Total Revenue": 175,
        "Gross Profit": 129,
        "Operating Income": -16,
        "EBIT": 10,
        "Net Income": 31
    },
    "2014-09-30": {
        "Diluted EPS": -0.27,
        "Total Revenue": 160,
        "Gross Profit": 113,
        "Operating Income": -33,
        "EBIT": -8,
        "Net Income": -40
    },
    "2014-06-30": {
        "Diluted EPS": 0.02,
        "Total Revenue": 153,
        "Gross Profit": 110,
        "Operating Income": -23,
        "EBIT": 2,
        "Net Income": 4
    },
    "2014-03-31": {
        "Diluted EPS": -0.17,
        "Total Revenue": 130,
        "Gross Profit": 91,
        "Operating Income": -16,
        "EBIT": 7,
        "Net Income": -24
    },
    "2013-12-31": {
        "Diluted EPS": 0.12,
        "Total Revenue": 154,
        "Gross Profit": 112,
        "Operating Income": 6,
        "EBIT": 11,
        "Net Income": 18
    },
    "2013-09-30": {
        "Diluted EPS": -0.06,
        "Total Revenue": 140,
        "Gross Profit": 94,
        "Operating Income": -4,
        "EBIT": 20,
        "Net Income": -8
    },
    "2013-06-30": {
        "Diluted EPS": 0.05,
        "Total Revenue": 139,
        "Gross Profit": 93,
        "Operating Income": 14,
        "EBIT": 37,
        "Net Income": 7
    },
    "2013-03-31": {
        "Diluted EPS": 0.02,
        "Total Revenue": 163,
        "Gross Profit": 115,
        "Operating Income": 19,
        "EBIT": 37,
        "Net Income": 3
    },
    "2012-12-31": {
        "Diluted EPS": 0.12,
        "Total Revenue": 136,
        "Gross Profit": 97,
        "Operating Income": 25,
        "EBIT": 44,
        "Net Income": 16
    },
    "2012-09-30": {
        "Diluted EPS": -0.13,
        "Total Revenue": 124,
        "Gross Profit": 82,
        "Operating Income": 5,
        "EBIT": 24,
        "Net Income": -17
    },
    "2012-06-30": {
        "Diluted EPS": 0.17,
        "Total Revenue": 152,
        "Gross Profit": 110,
        "Operating Income": 32,
        "EBIT": 32,
        "Net Income": 22
    },
    "2012-03-31": {
        "Diluted EPS": -0.49,
        "Total Revenue": 130,
        "Gross Profit": 79,
        "Operating Income": -58,
        "EBIT": -58,
        "Net Income": -63
    },
    "2011-12-31": {
        "Diluted EPS": -0.11,
        "Total Revenue": 126,
        "Gross Profit": 83,
        "Operating Income": 126,
        "EBIT": 147,
        "Net Income": -15
    },
    "2011-09-30": {
        "Diluted EPS": -0.22,
        "Total Revenue": 72,
        "Gross Profit": 54,
        "Operating Income": -12,
        "EBIT": -7,
        "Net Income": -22
    },
    "2011-06-30": {
        "Diluted EPS": -0.14,
        "Total Revenue": 62,
        "Gross Profit": 46,
        "Operating Income": -14,
        "EBIT": -14,
        "Net Income": -13
    },
    "2011-03-31": {
        "Diluted EPS": 0.0,
        "Total Revenue": NaN,
        "Gross Profit": NaN,
        "Operating Income": NaN,
        "EBIT": NaN,
        "Net Income": NaN
    },
    "2010-12-31": {
        "Diluted EPS": -0.12,
        "Total Revenue": 44,
        "Gross Profit": 31,
        "Operating Income": 44,
        "EBIT": 46,
        "Net Income": -11
    },
    "2010-09-30": {
        "Diluted EPS": -0.08,
        "Total Revenue": 49,
        "Gross Profit": 35,
        "Operating Income": -7,
        "EBIT": -5,
        "Net Income": -8
    },
    "2010-06-30": {
        "Diluted EPS": -0.14,
        "Total Revenue": 42,
        "Gross Profit": 30,
        "Operating Income": -13,
        "EBIT": -13,
        "Net Income": -13
    },
    "2010-03-31": {
        "Diluted EPS": 0.0,
        "Total Revenue": NaN,
        "Gross Profit": NaN,
        "Operating Income": NaN,
        "EBIT": NaN,
        "Net Income": NaN
    },
    "2009-12-31": {
        "Diluted EPS": -0.07,
        "Total Revenue": 44,
        "Gross Profit": 34,
        "Operating Income": 44,
        "EBIT": 49,
        "Net Income": -7
    },
    "2009-09-30": {
        "Diluted EPS": -0.09,
        "Total Revenue": 48,
        "Gross Profit": 33,
        "Operating Income": -8,
        "EBIT": -3,
        "Net Income": -9
    },
    "2009-06-30": {
        "Diluted EPS": -0.11,
        "Total Revenue": 47,
        "Gross Profit": 35,
        "Operating Income": -10,
        "EBIT": -10,
        "Net Income": -10
    },
    "2009-03-31": {
        "Diluted EPS": 0.0,
        "Total Revenue": NaN,
        "Gross Profit": NaN,
        "Operating Income": NaN,
        "EBIT": NaN,
        "Net Income": NaN
    },
    "2023-09-30": {
        "Tax Effect Of Unusual Items": 0.0,
        "Tax Rate For Calcs": 0.012437,
        "Normalized EBITDA": 117374000.0,
        "Total Unusual Items": 0.0,
        "Total Unusual Items Excluding Goodwill": 0.0,
        "Net Income From Continuing Operation Net Minority Interest": 91554000.0,
        "Reconciled Depreciation": 18661000.0,
        "Reconciled Cost Of Revenue": 51832000.0,
        "EBITDA": 117374000.0,
        "EBIT": 98713000.0,
        "Net Interest Income": 3364000.0,
        "Interest Expense": 6006000.0,
        "Interest Income": 9370000.0,
        "Normalized Income": 91554000.0,
        "Net Income From Continuing And Discontinued Operation": 47758000.0,
        "Total Expenses": 291744000.0,
        "Total Operating Income As Reported": 89194000.0,
        "Diluted Average Shares": 171903000.0,
        "Basic Average Shares": 166607000.0,
        "Diluted EPS": 0.28,
        "Basic EPS": 0.29,
        "Diluted NI Availto Com Stockholders": 47758000.0,
        "Net Income Common Stockholders": 47758000.0,
        "Net Income": 47758000.0,
        "Net Income Including Noncontrolling Interests": 47758000.0,
        "Net Income Discontinuous Operations": -43796000.0,
        "Net Income Continuous Operations": 91554000.0,
        "Tax Provision": 1153000.0,
        "Pretax Income": 92707000.0,
        "Other Income Expense": 149000.0,
        "Other Non Operating Income Expenses": 149000.0,
        "Special Income Charges": 0.0,
        "Restructuring And Mergern Acquisition": 0.0,
        "Net Non Operating Interest Income Expense": 3364000.0,
        "Interest Expense Non Operating": 6006000.0,
        "Interest Income Non Operating": 9370000.0,
        "Operating Income": 89194000.0,
        "Operating Expense": 230246000.0,
        "Depreciation Amortization Depletion Income Statement": 8995000.0,
        "Depreciation And Amortization In Income Statement": 8995000.0,
        "Amortization": 8995000.0,
        "Amortization Of Intangibles Income Statement": 8995000.0,
        "Research And Development": 64878000.0,
        "Selling General And Administration": 156373000.0,
        "Selling And Marketing Expense": 114800000.0,
        "General And Administrative Expense": 41573000.0,
        "Other Gand A": 41573000.0,
        "Gross Profit": 319440000.0,
        "Cost Of Revenue": 61498000.0,
        "Total Revenue": 380938000.0,
        "Operating Revenue": 380938000.0
    },
    "2023-12-31": {
        "Tax Effect Of Unusual Items": 0.0,
        "Tax Rate For Calcs": 0.21,
        "Normalized EBITDA": 206855000.0,
        "Total Unusual Items": 0.0,
        "Total Unusual Items Excluding Goodwill": 0.0,
        "Net Income From Continuing Operation Net Minority Interest": 276179000.0,
        "Reconciled Depreciation": 18541000.0,
        "Reconciled Cost Of Revenue": 60548000.0,
        "EBITDA": 206855000.0,
        "EBIT": 188314000.0,
        "Net Interest Income": 3695000.0,
        "Interest Expense": 6054000.0,
        "Interest Income": 9749000.0,
        "Normalized Income": 276179000.0,
        "Net Income From Continuing And Discontinued Operation": 112779000.0,
        "Total Expenses": 198900000.0,
        "Total Operating Income As Reported": 178575000.0,
        "Diluted Average Shares": 170138000.0,
        "Basic Average Shares": 166898000.0,
        "Diluted EPS": 0.66,
        "Basic EPS": 0.68,
        "Diluted NI Availto Com Stockholders": 112779000.0,
        "Net Income Common Stockholders": 112779000.0,
        "Net Income": 112779000.0,
        "Net Income Including Noncontrolling Interests": 112779000.0,
        "Net Income Discontinuous Operations": NaN,
        "Net Income Continuous Operations": 276179000.0,
        "Tax Provision": -93919000.0,
        "Pretax Income": 182260000.0,
        "Other Income Expense": -10000.0,
        "Other Non Operating Income Expenses": -10000.0,
        "Special Income Charges": 0.0,
        "Restructuring And Mergern Acquisition": 0.0,
        "Net Non Operating Interest Income Expense": 3695000.0,
        "Interest Expense Non Operating": 6054000.0,
        "Interest Income Non Operating": 9749000.0,
        "Operating Income": 178575000.0,
        "Operating Expense": 128807000.0,
        "Depreciation Amortization Depletion Income Statement": 8996000.0,
        "Depreciation And Amortization In Income Statement": 8996000.0,
        "Amortization": 8996000.0,
        "Amortization Of Intangibles Income Statement": 8996000.0,
        "Research And Development": -20759000.0,
        "Selling General And Administration": 140570000.0,
        "Selling And Marketing Expense": 116300000.0,
        "General And Administrative Expense": 24270000.0,
        "Other Gand A": 24270000.0,
        "Gross Profit": 307382000.0,
        "Cost Of Revenue": 70093000.0,
        "Total Revenue": 377475000.0,
        "Operating Revenue": 377475000.0
    },
    "2024-03-31": {
        "Tax Effect Of Unusual Items": 0.0,
        "Tax Rate For Calcs": 0.17,
        "Normalized EBITDA": 60946000.0,
        "Total Unusual Items": NaN,
        "Total Unusual Items Excluding Goodwill": NaN,
        "Net Income From Continuing Operation Net Minority Interest": 38948000.0,
        "Reconciled Depreciation": 8056000.0,
        "Reconciled Cost Of Revenue": 51647000.0,
        "EBITDA": 60946000.0,
        "EBIT": 52890000.0,
        "Net Interest Income": 3421000.0,
        "Interest Expense": 5978000.0,
        "Interest Income": 9399000.0,
        "Normalized Income": 38948000.0,
        "Net Income From Continuing And Discontinued Operation": 36828000.0,
        "Total Expenses": 307063000.0,
        "Total Operating Income As Reported": 43309000.0,
        "Diluted Average Shares": 172981000.0,
        "Basic Average Shares": 167984000.0,
        "Diluted EPS": 0.21,
        "Basic EPS": 0.22,
        "Diluted NI Availto Com Stockholders": 36828000.0,
        "Net Income Common Stockholders": 36828000.0,
        "Net Income": 36828000.0,
        "Net Income Including Noncontrolling Interests": 36828000.0,
        "Net Income Discontinuous Operations": -2120000.0,
        "Net Income Continuous Operations": 38948000.0,
        "Tax Provision": 7964000.0,
        "Pretax Income": 46912000.0,
        "Other Income Expense": 182000.0,
        "Other Non Operating Income Expenses": 182000.0,
        "Special Income Charges": NaN,
        "Restructuring And Mergern Acquisition": NaN,
        "Net Non Operating Interest Income Expense": 3421000.0,
        "Interest Expense Non Operating": 5978000.0,
        "Interest Income Non Operating": 9399000.0,
        "Operating Income": 43309000.0,
        "Operating Expense": 248419000.0,
        "Depreciation Amortization Depletion Income Statement": 1059000.0,
        "Depreciation And Amortization In Income Statement": 1059000.0,
        "Amortization": 1059000.0,
        "Amortization Of Intangibles Income Statement": 1059000.0,
        "Research And Development": 67611000.0,
        "Selling General And Administration": 179749000.0,
        "Selling And Marketing Expense": 125600000.0,
        "General And Administrative Expense": 54149000.0,
        "Other Gand A": 54149000.0,
        "Gross Profit": 291728000.0,
        "Cost Of Revenue": 58644000.0,
        "Total Revenue": 350372000.0,
        "Operating Revenue": 350372000.0
    },
    "2024-06-30": {
        "Tax Effect Of Unusual Items": 0.0,
        "Tax Rate For Calcs": 0.18901,
        "Normalized EBITDA": 129329000.0,
        "Total Unusual Items": NaN,
        "Total Unusual Items Excluding Goodwill": NaN,
        "Net Income From Continuing Operation Net Minority Interest": 94658000.0,
        "Reconciled Depreciation": 6658000.0,
        "Reconciled Cost Of Revenue": 54828000.0,
        "EBITDA": 129329000.0,
        "EBIT": 122671000.0,
        "Net Interest Income": 4783000.0,
        "Interest Expense": 5952000.0,
        "Interest Income": 10735000.0,
        "Normalized Income": 94658000.0,
        "Net Income From Continuing And Discontinued Operation": 91358000.0,
        "Total Expenses": 289248000.0,
        "Total Operating Income As Reported": 109883000.0,
        "Diluted Average Shares": 170977000.0,
        "Basic Average Shares": 168321000.0,
        "Diluted EPS": 0.53,
        "Basic EPS": 0.54,
        "Diluted NI Availto Com Stockholders": 91358000.0,
        "Net Income Common Stockholders": 91358000.0,
        "Net Income": 91358000.0,
        "Net Income Including Noncontrolling Interests": 91358000.0,
        "Net Income Discontinuous Operations": -3300000.0,
        "Net Income Continuous Operations": 94658000.0,
        "Tax Provision": 22061000.0,
        "Pretax Income": 116719000.0,
        "Other Income Expense": 2053000.0,
        "Other Non Operating Income Expenses": 2053000.0,
        "Special Income Charges": NaN,
        "Restructuring And Mergern Acquisition": NaN,
        "Net Non Operating Interest Income Expense": 4783000.0,
        "Interest Expense Non Operating": 5952000.0,
        "Interest Income Non Operating": 10735000.0,
        "Operating Income": 109883000.0,
        "Operating Expense": 227776000.0,
        "Depreciation Amortization Depletion Income Statement": 14000.0,
        "Depreciation And Amortization In Income Statement": 14000.0,
        "Amortization": 14000.0,
        "Amortization Of Intangibles Income Statement": 14000.0,
        "Research And Development": 59649000.0,
        "Selling General And Administration": 168113000.0,
        "Selling And Marketing Expense": 119700000.0,
        "General And Administrative Expense": 48413000.0,
        "Other Gand A": 48413000.0,
        "Gross Profit": 337659000.0,
        "Cost Of Revenue": 61472000.0,
        "Total Revenue": 399131000.0,
        "Operating Revenue": 399131000.0
    },
    "2024-09-30": {
        "Tax Effect Of Unusual Items": 0.0,
        "Tax Rate For Calcs": 0.158169,
        "Normalized EBITDA": 123202000.0,
        "Total Unusual Items": NaN,
        "Total Unusual Items Excluding Goodwill": NaN,
        "Net Income From Continuing Operation Net Minority Interest": 92795000.0,
        "Reconciled Depreciation": 6972000.0,
        "Reconciled Cost Of Revenue": 56141000.0,
        "EBITDA": 123202000.0,
        "EBIT": 116230000.0,
        "Net Interest Income": 4916000.0,
        "Interest Expense": 6000000.0,
        "Interest Income": 10916000.0,
        "Normalized Income": 92795000.0,
        "Net Income From Continuing And Discontinued Operation": 92381000.0,
        "Total Expenses": 273387000.0,
        "Total Operating Income As Reported": 104756000.0,
        "Diluted Average Shares": 167025000.0,
        "Basic Average Shares": 163368000.0,
        "Diluted EPS": 0.55,
        "Basic EPS": 0.57,
        "Diluted NI Availto Com Stockholders": 92381000.0,
        "Net Income Common Stockholders": 92381000.0,
        "Net Income": 92381000.0,
        "Net Income Including Noncontrolling Interests": 92381000.0,
        "Net Income Discontinuous Operations": -414000.0,
        "Net Income Continuous Operations": 92795000.0,
        "Tax Provision": 17435000.0,
        "Pretax Income": 110230000.0,
        "Other Income Expense": 558000.0,
        "Other Non Operating Income Expenses": 558000.0,
        "Special Income Charges": NaN,
        "Restructuring And Mergern Acquisition": NaN,
        "Net Non Operating Interest Income Expense": 4916000.0,
        "Interest Expense Non Operating": 6000000.0,
        "Interest Income Non Operating": 10916000.0,
        "Operating Income": 104756000.0,
        "Operating Expense": 210288000.0,
        "Depreciation Amortization Depletion Income Statement": 14000.0,
        "Depreciation And Amortization In Income Statement": 14000.0,
        "Amortization": 14000.0,
        "Amortization Of Intangibles Income Statement": 14000.0,
        "Research And Development": 59892000.0,
        "Selling General And Administration": 150382000.0,
        "Selling And Marketing Expense": 102100000.0,
        "General And Administrative Expense": 48282000.0,
        "Other Gand A": 48282000.0,
        "Gross Profit": 315044000.0,
        "Cost Of Revenue": 63099000.0,
        "Total Revenue": 378143000.0,
        "Operating Revenue": 378143000.0
    }
}