{
    "2023-03-31": {
        "Tax Effect Of Unusual Items": 9600.0,
        "Tax Rate For Calcs": 0.4,
        "Normalized EBITDA": -12448000.0,
        "Total Unusual Items": 24000.0,
        "Total Unusual Items Excluding Goodwill": 24000.0,
        "Net Income From Continuing Operation Net Minority Interest": -16963000.0,
        "Reconciled Depreciation": 2586000.0,
        "Reconciled Cost Of Revenue": 25632000.0,
        "EBITDA": -12424000.0,
        "EBIT": -15010000.0,
        "Net Interest Income": -31000.0,
        "Interest Expense": 1757000.0,
        "Interest Income": 1726000.0,
        "Normalized Income": -16977400.0,
        "Net Income From Continuing And Discontinued Operation": -16963000.0,
        "Total Expenses": 76756000.0,
        "Total Operating Income As Reported": -16946000.0,
        "Diluted Average Shares": 92397341.0,
        "Basic Average Shares": 92397341.0,
        "Diluted EPS": -0.18,
        "Basic EPS": -0.18,
        "Diluted NI Availto Com Stockholders": -16963000.0,
        "Net Income Common Stockholders": -16963000.0,
        "Net Income": -16963000.0,
        "Net Income Including Noncontrolling Interests": -16963000.0,
        "Net Income Continuous Operations": -16963000.0,
        "Tax Provision": 196000.0,
        "Pretax Income": -16767000.0,
        "Other Income Expense": 24000.0,
        "Special Income Charges": -186000.0,
        "Restructuring And Mergern Acquisition": 186000.0,
        "Gain On Sale Of Security": 210000.0,
        "Net Non Operating Interest Income Expense": -31000.0,
        "Interest Expense Non Operating": 1757000.0,
        "Interest Income Non Operating": 1726000.0,
        "Operating Income": -16760000.0,
        "Operating Expense": 48898000.0,
        "Depreciation Amortization Depletion Income Statement": 360000.0,
        "Depreciation And Amortization In Income Statement": 360000.0,
        "Amortization": 360000.0,
        "Amortization Of Intangibles Income Statement": 360000.0,
        "Research And Development": 20549000.0,
        "Selling General And Administration": 27989000.0,
        "Selling And Marketing Expense": 10878000.0,
        "General And Administrative Expense": 17111000.0,
        "Other Gand A": 17111000.0,
        "Gross Profit": 32138000.0,
        "Cost Of Revenue": 27858000.0,
        "Total Revenue": 59996000.0,
        "Operating Revenue": 59996000.0
    },
    "2022-12-31": {
        "Tax Effect Of Unusual Items": 1282803.961122,
        "Tax Rate For Calcs": 0.099211,
        "Normalized EBITDA": -14288000.0,
        "Total Unusual Items": 12930000.0,
        "Total Unusual Items Excluding Goodwill": 12930000.0,
        "Net Income From Continuing Operation Net Minority Interest": -4912000.0,
        "Reconciled Depreciation": 2563000.0,
        "Reconciled Cost Of Revenue": 24661000.0,
        "EBITDA": -1358000.0,
        "EBIT": -3921000.0,
        "Net Interest Income": -219000.0,
        "Interest Expense": 1532000.0,
        "Interest Income": 1313000.0,
        "Normalized Income": -16559196.038878,
        "Net Income From Continuing And Discontinued Operation": -4912000.0,
        "Total Expenses": 73702000.0,
        "Total Operating Income As Reported": -5480000.0,
        "Diluted Average Shares": 91716901.0,
        "Basic Average Shares": 91716901.0,
        "Diluted EPS": -0.05,
        "Basic EPS": -0.05,
        "Diluted NI Availto Com Stockholders": -4912000.0,
        "Net Income Common Stockholders": -4912000.0,
        "Net Income": -4912000.0,
        "Net Income Including Noncontrolling Interests": -4912000.0,
        "Net Income Continuous Operations": -4912000.0,
        "Tax Provision": -541000.0,
        "Pretax Income": -5453000.0,
        "Other Income Expense": 12930000.0,
        "Special Income Charges": 12684000.0,
        "Restructuring And Mergern Acquisition": -12684000.0,
        "Gain On Sale Of Security": 246000.0,
        "Net Non Operating Interest Income Expense": -219000.0,
        "Interest Expense Non Operating": 1532000.0,
        "Interest Income Non Operating": 1313000.0,
        "Operating Income": -18164000.0,
        "Operating Expense": 46837000.0,
        "Depreciation Amortization Depletion Income Statement": 359000.0,
        "Depreciation And Amortization In Income Statement": 359000.0,
        "Amortization": 359000.0,
        "Amortization Of Intangibles Income Statement": 359000.0,
        "Research And Development": 20356000.0,
        "Selling General And Administration": 26122000.0,
        "Selling And Marketing Expense": 8989000.0,
        "General And Administrative Expense": 17133000.0,
        "Other Gand A": 17133000.0,
        "Gross Profit": 28673000.0,
        "Cost Of Revenue": 26865000.0,
        "Total Revenue": 55538000.0,
        "Operating Revenue": 55538000.0
    },
    "2022-09-30": {
        "Tax Effect Of Unusual Items": -6419.354839,
        "Tax Rate For Calcs": 0.008065,
        "Normalized EBITDA": -15681000.0,
        "Total Unusual Items": -796000.0,
        "Total Unusual Items Excluding Goodwill": -796000.0,
        "Net Income From Continuing Operation Net Minority Interest": -20049000.0,
        "Reconciled Depreciation": 2550000.0,
        "Reconciled Cost Of Revenue": 23664000.0,
        "EBITDA": -16477000.0,
        "EBIT": -19027000.0,
        "Net Interest Income": -334000.0,
        "Interest Expense": 1185000.0,
        "Interest Income": 851000.0,
        "Normalized Income": -19259419.354839,
        "Net Income From Continuing And Discontinued Operation": -20049000.0,
        "Total Expenses": 72494000.0,
        "Total Operating Income As Reported": -19819000.0,
        "Diluted Average Shares": 91182235.0,
        "Basic Average Shares": 91182235.0,
        "Diluted EPS": -0.22,
        "Basic EPS": -0.22,
        "Diluted NI Availto Com Stockholders": -20049000.0,
        "Net Income Common Stockholders": -20049000.0,
        "Net Income": -20049000.0,
        "Net Income Including Noncontrolling Interests": -20049000.0,
        "Net Income Continuous Operations": -20049000.0,
        "Tax Provision": -163000.0,
        "Pretax Income": -20212000.0,
        "Other Income Expense": -796000.0,
        "Special Income Charges": -737000.0,
        "Restructuring And Mergern Acquisition": 737000.0,
        "Gain On Sale Of Security": -59000.0,
        "Net Non Operating Interest Income Expense": -334000.0,
        "Interest Expense Non Operating": 1185000.0,
        "Interest Income Non Operating": 851000.0,
        "Operating Income": -19082000.0,
        "Operating Expense": 46650000.0,
        "Depreciation Amortization Depletion Income Statement": 370000.0,
        "Depreciation And Amortization In Income Statement": 370000.0,
        "Amortization": 370000.0,
        "Amortization Of Intangibles Income Statement": 370000.0,
        "Research And Development": 18222000.0,
        "Selling General And Administration": 28058000.0,
        "Selling And Marketing Expense": 9721000.0,
        "General And Administrative Expense": 18337000.0,
        "Other Gand A": 18337000.0,
        "Gross Profit": 27568000.0,
        "Cost Of Revenue": 25844000.0,
        "Total Revenue": 53412000.0,
        "Operating Revenue": 53412000.0
    },
    "2022-06-30": {
        "Tax Effect Of Unusual Items": -450400.0,
        "Tax Rate For Calcs": 0.4,
        "Normalized EBITDA": -17833000.0,
        "Total Unusual Items": -1126000.0,
        "Total Unusual Items Excluding Goodwill": -1126000.0,
        "Net Income From Continuing Operation Net Minority Interest": -20233000.0,
        "Reconciled Depreciation": 331000.0,
        "Reconciled Cost Of Revenue": 23257000.0,
        "EBITDA": -18959000.0,
        "EBIT": -19290000.0,
        "Net Interest Income": -363000.0,
        "Interest Expense": 787000.0,
        "Interest Income": 424000.0,
        "Normalized Income": -19557400.0,
        "Net Income From Continuing And Discontinued Operation": -20233000.0,
        "Total Expenses": 69118000.0,
        "Total Operating Income As Reported": -19384000.0,
        "Diluted Average Shares": 90707381.0,
        "Basic Average Shares": 90707381.0,
        "Diluted EPS": -0.22,
        "Basic EPS": -0.22,
        "Diluted NI Availto Com Stockholders": -20233000.0,
        "Net Income Common Stockholders": -20233000.0,
        "Net Income": -20233000.0,
        "Net Income Including Noncontrolling Interests": -20233000.0,
        "Net Income Continuous Operations": -20233000.0,
        "Tax Provision": 156000.0,
        "Pretax Income": -20077000.0,
        "Other Income Expense": -1126000.0,
        "Special Income Charges": -872000.0,
        "Other Special Charges": 76000.0,
        "Restructuring And Mergern Acquisition": 796000.0,
        "Gain On Sale Of Security": -254000.0,
        "Net Non Operating Interest Income Expense": -363000.0,
        "Interest Expense Non Operating": 787000.0,
        "Interest Income Non Operating": 424000.0,
        "Operating Income": -18588000.0,
        "Operating Expense": 45861000.0,
        "Depreciation Amortization Depletion Income Statement": 331000.0,
        "Depreciation And Amortization In Income Statement": 331000.0,
        "Amortization": 331000.0,
        "Amortization Of Intangibles Income Statement": 331000.0,
        "Research And Development": 16595000.0,
        "Selling General And Administration": 28935000.0,
        "Selling And Marketing Expense": 10204000.0,
        "General And Administrative Expense": 18731000.0,
        "Other Gand A": 18731000.0,
        "Gross Profit": 27273000.0,
        "Cost Of Revenue": 23257000.0,
        "Total Revenue": 50530000.0,
        "Operating Revenue": 50530000.0
    },
    "2023-06-30": {
        "Tax Effect Of Unusual Items": -9600.0,
        "Tax Rate For Calcs": 0.4,
        "Normalized EBITDA": -13263000.0,
        "Total Unusual Items": -24000.0,
        "Total Unusual Items Excluding Goodwill": -24000.0,
        "Net Income From Continuing Operation Net Minority Interest": -17761000.0,
        "Reconciled Depreciation": 2560000.0,
        "Reconciled Cost Of Revenue": 28086000.0,
        "EBITDA": -13287000.0,
        "EBIT": -15847000.0,
        "Net Interest Income": 190000.0,
        "Interest Expense": 1826000.0,
        "Interest Income": 2016000.0,
        "Normalized Income": -17746600.0,
        "Net Income From Continuing And Discontinued Operation": -17761000.0,
        "Total Expenses": 83602000.0,
        "Total Operating Income As Reported": -17873000.0,
        "Diluted Average Shares": 93334725.0,
        "Basic Average Shares": 93334725.0,
        "Diluted EPS": -0.19,
        "Basic EPS": -0.19,
        "Diluted NI Availto Com Stockholders": -17761000.0,
        "Net Income Common Stockholders": -17761000.0,
        "Net Income": -17761000.0,
        "Net Income Including Noncontrolling Interests": -17761000.0,
        "Net Income Continuous Operations": -17761000.0,
        "Tax Provision": 88000.0,
        "Pretax Income": -17673000.0,
        "Other Income Expense": -24000.0,
        "Special Income Charges": -34000.0,
        "Restructuring And Mergern Acquisition": 34000.0,
        "Gain On Sale Of Security": 10000.0,
        "Net Non Operating Interest Income Expense": 190000.0,
        "Interest Expense Non Operating": 1826000.0,
        "Interest Income Non Operating": 2016000.0,
        "Operating Income": -17839000.0,
        "Operating Expense": 53313000.0,
        "Depreciation Amortization Depletion Income Statement": 357000.0,
        "Depreciation And Amortization In Income Statement": 357000.0,
        "Amortization": 357000.0,
        "Amortization Of Intangibles Income Statement": 357000.0,
        "Research And Development": 20866000.0,
        "Selling General And Administration": 32090000.0,
        "Selling And Marketing Expense": 13883000.0,
        "General And Administrative Expense": 18207000.0,
        "Other Gand A": 18207000.0,
        "Gross Profit": 35474000.0,
        "Cost Of Revenue": 30289000.0,
        "Total Revenue": 65763000.0,
        "Operating Revenue": 65763000.0
    },
    "2022-03-31": {
        "Diluted EPS": -0.15,
        "Total Revenue": 45,
        "Gross Profit": 25,
        "Operating Income": -13,
        "EBIT": -12,
        "Net Income": -13
    },
    "2021-12-31": {
        "Diluted EPS": 1.55,
        "Total Revenue": 42,
        "Gross Profit": 23,
        "Operating Income": -13,
        "EBIT": -12,
        "Net Income": -13
    },
    "2021-09-30": {
        "Diluted EPS": -0.13,
        "Total Revenue": 40,
        "Gross Profit": 22,
        "Operating Income": -11,
        "EBIT": -10,
        "Net Income": -11
    },
    "2021-06-30": {
        "Diluted EPS": -0.15,
        "Total Revenue": 37,
        "Gross Profit": 21,
        "Operating Income": -10,
        "EBIT": -9,
        "Net Income": -11
    },
    "2021-03-31": {
        "Diluted EPS": -2.0,
        "Total Revenue": 33,
        "Gross Profit": 18,
        "Operating Income": -9,
        "EBIT": -8,
        "Net Income": -11
    },
    "2020-12-31": {
        "Diluted EPS": -2.5,
        "Total Revenue": 33,
        "Gross Profit": 19,
        "Operating Income": -11,
        "EBIT": -10,
        "Net Income": -12
    },
    "2020-09-30": {
        "Diluted EPS": -5.34,
        "Total Revenue": 29,
        "Gross Profit": 15,
        "Operating Income": -7,
        "EBIT": -6,
        "Net Income": -26
    },
    "2020-06-30": {
        "Diluted EPS": -1.63,
        "Total Revenue": 27,
        "Gross Profit": 13,
        "Operating Income": -7,
        "EBIT": -6,
        "Net Income": -8
    },
    "2020-03-31": {
        "Diluted EPS": -2.31,
        "Total Revenue": 23,
        "Gross Profit": 11,
        "Operating Income": -10,
        "EBIT": -10,
        "Net Income": -11
    },
    "2019-12-31": {
        "Diluted EPS": 0.0,
        "Total Revenue": NaN,
        "Gross Profit": NaN,
        "Operating Income": NaN,
        "EBIT": NaN,
        "Net Income": NaN
    }
}