{
    "2023-03-31": {
        "Tax Effect Of Unusual Items": NaN,
        "Tax Rate For Calcs": NaN,
        "Normalized EBITDA": NaN,
        "Net Income From Continuing Operation Net Minority Interest": NaN,
        "Reconciled Depreciation": NaN,
        "Reconciled Cost Of Revenue": NaN,
        "EBITDA": NaN,
        "EBIT": NaN,
        "Net Interest Income": NaN,
        "Interest Income": NaN,
        "Normalized Income": NaN,
        "Net Income From Continuing And Discontinued Operation": NaN,
        "Total Expenses": NaN,
        "Total Operating Income As Reported": NaN,
        "Diluted Average Shares": NaN,
        "Basic Average Shares": NaN,
        "Diluted EPS": NaN,
        "Basic EPS": NaN,
        "Diluted NI Availto Com Stockholders": NaN,
        "Net Income Common Stockholders": NaN,
        "Net Income": NaN,
        "Net Income Including Noncontrolling Interests": NaN,
        "Net Income Continuous Operations": NaN,
        "Tax Provision": NaN,
        "Pretax Income": NaN,
        "Net Non Operating Interest Income Expense": NaN,
        "Total Other Finance Cost": -794000.0,
        "Interest Income Non Operating": NaN,
        "Operating Income": NaN,
        "Operating Expense": NaN,
        "Research And Development": NaN,
        "Selling General And Administration": NaN,
        "Selling And Marketing Expense": NaN,
        "General And Administrative Expense": NaN,
        "Other Gand A": NaN,
        "Gross Profit": NaN,
        "Cost Of Revenue": NaN,
        "Total Revenue": NaN,
        "Operating Revenue": NaN
    },
    "2022-12-31": {
        "Tax Effect Of Unusual Items": NaN,
        "Tax Rate For Calcs": NaN,
        "Normalized EBITDA": NaN,
        "Net Income From Continuing Operation Net Minority Interest": NaN,
        "Reconciled Depreciation": NaN,
        "Reconciled Cost Of Revenue": NaN,
        "EBITDA": NaN,
        "EBIT": NaN,
        "Net Interest Income": NaN,
        "Interest Income": 542000.0,
        "Normalized Income": NaN,
        "Net Income From Continuing And Discontinued Operation": NaN,
        "Total Expenses": NaN,
        "Total Operating Income As Reported": NaN,
        "Diluted Average Shares": NaN,
        "Basic Average Shares": NaN,
        "Diluted EPS": NaN,
        "Basic EPS": NaN,
        "Diluted NI Availto Com Stockholders": NaN,
        "Net Income Common Stockholders": NaN,
        "Net Income": NaN,
        "Net Income Including Noncontrolling Interests": NaN,
        "Net Income Continuous Operations": NaN,
        "Tax Provision": NaN,
        "Pretax Income": NaN,
        "Net Non Operating Interest Income Expense": NaN,
        "Total Other Finance Cost": NaN,
        "Interest Income Non Operating": 542000.0,
        "Operating Income": NaN,
        "Operating Expense": NaN,
        "Research And Development": NaN,
        "Selling General And Administration": NaN,
        "Selling And Marketing Expense": NaN,
        "General And Administrative Expense": NaN,
        "Other Gand A": NaN,
        "Gross Profit": NaN,
        "Cost Of Revenue": NaN,
        "Total Revenue": NaN,
        "Operating Revenue": NaN
    },
    "2022-09-30": {
        "Tax Effect Of Unusual Items": NaN,
        "Tax Rate For Calcs": NaN,
        "Normalized EBITDA": NaN,
        "Net Income From Continuing Operation Net Minority Interest": NaN,
        "Reconciled Depreciation": NaN,
        "Reconciled Cost Of Revenue": NaN,
        "EBITDA": NaN,
        "EBIT": NaN,
        "Net Interest Income": NaN,
        "Interest Income": 471000.0,
        "Normalized Income": NaN,
        "Net Income From Continuing And Discontinued Operation": NaN,
        "Total Expenses": NaN,
        "Total Operating Income As Reported": NaN,
        "Diluted Average Shares": NaN,
        "Basic Average Shares": NaN,
        "Diluted EPS": NaN,
        "Basic EPS": NaN,
        "Diluted NI Availto Com Stockholders": NaN,
        "Net Income Common Stockholders": NaN,
        "Net Income": NaN,
        "Net Income Including Noncontrolling Interests": NaN,
        "Net Income Continuous Operations": NaN,
        "Tax Provision": NaN,
        "Pretax Income": NaN,
        "Net Non Operating Interest Income Expense": NaN,
        "Total Other Finance Cost": -471000.0,
        "Interest Income Non Operating": 471000.0,
        "Operating Income": NaN,
        "Operating Expense": NaN,
        "Research And Development": NaN,
        "Selling General And Administration": NaN,
        "Selling And Marketing Expense": NaN,
        "General And Administrative Expense": NaN,
        "Other Gand A": NaN,
        "Gross Profit": NaN,
        "Cost Of Revenue": NaN,
        "Total Revenue": NaN,
        "Operating Revenue": NaN
    },
    "2022-06-30": {
        "Tax Effect Of Unusual Items": 0.0,
        "Tax Rate For Calcs": 0.4,
        "Normalized EBITDA": -4906000.0,
        "Net Income From Continuing Operation Net Minority Interest": -6233000.0,
        "Reconciled Depreciation": 1567000.0,
        "Reconciled Cost Of Revenue": 10242000.0,
        "EBITDA": -4906000.0,
        "EBIT": -6473000.0,
        "Net Interest Income": 620000.0,
        "Interest Income": 620000.0,
        "Normalized Income": -6233000.0,
        "Net Income From Continuing And Discontinued Operation": -6233000.0,
        "Total Expenses": 39245000.0,
        "Total Operating Income As Reported": -6473000.0,
        "Diluted Average Shares": 36827197.0,
        "Basic Average Shares": 36827197.0,
        "Diluted EPS": -0.17,
        "Basic EPS": -0.17,
        "Diluted NI Availto Com Stockholders": -6233000.0,
        "Net Income Common Stockholders": -6233000.0,
        "Net Income": -6233000.0,
        "Net Income Including Noncontrolling Interests": -6233000.0,
        "Net Income Continuous Operations": -6233000.0,
        "Tax Provision": 380000.0,
        "Pretax Income": -5853000.0,
        "Net Non Operating Interest Income Expense": 620000.0,
        "Total Other Finance Cost": -620000.0,
        "Interest Income Non Operating": 620000.0,
        "Operating Income": -6473000.0,
        "Operating Expense": 29003000.0,
        "Research And Development": 12480000.0,
        "Selling General And Administration": 16523000.0,
        "Selling And Marketing Expense": 12220000.0,
        "General And Administrative Expense": 4303000.0,
        "Other Gand A": 4303000.0,
        "Gross Profit": 22530000.0,
        "Cost Of Revenue": 10242000.0,
        "Total Revenue": 32772000.0,
        "Operating Revenue": 32772000.0
    },
    "2022-03-31": {
        "Diluted EPS": -0.17,
        "Total Revenue": 32,
        "Gross Profit": 22,
        "Operating Income": -6,
        "EBIT": -4,
        "Net Income": -6
    },
    "2021-12-31": {
        "Diluted EPS": -0.12,
        "Total Revenue": 41,
        "Gross Profit": 28,
        "Operating Income": -4,
        "EBIT": -2,
        "Net Income": -4
    },
    "2021-09-30": {
        "Diluted EPS": -0.08,
        "Total Revenue": 38,
        "Gross Profit": 27,
        "Operating Income": -2,
        "EBIT": -1,
        "Net Income": -3
    },
    "2021-06-30": {
        "Diluted EPS": -0.11,
        "Total Revenue": 35,
        "Gross Profit": 24,
        "Operating Income": -4,
        "EBIT": -2,
        "Net Income": -4
    },
    "2021-03-31": {
        "Diluted EPS": -0.11,
        "Total Revenue": 31,
        "Gross Profit": 22,
        "Operating Income": -4,
        "EBIT": -2,
        "Net Income": -4
    },
    "2020-12-31": {
        "Diluted EPS": -0.05,
        "Total Revenue": 39,
        "Gross Profit": 27,
        "Operating Income": -1,
        "EBIT": 0,
        "Net Income": -2
    },
    "2020-09-30": {
        "Diluted EPS": -0.07,
        "Total Revenue": 35,
        "Gross Profit": 24,
        "Operating Income": -3,
        "EBIT": -1,
        "Net Income": -2
    },
    "2020-06-30": {
        "Diluted EPS": -0.1,
        "Total Revenue": 33,
        "Gross Profit": 23,
        "Operating Income": -4,
        "EBIT": -3,
        "Net Income": -4
    },
    "2020-03-31": {
        "Diluted EPS": -0.05,
        "Total Revenue": 29,
        "Gross Profit": 22,
        "Operating Income": -2,
        "EBIT": -1,
        "Net Income": -2
    },
    "2019-12-31": {
        "Diluted EPS": -0.05,
        "Total Revenue": 31,
        "Gross Profit": 21,
        "Operating Income": -2,
        "EBIT": -1,
        "Net Income": -2
    },
    "2019-09-30": {
        "Diluted EPS": -0.06,
        "Total Revenue": 28,
        "Gross Profit": 19,
        "Operating Income": -2,
        "EBIT": -1,
        "Net Income": -2
    },
    "2019-06-30": {
        "Diluted EPS": -0.04,
        "Total Revenue": 27,
        "Gross Profit": 18,
        "Operating Income": -2,
        "EBIT": 0,
        "Net Income": -2
    },
    "2019-03-31": {
        "Diluted EPS": -0.1,
        "Total Revenue": 25,
        "Gross Profit": 18,
        "Operating Income": -3,
        "EBIT": -2,
        "Net Income": -3
    },
    "2018-12-31": {
        "Diluted EPS": -0.06,
        "Total Revenue": 27,
        "Gross Profit": 19,
        "Operating Income": -1,
        "EBIT": 0,
        "Net Income": -2
    },
    "2018-09-30": {
        "Diluted EPS": -0.07,
        "Total Revenue": 24,
        "Gross Profit": 17,
        "Operating Income": -3,
        "EBIT": -2,
        "Net Income": -2
    },
    "2018-06-30": {
        "Diluted EPS": -0.07,
        "Total Revenue": 23,
        "Gross Profit": 16,
        "Operating Income": -3,
        "EBIT": -2,
        "Net Income": -2
    },
    "2018-03-31": {
        "Diluted EPS": -0.11,
        "Total Revenue": 22,
        "Gross Profit": 15,
        "Operating Income": -3,
        "EBIT": -3,
        "Net Income": -4
    },
    "2017-12-31": {
        "Diluted EPS": -0.13,
        "Total Revenue": 23,
        "Gross Profit": 15,
        "Operating Income": -4,
        "EBIT": -3,
        "Net Income": -4
    },
    "2017-09-30": {
        "Diluted EPS": -0.14,
        "Total Revenue": 21,
        "Gross Profit": 13,
        "Operating Income": -4,
        "EBIT": -4,
        "Net Income": -5
    },
    "2017-06-30": {
        "Diluted EPS": -0.12,
        "Total Revenue": 20,
        "Gross Profit": 13,
        "Operating Income": -4,
        "EBIT": -3,
        "Net Income": -4
    },
    "2017-03-31": {
        "Diluted EPS": -0.15,
        "Total Revenue": 18,
        "Gross Profit": 12,
        "Operating Income": -5,
        "EBIT": -4,
        "Net Income": -5
    },
    "2016-12-31": {
        "Diluted EPS": 0.03,
        "Total Revenue": 23,
        "Gross Profit": 16,
        "Operating Income": 1,
        "EBIT": 2,
        "Net Income": 1
    },
    "2016-09-30": {
        "Diluted EPS": -0.1,
        "Total Revenue": 21,
        "Gross Profit": 14,
        "Operating Income": -3,
        "EBIT": -2,
        "Net Income": -3
    },
    "2016-06-30": {
        "Diluted EPS": -0.04,
        "Total Revenue": 23,
        "Gross Profit": 16,
        "Operating Income": -1,
        "EBIT": 0,
        "Net Income": -1
    },
    "2016-03-31": {
        "Diluted EPS": -0.13,
        "Total Revenue": 23,
        "Gross Profit": 16,
        "Operating Income": -4,
        "EBIT": -3,
        "Net Income": -4
    },
    "2015-12-31": {
        "Diluted EPS": -0.31,
        "Total Revenue": 25,
        "Gross Profit": 12,
        "Operating Income": -8,
        "EBIT": 0,
        "Net Income": -10
    },
    "2015-09-30": {
        "Diluted EPS": -0.1,
        "Total Revenue": 23,
        "Gross Profit": 17,
        "Operating Income": -2,
        "EBIT": -1,
        "Net Income": -3
    },
    "2015-06-30": {
        "Diluted EPS": -0.18,
        "Total Revenue": 22,
        "Gross Profit": 15,
        "Operating Income": -6,
        "EBIT": -4,
        "Net Income": -6
    },
    "2015-03-31": {
        "Diluted EPS": 0.0,
        "Total Revenue": 30,
        "Gross Profit": 22,
        "Operating Income": 0,
        "EBIT": 1,
        "Net Income": 0
    },
    "2014-12-31": {
        "Diluted EPS": -0.07,
        "Total Revenue": 31,
        "Gross Profit": 20,
        "Operating Income": -3,
        "EBIT": -1,
        "Net Income": -2
    },
    "2014-09-30": {
        "Diluted EPS": 0.02,
        "Total Revenue": 30,
        "Gross Profit": 22,
        "Operating Income": 1,
        "EBIT": 2,
        "Net Income": 1
    },
    "2014-06-30": {
        "Diluted EPS": -0.02,
        "Total Revenue": 28,
        "Gross Profit": 20,
        "Operating Income": -1,
        "EBIT": 1,
        "Net Income": -1
    },
    "2014-03-31": {
        "Diluted EPS": -0.01,
        "Total Revenue": 28,
        "Gross Profit": 20,
        "Operating Income": -1,
        "EBIT": 1,
        "Net Income": 0
    },
    "2013-12-31": {
        "Diluted EPS": 0.04,
        "Total Revenue": 27,
        "Gross Profit": 20,
        "Operating Income": 1,
        "EBIT": 3,
        "Net Income": 1
    },
    "2013-09-30": {
        "Diluted EPS": -0.06,
        "Total Revenue": 24,
        "Gross Profit": 17,
        "Operating Income": -2,
        "EBIT": -1,
        "Net Income": -2
    },
    "2013-06-30": {
        "Diluted EPS": -0.12,
        "Total Revenue": 21,
        "Gross Profit": 15,
        "Operating Income": -4,
        "EBIT": -3,
        "Net Income": -4
    },
    "2013-03-31": {
        "Diluted EPS": -0.06,
        "Total Revenue": 24,
        "Gross Profit": 17,
        "Operating Income": -2,
        "EBIT": -1,
        "Net Income": -2
    },
    "2012-12-31": {
        "Diluted EPS": -0.46,
        "Total Revenue": 26,
        "Gross Profit": 3,
        "Operating Income": -16,
        "EBIT": -14,
        "Net Income": -15
    },
    "2012-09-30": {
        "Diluted EPS": 0.07,
        "Total Revenue": 28,
        "Gross Profit": 19,
        "Operating Income": 2,
        "EBIT": 4,
        "Net Income": 2
    },
    "2012-06-30": {
        "Diluted EPS": 0.08,
        "Total Revenue": 26,
        "Gross Profit": 19,
        "Operating Income": 3,
        "EBIT": 4,
        "Net Income": 3
    },
    "2012-03-31": {
        "Diluted EPS": 0.1,
        "Total Revenue": 24,
        "Gross Profit": 17,
        "Operating Income": 3,
        "EBIT": 3,
        "Net Income": 3
    },
    "2011-12-31": {
        "Diluted EPS": 0.12,
        "Total Revenue": 22,
        "Gross Profit": 16,
        "Operating Income": 2,
        "EBIT": 2,
        "Net Income": 3
    },
    "2011-09-30": {
        "Diluted EPS": 0.08,
        "Total Revenue": 20,
        "Gross Profit": 14,
        "Operating Income": 3,
        "EBIT": 4,
        "Net Income": 2
    },
    "2011-06-30": {
        "Diluted EPS": 0.06,
        "Total Revenue": 18,
        "Gross Profit": 13,
        "Operating Income": 2,
        "EBIT": 2,
        "Net Income": 2
    },
    "2011-03-31": {
        "Diluted EPS": 0.06,
        "Total Revenue": 17,
        "Gross Profit": 12,
        "Operating Income": 2,
        "EBIT": 2,
        "Net Income": 2
    },
    "2010-12-31": {
        "Diluted EPS": 0.06,
        "Total Revenue": 16,
        "Gross Profit": 12,
        "Operating Income": 1,
        "EBIT": 2,
        "Net Income": 1
    },
    "2010-09-30": {
        "Diluted EPS": 0.03,
        "Total Revenue": 15,
        "Gross Profit": 11,
        "Operating Income": 1,
        "EBIT": 1,
        "Net Income": 1
    },
    "2010-06-30": {
        "Diluted EPS": -0.33,
        "Total Revenue": 14,
        "Gross Profit": 10,
        "Operating Income": 0,
        "EBIT": 0,
        "Net Income": -7
    },
    "2010-03-31": {
        "Diluted EPS": -0.02,
        "Total Revenue": 12,
        "Gross Profit": 9,
        "Operating Income": 0,
        "EBIT": 0,
        "Net Income": 0
    },
    "2009-12-31": {
        "Diluted EPS": -0.07,
        "Total Revenue": 12,
        "Gross Profit": 8,
        "Operating Income": -2,
        "EBIT": -2,
        "Net Income": -2
    },
    "2009-09-30": {
        "Diluted EPS": -0.1,
        "Total Revenue": 11,
        "Gross Profit": 8,
        "Operating Income": -1,
        "EBIT": -1,
        "Net Income": -2
    },
    "2009-06-30": {
        "Diluted EPS": -0.05,
        "Total Revenue": 10,
        "Gross Profit": 7,
        "Operating Income": -1,
        "EBIT": -1,
        "Net Income": -1
    },
    "2009-03-31": {
        "Diluted EPS": -0.13,
        "Total Revenue": 9,
        "Gross Profit": 7,
        "Operating Income": -1,
        "EBIT": -1,
        "Net Income": -3
    },
    "2023-06-30": {
        "Tax Effect Of Unusual Items": NaN,
        "Tax Rate For Calcs": NaN,
        "Normalized EBITDA": NaN,
        "Net Income From Continuing Operation Net Minority Interest": NaN,
        "Reconciled Depreciation": NaN,
        "Reconciled Cost Of Revenue": NaN,
        "EBITDA": NaN,
        "EBIT": NaN,
        "Net Interest Income": NaN,
        "Interest Income": 985000.0,
        "Normalized Income": NaN,
        "Net Income From Continuing And Discontinued Operation": NaN,
        "Total Expenses": NaN,
        "Total Operating Income As Reported": NaN,
        "Diluted Average Shares": NaN,
        "Basic Average Shares": NaN,
        "Diluted EPS": NaN,
        "Basic EPS": NaN,
        "Diluted NI Availto Com Stockholders": NaN,
        "Net Income Common Stockholders": NaN,
        "Net Income": NaN,
        "Net Income Including Noncontrolling Interests": NaN,
        "Net Income Continuous Operations": NaN,
        "Tax Provision": NaN,
        "Pretax Income": NaN,
        "Net Non Operating Interest Income Expense": NaN,
        "Total Other Finance Cost": NaN,
        "Interest Income Non Operating": 985000.0,
        "Operating Income": NaN,
        "Operating Expense": NaN,
        "Research And Development": NaN,
        "Selling General And Administration": NaN,
        "Selling And Marketing Expense": NaN,
        "General And Administrative Expense": NaN,
        "Other Gand A": NaN,
        "Gross Profit": NaN,
        "Cost Of Revenue": NaN,
        "Total Revenue": NaN,
        "Operating Revenue": NaN
    },
    "2023-09-30": {
        "Tax Effect Of Unusual Items": 0.0,
        "Tax Rate For Calcs": 0.23,
        "Normalized EBITDA": -11135000.0,
        "Net Income From Continuing Operation Net Minority Interest": -12361000.0,
        "Reconciled Depreciation": 1528000.0,
        "Reconciled Cost Of Revenue": 12165000.0,
        "EBITDA": -11135000.0,
        "EBIT": -12663000.0,
        "Net Interest Income": 775000.0,
        "Interest Income": NaN,
        "Normalized Income": -12361000.0,
        "Net Income From Continuing And Discontinued Operation": -12361000.0,
        "Total Expenses": 35298000.0,
        "Total Operating Income As Reported": -12663000.0,
        "Diluted Average Shares": 38173533.0,
        "Basic Average Shares": 38173533.0,
        "Diluted EPS": -0.32,
        "Basic EPS": -0.32,
        "Diluted NI Availto Com Stockholders": -12361000.0,
        "Net Income Common Stockholders": -12361000.0,
        "Net Income": -12361000.0,
        "Net Income Including Noncontrolling Interests": -12361000.0,
        "Net Income Continuous Operations": -12361000.0,
        "Tax Provision": 473000.0,
        "Pretax Income": -11888000.0,
        "Net Non Operating Interest Income Expense": 775000.0,
        "Total Other Finance Cost": -775000.0,
        "Interest Income Non Operating": NaN,
        "Operating Income": -12663000.0,
        "Operating Expense": 23133000.0,
        "Research And Development": 9927000.0,
        "Selling General And Administration": 13206000.0,
        "Selling And Marketing Expense": 10384000.0,
        "General And Administrative Expense": 2822000.0,
        "Other Gand A": 2822000.0,
        "Gross Profit": 10470000.0,
        "Cost Of Revenue": 12165000.0,
        "Total Revenue": 22635000.0,
        "Operating Revenue": 22635000.0
    },
    "2023-12-31": {
        "Tax Effect Of Unusual Items": 0.0,
        "Tax Rate For Calcs": 0.23,
        "Normalized EBITDA": -12223000.0,
        "Net Income From Continuing Operation Net Minority Interest": -18349000.0,
        "Reconciled Depreciation": 3404000.0,
        "Reconciled Cost Of Revenue": 12941000.0,
        "EBITDA": -12223000.0,
        "EBIT": -15627000.0,
        "Net Interest Income": 447000.0,
        "Interest Income": NaN,
        "Normalized Income": -18349000.0,
        "Net Income From Continuing And Discontinued Operation": -18349000.0,
        "Total Expenses": 43256000.0,
        "Total Operating Income As Reported": -18914000.0,
        "Diluted Average Shares": 38293808.0,
        "Basic Average Shares": 38293808.0,
        "Diluted EPS": -0.48,
        "Basic EPS": -0.48,
        "Diluted NI Availto Com Stockholders": -18349000.0,
        "Net Income Common Stockholders": -18349000.0,
        "Net Income": -18349000.0,
        "Net Income Including Noncontrolling Interests": -18349000.0,
        "Net Income Continuous Operations": -18349000.0,
        "Tax Provision": 96000.0,
        "Pretax Income": -18253000.0,
        "Net Non Operating Interest Income Expense": 447000.0,
        "Total Other Finance Cost": NaN,
        "Interest Income Non Operating": NaN,
        "Operating Income": -18914000.0,
        "Operating Expense": 30315000.0,
        "Research And Development": 7942000.0,
        "Selling General And Administration": 22373000.0,
        "Selling And Marketing Expense": 12057000.0,
        "General And Administrative Expense": 10316000.0,
        "Other Gand A": 10316000.0,
        "Gross Profit": 11401000.0,
        "Cost Of Revenue": 12941000.0,
        "Total Revenue": 24342000.0,
        "Operating Revenue": 24342000.0
    },
    "2024-03-31": {
        "Tax Effect Of Unusual Items": 0.0,
        "Tax Rate For Calcs": 0.23,
        "Normalized EBITDA": -1376000.0,
        "Net Income From Continuing Operation Net Minority Interest": -2510000.0,
        "Reconciled Depreciation": 1367000.0,
        "Reconciled Cost Of Revenue": 6792000.0,
        "EBITDA": -1376000.0,
        "EBIT": -2743000.0,
        "Net Interest Income": 540000.0,
        "Interest Income": NaN,
        "Normalized Income": -2510000.0,
        "Net Income From Continuing And Discontinued Operation": -2510000.0,
        "Total Expenses": 24633000.0,
        "Total Operating Income As Reported": -2743000.0,
        "Diluted Average Shares": 38411724.0,
        "Basic Average Shares": 38411724.0,
        "Diluted EPS": -0.07,
        "Basic EPS": -0.07,
        "Diluted NI Availto Com Stockholders": -2510000.0,
        "Net Income Common Stockholders": -2510000.0,
        "Net Income": -2510000.0,
        "Net Income Including Noncontrolling Interests": -2510000.0,
        "Net Income Continuous Operations": -2510000.0,
        "Tax Provision": 307000.0,
        "Pretax Income": -2203000.0,
        "Net Non Operating Interest Income Expense": 540000.0,
        "Total Other Finance Cost": -540000.0,
        "Interest Income Non Operating": NaN,
        "Operating Income": -2743000.0,
        "Operating Expense": 17841000.0,
        "Research And Development": 7149000.0,
        "Selling General And Administration": 10692000.0,
        "Selling And Marketing Expense": 7790000.0,
        "General And Administrative Expense": 2902000.0,
        "Other Gand A": 2902000.0,
        "Gross Profit": 15098000.0,
        "Cost Of Revenue": 6792000.0,
        "Total Revenue": 21890000.0,
        "Operating Revenue": 21890000.0
    },
    "2024-06-30": {
        "Tax Effect Of Unusual Items": 0.0,
        "Tax Rate For Calcs": 0.23,
        "Normalized EBITDA": -2057000.0,
        "Net Income From Continuing Operation Net Minority Interest": -3356000.0,
        "Reconciled Depreciation": 1309000.0,
        "Reconciled Cost Of Revenue": 6989000.0,
        "EBITDA": -2057000.0,
        "EBIT": -3366000.0,
        "Net Interest Income": 489000.0,
        "Interest Income": 489000.0,
        "Normalized Income": -3356000.0,
        "Net Income From Continuing And Discontinued Operation": -3356000.0,
        "Total Expenses": 25530000.0,
        "Total Operating Income As Reported": -3366000.0,
        "Diluted Average Shares": 38712407.0,
        "Basic Average Shares": 38712407.0,
        "Diluted EPS": -0.09,
        "Basic EPS": -0.09,
        "Diluted NI Availto Com Stockholders": -3356000.0,
        "Net Income Common Stockholders": -3356000.0,
        "Net Income": -3356000.0,
        "Net Income Including Noncontrolling Interests": -3356000.0,
        "Net Income Continuous Operations": -3356000.0,
        "Tax Provision": 479000.0,
        "Pretax Income": -2877000.0,
        "Net Non Operating Interest Income Expense": 489000.0,
        "Total Other Finance Cost": NaN,
        "Interest Income Non Operating": 489000.0,
        "Operating Income": -3366000.0,
        "Operating Expense": 18541000.0,
        "Research And Development": 7326000.0,
        "Selling General And Administration": 11215000.0,
        "Selling And Marketing Expense": 7911000.0,
        "General And Administrative Expense": 3304000.0,
        "Other Gand A": 3304000.0,
        "Gross Profit": 15175000.0,
        "Cost Of Revenue": 6989000.0,
        "Total Revenue": 22164000.0,
        "Operating Revenue": 22164000.0
    },
    "2024-09-30": {
        "Tax Effect Of Unusual Items": 0.0,
        "Tax Rate For Calcs": 0.23,
        "Normalized EBITDA": 1032000.0,
        "Net Income From Continuing Operation Net Minority Interest": -244000.0,
        "Reconciled Depreciation": 1249000.0,
        "Reconciled Cost Of Revenue": 6871000.0,
        "EBITDA": 1032000.0,
        "EBIT": -217000.0,
        "Net Interest Income": 513000.0,
        "Interest Income": NaN,
        "Normalized Income": -244000.0,
        "Net Income From Continuing And Discontinued Operation": -244000.0,
        "Total Expenses": 23452000.0,
        "Total Operating Income As Reported": -217000.0,
        "Diluted Average Shares": 39202550.0,
        "Basic Average Shares": 39202550.0,
        "Diluted EPS": -0.01,
        "Basic EPS": -0.01,
        "Diluted NI Availto Com Stockholders": -244000.0,
        "Net Income Common Stockholders": -244000.0,
        "Net Income": -244000.0,
        "Net Income Including Noncontrolling Interests": -244000.0,
        "Net Income Continuous Operations": -244000.0,
        "Tax Provision": 540000.0,
        "Pretax Income": 296000.0,
        "Net Non Operating Interest Income Expense": 513000.0,
        "Total Other Finance Cost": -513000.0,
        "Interest Income Non Operating": NaN,
        "Operating Income": -217000.0,
        "Operating Expense": 16581000.0,
        "Research And Development": 5922000.0,
        "Selling General And Administration": 10659000.0,
        "Selling And Marketing Expense": 7699000.0,
        "General And Administrative Expense": 2960000.0,
        "Other Gand A": 2960000.0,
        "Gross Profit": 16364000.0,
        "Cost Of Revenue": 6871000.0,
        "Total Revenue": 23235000.0,
        "Operating Revenue": 23235000.0
    }
}