{
    "2023-03-31": {
        "Tax Effect Of Unusual Items": -1834980.0,
        "Tax Rate For Calcs": 0.21,
        "Normalized EBITDA": -108590000.0,
        "Total Unusual Items": -8738000.0,
        "Total Unusual Items Excluding Goodwill": -8738000.0,
        "Net Income From Continuing Operation Net Minority Interest": -174101000.0,
        "Reconciled Depreciation": 26079000.0,
        "Reconciled Cost Of Revenue": 54869000.0,
        "EBITDA": -117328000.0,
        "EBIT": -143407000.0,
        "Net Interest Income": -10300000.0,
        "Interest Expense": 28955000.0,
        "Interest Income": 18655000.0,
        "Normalized Income": -167197980.0,
        "Net Income From Continuing And Discontinued Operation": -174101000.0,
        "Total Expenses": 469097000.0,
        "Rent Expense Supplemental": 34930000.0,
        "Total Operating Income As Reported": -149807000.0,
        "Diluted Average Shares": 124111000.0,
        "Basic Average Shares": 124111000.0,
        "Diluted EPS": -1.4,
        "Basic EPS": -1.4,
        "Diluted NI Availto Com Stockholders": -174101000.0,
        "Net Income Common Stockholders": -174101000.0,
        "Net Income": -174101000.0,
        "Net Income Including Noncontrolling Interests": -174101000.0,
        "Net Income Continuous Operations": -174101000.0,
        "Tax Provision": 1739000.0,
        "Pretax Income": -172362000.0,
        "Other Income Expense": -12255000.0,
        "Other Non Operating Income Expenses": -3517000.0,
        "Special Income Charges": NaN,
        "Other Special Charges": NaN,
        "Gain On Sale Of Security": -8738000.0,
        "Net Non Operating Interest Income Expense": -10300000.0,
        "Interest Expense Non Operating": 28955000.0,
        "Interest Income Non Operating": 18655000.0,
        "Operating Income": -149807000.0,
        "Operating Expense": 414228000.0,
        "Research And Development": 230569000.0,
        "Selling General And Administration": 183659000.0,
        "General And Administrative Expense": 183659000.0,
        "Other Gand A": 50688000.0,
        "Rent And Landing Fees": 34930000.0,
        "Salaries And Wages": 98041000.0,
        "Gross Profit": 264421000.0,
        "Cost Of Revenue": 54869000.0,
        "Total Revenue": 319290000.0,
        "Operating Revenue": 319290000.0
    },
    "2022-12-31": {
        "Tax Effect Of Unusual Items": NaN,
        "Tax Rate For Calcs": NaN,
        "Normalized EBITDA": NaN,
        "Total Unusual Items": -17087000.0,
        "Total Unusual Items Excluding Goodwill": -17087000.0,
        "Net Income From Continuing Operation Net Minority Interest": NaN,
        "Reconciled Depreciation": NaN,
        "Reconciled Cost Of Revenue": NaN,
        "EBITDA": NaN,
        "EBIT": NaN,
        "Net Interest Income": NaN,
        "Interest Expense": NaN,
        "Interest Income": NaN,
        "Normalized Income": NaN,
        "Net Income From Continuing And Discontinued Operation": NaN,
        "Total Expenses": NaN,
        "Rent Expense Supplemental": NaN,
        "Total Operating Income As Reported": NaN,
        "Diluted Average Shares": NaN,
        "Basic Average Shares": NaN,
        "Diluted EPS": NaN,
        "Basic EPS": NaN,
        "Diluted NI Availto Com Stockholders": NaN,
        "Net Income Common Stockholders": NaN,
        "Net Income": NaN,
        "Net Income Including Noncontrolling Interests": NaN,
        "Net Income Continuous Operations": NaN,
        "Tax Provision": NaN,
        "Pretax Income": NaN,
        "Other Income Expense": NaN,
        "Other Non Operating Income Expenses": NaN,
        "Special Income Charges": 0.0,
        "Other Special Charges": 0.0,
        "Gain On Sale Of Security": -17087000.0,
        "Net Non Operating Interest Income Expense": NaN,
        "Interest Expense Non Operating": NaN,
        "Interest Income Non Operating": NaN,
        "Operating Income": NaN,
        "Operating Expense": NaN,
        "Research And Development": NaN,
        "Selling General And Administration": NaN,
        "General And Administrative Expense": NaN,
        "Other Gand A": NaN,
        "Rent And Landing Fees": NaN,
        "Salaries And Wages": NaN,
        "Gross Profit": NaN,
        "Cost Of Revenue": NaN,
        "Total Revenue": NaN,
        "Operating Revenue": NaN
    },
    "2022-09-30": {
        "Tax Effect Of Unusual Items": NaN,
        "Tax Rate For Calcs": NaN,
        "Normalized EBITDA": NaN,
        "Total Unusual Items": NaN,
        "Total Unusual Items Excluding Goodwill": NaN,
        "Net Income From Continuing Operation Net Minority Interest": NaN,
        "Reconciled Depreciation": NaN,
        "Reconciled Cost Of Revenue": NaN,
        "EBITDA": NaN,
        "EBIT": NaN,
        "Net Interest Income": NaN,
        "Interest Expense": NaN,
        "Interest Income": NaN,
        "Normalized Income": NaN,
        "Net Income From Continuing And Discontinued Operation": NaN,
        "Total Expenses": NaN,
        "Rent Expense Supplemental": NaN,
        "Total Operating Income As Reported": NaN,
        "Diluted Average Shares": NaN,
        "Basic Average Shares": NaN,
        "Diluted EPS": NaN,
        "Basic EPS": NaN,
        "Diluted NI Availto Com Stockholders": NaN,
        "Net Income Common Stockholders": NaN,
        "Net Income": NaN,
        "Net Income Including Noncontrolling Interests": NaN,
        "Net Income Continuous Operations": NaN,
        "Tax Provision": NaN,
        "Pretax Income": NaN,
        "Other Income Expense": NaN,
        "Other Non Operating Income Expenses": NaN,
        "Special Income Charges": -76586000.0,
        "Other Special Charges": 76586000.0,
        "Gain On Sale Of Security": NaN,
        "Net Non Operating Interest Income Expense": NaN,
        "Interest Expense Non Operating": NaN,
        "Interest Income Non Operating": NaN,
        "Operating Income": NaN,
        "Operating Expense": NaN,
        "Research And Development": NaN,
        "Selling General And Administration": NaN,
        "General And Administrative Expense": NaN,
        "Other Gand A": NaN,
        "Rent And Landing Fees": NaN,
        "Salaries And Wages": NaN,
        "Gross Profit": NaN,
        "Cost Of Revenue": NaN,
        "Total Revenue": NaN,
        "Operating Revenue": NaN
    },
    "2022-06-30": {
        "Tax Effect Of Unusual Items": -13202800.0,
        "Tax Rate For Calcs": 0.4,
        "Normalized EBITDA": -168502000.0,
        "Total Unusual Items": -33007000.0,
        "Total Unusual Items Excluding Goodwill": -33007000.0,
        "Net Income From Continuing Operation Net Minority Interest": -277402000.0,
        "Reconciled Depreciation": 30555000.0,
        "Reconciled Cost Of Revenue": 40808000.0,
        "EBITDA": -201509000.0,
        "EBIT": -232064000.0,
        "Net Interest Income": -40710000.0,
        "Interest Expense": 42609000.0,
        "Interest Income": 1899000.0,
        "Normalized Income": -257597800.0,
        "Net Income From Continuing And Discontinued Operation": -277402000.0,
        "Total Expenses": 416504000.0,
        "Rent Expense Supplemental": 32329000.0,
        "Total Operating Income As Reported": -191686000.0,
        "Diluted Average Shares": 120896000.0,
        "Basic Average Shares": 120896000.0,
        "Diluted EPS": -2.29,
        "Basic EPS": -2.29,
        "Diluted NI Availto Com Stockholders": -277402000.0,
        "Net Income Common Stockholders": -277402000.0,
        "Net Income": -277402000.0,
        "Net Income Including Noncontrolling Interests": -277402000.0,
        "Net Income Continuous Operations": -277402000.0,
        "Tax Provision": 2729000.0,
        "Pretax Income": -274673000.0,
        "Other Income Expense": -42277000.0,
        "Other Non Operating Income Expenses": -9270000.0,
        "Special Income Charges": NaN,
        "Other Special Charges": NaN,
        "Gain On Sale Of Security": -33007000.0,
        "Net Non Operating Interest Income Expense": -40710000.0,
        "Interest Expense Non Operating": 42609000.0,
        "Interest Income Non Operating": 1899000.0,
        "Operating Income": -191686000.0,
        "Operating Expense": 375696000.0,
        "Research And Development": 205712000.0,
        "Selling General And Administration": 169984000.0,
        "General And Administrative Expense": 169984000.0,
        "Other Gand A": 51120000.0,
        "Rent And Landing Fees": 32329000.0,
        "Salaries And Wages": 86535000.0,
        "Gross Profit": 184010000.0,
        "Cost Of Revenue": 40808000.0,
        "Total Revenue": 224818000.0,
        "Operating Revenue": 224818000.0
    },
    "2023-06-30": {
        "Tax Effect Of Unusual Items": 0.0,
        "Tax Rate For Calcs": 0.21,
        "Normalized EBITDA": -220727000.0,
        "Total Unusual Items": NaN,
        "Total Unusual Items Excluding Goodwill": NaN,
        "Net Income From Continuing Operation Net Minority Interest": -276024000.0,
        "Reconciled Depreciation": 23447000.0,
        "Reconciled Cost Of Revenue": 85370000.0,
        "EBITDA": -220727000.0,
        "EBIT": -244174000.0,
        "Net Interest Income": -8960000.0,
        "Interest Expense": 30035000.0,
        "Interest Income": 21075000.0,
        "Normalized Income": -276024000.0,
        "Net Income From Continuing And Discontinued Operation": -276024000.0,
        "Total Expenses": 548585000.0,
        "Rent Expense Supplemental": 38333000.0,
        "Total Operating Income As Reported": -229831000.0,
        "Diluted Average Shares": 124659000.0,
        "Basic Average Shares": 124659000.0,
        "Diluted EPS": -2.21,
        "Basic EPS": -2.21,
        "Diluted NI Availto Com Stockholders": -276024000.0,
        "Net Income Common Stockholders": -276024000.0,
        "Net Income": -276024000.0,
        "Net Income Including Noncontrolling Interests": -276024000.0,
        "Net Income Continuous Operations": -276024000.0,
        "Tax Provision": 1815000.0,
        "Pretax Income": -274209000.0,
        "Other Income Expense": -35418000.0,
        "Other Non Operating Income Expenses": -35418000.0,
        "Special Income Charges": NaN,
        "Other Special Charges": NaN,
        "Gain On Sale Of Security": NaN,
        "Net Non Operating Interest Income Expense": -8960000.0,
        "Interest Expense Non Operating": 30035000.0,
        "Interest Income Non Operating": 21075000.0,
        "Operating Income": -229831000.0,
        "Operating Expense": 463215000.0,
        "Research And Development": 248526000.0,
        "Selling General And Administration": 214689000.0,
        "General And Administrative Expense": 214689000.0,
        "Other Gand A": 57848000.0,
        "Rent And Landing Fees": 38333000.0,
        "Salaries And Wages": 118508000.0,
        "Gross Profit": 233384000.0,
        "Cost Of Revenue": 85370000.0,
        "Total Revenue": 318754000.0,
        "Operating Revenue": 318754000.0
    },
    "2022-03-31": {
        "Diluted EPS": -2.0,
        "Total Revenue": 213,
        "Gross Profit": 178,
        "Operating Income": -147,
        "EBIT": -127,
        "Net Income": -240
    },
    "2021-12-31": {
        "Diluted EPS": -2.16,
        "Total Revenue": 259,
        "Gross Profit": 221,
        "Operating Income": -195,
        "EBIT": -173,
        "Net Income": -258
    },
    "2021-09-30": {
        "Diluted EPS": -1.72,
        "Total Revenue": 188,
        "Gross Profit": 155,
        "Operating Income": -182,
        "EBIT": -158,
        "Net Income": -205
    },
    "2021-06-30": {
        "Diluted EPS": -1.61,
        "Total Revenue": 221,
        "Gross Profit": 182,
        "Operating Income": -146,
        "EBIT": -124,
        "Net Income": -190
    },
    "2021-03-31": {
        "Diluted EPS": -1.71,
        "Total Revenue": 178,
        "Gross Profit": 147,
        "Operating Income": -186,
        "EBIT": -163,
        "Net Income": -200
    },
    "2020-12-31": {
        "Diluted EPS": -2.1,
        "Total Revenue": 164,
        "Gross Profit": 141,
        "Operating Income": -194,
        "EBIT": -173,
        "Net Income": -244
    },
    "2020-09-30": {
        "Diluted EPS": -2.18,
        "Total Revenue": 126,
        "Gross Profit": 104,
        "Operating Income": -225,
        "EBIT": -206,
        "Net Income": -253
    },
    "2020-06-30": {
        "Diluted EPS": -1.56,
        "Total Revenue": 104,
        "Gross Profit": 84,
        "Operating Income": -199,
        "EBIT": -181,
        "Net Income": -179
    },
    "2020-03-31": {
        "Diluted EPS": -1.62,
        "Total Revenue": 99,
        "Gross Profit": 86,
        "Operating Income": -210,
        "EBIT": -193,
        "Net Income": -182
    },
    "2019-12-31": {
        "Diluted EPS": -2.44,
        "Total Revenue": 72,
        "Gross Profit": 60,
        "Operating Income": -298,
        "EBIT": -283,
        "Net Income": -276
    },
    "2019-09-30": {
        "Diluted EPS": -1.92,
        "Total Revenue": 70,
        "Gross Profit": 65,
        "Operating Income": -216,
        "EBIT": -203,
        "Net Income": -209
    },
    "2019-06-30": {
        "Diluted EPS": -2.02,
        "Total Revenue": 45,
        "Gross Profit": 40,
        "Operating Income": -236,
        "EBIT": -224,
        "Net Income": -219
    },
    "2019-03-31": {
        "Diluted EPS": -1.73,
        "Total Revenue": 33,
        "Gross Profit": 30,
        "Operating Income": -189,
        "EBIT": -175,
        "Net Income": -182
    },
    "2018-12-31": {
        "Diluted EPS": -2.1,
        "Total Revenue": 21,
        "Gross Profit": 19,
        "Operating Income": -220,
        "EBIT": -211,
        "Net Income": -211
    },
    "2018-09-30": {
        "Diluted EPS": -2.43,
        "Total Revenue": 2,
        "Gross Profit": 2,
        "Operating Income": -255,
        "EBIT": -254,
        "Net Income": -245
    },
    "2018-06-30": {
        "Diluted EPS": -1.63,
        "Total Revenue": 30,
        "Gross Profit": 30,
        "Operating Income": -192,
        "EBIT": -190,
        "Net Income": -164
    },
    "2018-03-31": {
        "Diluted EPS": -1.41,
        "Total Revenue": 22,
        "Gross Profit": 22,
        "Operating Income": -147,
        "EBIT": -144,
        "Net Income": -141
    },
    "2017-12-31": {
        "Diluted EPS": -1.49,
        "Total Revenue": 38,
        "Gross Profit": 38,
        "Operating Income": -147,
        "EBIT": -145,
        "Net Income": -142
    },
    "2017-09-30": {
        "Diluted EPS": -1.34,
        "Total Revenue": 17,
        "Gross Profit": 17,
        "Operating Income": -126,
        "EBIT": -122,
        "Net Income": -123
    },
    "2017-06-30": {
        "Diluted EPS": -1.34,
        "Total Revenue": 16,
        "Gross Profit": 16,
        "Operating Income": -120,
        "EBIT": -117,
        "Net Income": -118
    },
    "2017-03-31": {
        "Diluted EPS": -1.25,
        "Total Revenue": 19,
        "Gross Profit": 19,
        "Operating Income": -107,
        "EBIT": -104,
        "Net Income": -107
    },
    "2016-12-31": {
        "Diluted EPS": -1.32,
        "Total Revenue": 17,
        "Gross Profit": 17,
        "Operating Income": -115,
        "EBIT": -112,
        "Net Income": -113
    },
    "2016-09-30": {
        "Diluted EPS": -1.21,
        "Total Revenue": 14,
        "Gross Profit": 14,
        "Operating Income": -107,
        "EBIT": -103,
        "Net Income": -104
    },
    "2016-06-30": {
        "Diluted EPS": -1.05,
        "Total Revenue": 9,
        "Gross Profit": 9,
        "Operating Income": -92,
        "EBIT": -88,
        "Net Income": -90
    },
    "2016-03-31": {
        "Diluted EPS": -1.21,
        "Total Revenue": 7,
        "Gross Profit": 7,
        "Operating Income": -110,
        "EBIT": -105,
        "Net Income": -103
    },
    "2015-12-31": {
        "Diluted EPS": -1.07,
        "Total Revenue": 8,
        "Gross Profit": 8,
        "Operating Income": -93,
        "EBIT": -87,
        "Net Income": -91
    },
    "2015-09-30": {
        "Diluted EPS": -0.91,
        "Total Revenue": 6,
        "Gross Profit": 6,
        "Operating Income": -78,
        "EBIT": -73,
        "Net Income": -77
    },
    "2015-06-30": {
        "Diluted EPS": -0.85,
        "Total Revenue": 9,
        "Gross Profit": 9,
        "Operating Income": -73,
        "EBIT": -68,
        "Net Income": -72
    },
    "2015-03-31": {
        "Diluted EPS": -0.62,
        "Total Revenue": 19,
        "Gross Profit": 19,
        "Operating Income": -52,
        "EBIT": -49,
        "Net Income": -51
    },
    "2014-12-31": {
        "Diluted EPS": 0.01,
        "Total Revenue": 24,
        "Gross Profit": 24,
        "Operating Income": -46,
        "EBIT": -42,
        "Net Income": -21
    },
    "2014-09-30": {
        "Diluted EPS": -0.58,
        "Total Revenue": 11,
        "Gross Profit": 11,
        "Operating Income": -45,
        "EBIT": -42,
        "Net Income": -44
    },
    "2014-06-30": {
        "Diluted EPS": -0.58,
        "Total Revenue": 7,
        "Gross Profit": 7,
        "Operating Income": -45,
        "EBIT": -42,
        "Net Income": -44
    },
    "2014-03-31": {
        "Diluted EPS": -3.7,
        "Total Revenue": 8,
        "Gross Profit": 8,
        "Operating Income": -269,
        "EBIT": -266,
        "Net Income": -251
    },
    "2013-12-31": {
        "Diluted EPS": -0.53,
        "Total Revenue": 11,
        "Gross Profit": 11,
        "Operating Income": -30,
        "EBIT": -27,
        "Net Income": -32
    },
    "2013-09-30": {
        "Diluted EPS": -0.48,
        "Total Revenue": 9,
        "Gross Profit": 9,
        "Operating Income": -32,
        "EBIT": -29,
        "Net Income": -30
    },
    "2013-06-30": {
        "Diluted EPS": -0.29,
        "Total Revenue": 9,
        "Gross Profit": 9,
        "Operating Income": -21,
        "EBIT": -19,
        "Net Income": -18
    },
    "2013-03-31": {
        "Diluted EPS": -0.15,
        "Total Revenue": 19,
        "Gross Profit": 19,
        "Operating Income": -10,
        "EBIT": -8,
        "Net Income": -9
    },
    "2012-12-31": {
        "Diluted EPS": -1.23,
        "Total Revenue": 8,
        "Gross Profit": 8,
        "Operating Income": -88,
        "EBIT": -86,
        "Net Income": -62
    },
    "2012-09-30": {
        "Diluted EPS": -0.38,
        "Total Revenue": 17,
        "Gross Profit": 17,
        "Operating Income": -18,
        "EBIT": -16,
        "Net Income": -20
    },
    "2012-06-30": {
        "Diluted EPS": -0.25,
        "Total Revenue": 21,
        "Gross Profit": 21,
        "Operating Income": -12,
        "EBIT": -9,
        "Net Income": -13
    },
    "2012-03-31": {
        "Diluted EPS": -0.25,
        "Total Revenue": 21,
        "Gross Profit": 21,
        "Operating Income": -11,
        "EBIT": -9,
        "Net Income": -11
    },
    "2011-12-31": {
        "Diluted EPS": -0.34,
        "Total Revenue": 20,
        "Gross Profit": 20,
        "Operating Income": -14,
        "EBIT": -12,
        "Net Income": -14
    },
    "2011-09-30": {
        "Diluted EPS": -0.31,
        "Total Revenue": 21,
        "Gross Profit": 21,
        "Operating Income": -12,
        "EBIT": -11,
        "Net Income": -13
    },
    "2011-06-30": {
        "Diluted EPS": -0.33,
        "Total Revenue": 21,
        "Gross Profit": 21,
        "Operating Income": -13,
        "EBIT": -12,
        "Net Income": -14
    },
    "2011-03-31": {
        "Diluted EPS": -0.38,
        "Total Revenue": 21,
        "Gross Profit": 21,
        "Operating Income": -16,
        "EBIT": -14,
        "Net Income": -16
    },
    "2010-12-31": {
        "Diluted EPS": -0.17,
        "Total Revenue": 21,
        "Gross Profit": 21,
        "Operating Income": -12,
        "EBIT": -11,
        "Net Income": -7
    },
    "2010-09-30": {
        "Diluted EPS": -0.23,
        "Total Revenue": 28,
        "Gross Profit": 28,
        "Operating Income": -9,
        "EBIT": -7,
        "Net Income": -10
    },
    "2010-06-30": {
        "Diluted EPS": -0.35,
        "Total Revenue": 27,
        "Gross Profit": 27,
        "Operating Income": -12,
        "EBIT": -10,
        "Net Income": -15
    },
    "2010-03-31": {
        "Diluted EPS": -0.29,
        "Total Revenue": 25,
        "Gross Profit": 25,
        "Operating Income": -11,
        "EBIT": -10,
        "Net Income": -12
    },
    "2009-12-31": {
        "Diluted EPS": -0.18,
        "Total Revenue": 27,
        "Gross Profit": 27,
        "Operating Income": -8,
        "EBIT": -7,
        "Net Income": -8
    },
    "2009-09-30": {
        "Diluted EPS": -0.22,
        "Total Revenue": 24,
        "Gross Profit": 24,
        "Operating Income": -10,
        "EBIT": -9,
        "Net Income": -9
    },
    "2009-06-30": {
        "Diluted EPS": -0.55,
        "Total Revenue": 25,
        "Gross Profit": 25,
        "Operating Income": -22,
        "EBIT": -20,
        "Net Income": -23
    },
    "2009-03-31": {
        "Diluted EPS": -0.19,
        "Total Revenue": 25,
        "Gross Profit": 25,
        "Operating Income": -8,
        "EBIT": -6,
        "Net Income": -8
    },
    "2023-09-30": {
        "Tax Effect Of Unusual Items": -952510.358827,
        "Tax Rate For Calcs": 0.019822,
        "Normalized EBITDA": 253219000.0,
        "Total Unusual Items": -48053000.0,
        "Total Unusual Items Excluding Goodwill": -48053000.0,
        "Net Income From Continuing Operation Net Minority Interest": 147753000.0,
        "Reconciled Depreciation": 23532000.0,
        "Reconciled Cost Of Revenue": 84309000.0,
        "EBITDA": 205166000.0,
        "EBIT": 181634000.0,
        "Net Interest Income": -5468000.0,
        "Interest Expense": 30893000.0,
        "Interest Income": 25425000.0,
        "Normalized Income": 194853489.641173,
        "Net Income From Continuing And Discontinued Operation": 147753000.0,
        "Total Expenses": 536663000.0,
        "Rent Expense Supplemental": 35007000.0,
        "Total Operating Income As Reported": 213867000.0,
        "Diluted Average Shares": 131337000.0,
        "Basic Average Shares": 125220000.0,
        "Diluted EPS": 1.15,
        "Basic EPS": 1.18,
        "Diluted NI Availto Com Stockholders": 147753000.0,
        "Net Income Common Stockholders": 147753000.0,
        "Net Income": 147753000.0,
        "Net Income Including Noncontrolling Interests": 147753000.0,
        "Net Income Continuous Operations": 147753000.0,
        "Tax Provision": 2988000.0,
        "Pretax Income": 150741000.0,
        "Other Income Expense": -57658000.0,
        "Other Non Operating Income Expenses": -9605000.0,
        "Special Income Charges": 0.0,
        "Other Special Charges": NaN,
        "Gain On Sale Of Security": -48053000.0,
        "Net Non Operating Interest Income Expense": -5468000.0,
        "Interest Expense Non Operating": 30893000.0,
        "Interest Income Non Operating": 25425000.0,
        "Operating Income": 213867000.0,
        "Operating Expense": 452354000.0,
        "Research And Development": 253179000.0,
        "Selling General And Administration": 199175000.0,
        "General And Administrative Expense": 199175000.0,
        "Other Gand A": 54187000.0,
        "Rent And Landing Fees": 35007000.0,
        "Salaries And Wages": 109981000.0,
        "Gross Profit": 666221000.0,
        "Cost Of Revenue": 84309000.0,
        "Total Revenue": 750530000.0,
        "Operating Revenue": 750530000.0
    },
    "2023-12-31": {
        "Tax Effect Of Unusual Items": -4690350.0,
        "Tax Rate For Calcs": 0.21,
        "Normalized EBITDA": -60041000.0,
        "Total Unusual Items": -22335000.0,
        "Total Unusual Items Excluding Goodwill": -22335000.0,
        "Net Income From Continuing Operation Net Minority Interest": -137870000.0,
        "Reconciled Depreciation": 23973000.0,
        "Reconciled Cost Of Revenue": 85858000.0,
        "EBITDA": -82376000.0,
        "EBIT": -106349000.0,
        "Net Interest Income": -932000.0,
        "Interest Expense": 31338000.0,
        "Interest Income": 30406000.0,
        "Normalized Income": -120225350.0,
        "Net Income From Continuing And Discontinued Operation": -137870000.0,
        "Total Expenses": 556122000.0,
        "Rent Expense Supplemental": 37417000.0,
        "Total Operating Income As Reported": -116404000.0,
        "Diluted Average Shares": 125613000.0,
        "Basic Average Shares": 125613000.0,
        "Diluted EPS": -1.1,
        "Basic EPS": -1.1,
        "Diluted NI Availto Com Stockholders": -137870000.0,
        "Net Income Common Stockholders": -137870000.0,
        "Net Income": -137870000.0,
        "Net Income Including Noncontrolling Interests": -137870000.0,
        "Net Income Continuous Operations": -137870000.0,
        "Tax Provision": 183000.0,
        "Pretax Income": -137687000.0,
        "Other Income Expense": -20351000.0,
        "Other Non Operating Income Expenses": 1984000.0,
        "Special Income Charges": 0.0,
        "Other Special Charges": NaN,
        "Gain On Sale Of Security": -22335000.0,
        "Net Non Operating Interest Income Expense": -932000.0,
        "Interest Expense Non Operating": 31338000.0,
        "Interest Income Non Operating": 30406000.0,
        "Operating Income": -116404000.0,
        "Operating Expense": 470264000.0,
        "Research And Development": 272141000.0,
        "Selling General And Administration": 198123000.0,
        "General And Administrative Expense": 198123000.0,
        "Other Gand A": 63941000.0,
        "Rent And Landing Fees": 37417000.0,
        "Salaries And Wages": 96765000.0,
        "Gross Profit": 353860000.0,
        "Cost Of Revenue": 85858000.0,
        "Total Revenue": 439718000.0,
        "Operating Revenue": 439718000.0
    },
    "2024-03-31": {
        "Tax Effect Of Unusual Items": -3403200.0,
        "Tax Rate For Calcs": 0.4,
        "Normalized EBITDA": 5660000.0,
        "Total Unusual Items": -8508000.0,
        "Total Unusual Items Excluding Goodwill": -8508000.0,
        "Net Income From Continuing Operation Net Minority Interest": -65935000.0,
        "Reconciled Depreciation": 25486000.0,
        "Reconciled Cost Of Revenue": 65976000.0,
        "EBITDA": -2848000.0,
        "EBIT": -28334000.0,
        "Net Interest Income": -5608000.0,
        "Interest Expense": 35253000.0,
        "Interest Income": 29645000.0,
        "Normalized Income": -60830200.0,
        "Net Income From Continuing And Discontinued Operation": -65935000.0,
        "Total Expenses": 537768000.0,
        "Rent Expense Supplemental": 36697000.0,
        "Total Operating Income As Reported": -43435000.0,
        "Diluted Average Shares": 126138000.0,
        "Basic Average Shares": 126138000.0,
        "Diluted EPS": -0.52,
        "Basic EPS": -0.52,
        "Diluted NI Availto Com Stockholders": -65935000.0,
        "Net Income Common Stockholders": -65935000.0,
        "Net Income": -65935000.0,
        "Net Income Including Noncontrolling Interests": -65935000.0,
        "Net Income Continuous Operations": -65935000.0,
        "Tax Provision": 2348000.0,
        "Pretax Income": -63587000.0,
        "Other Income Expense": -14544000.0,
        "Other Non Operating Income Expenses": -6036000.0,
        "Special Income Charges": NaN,
        "Other Special Charges": NaN,
        "Gain On Sale Of Security": -8508000.0,
        "Net Non Operating Interest Income Expense": -5608000.0,
        "Interest Expense Non Operating": 35253000.0,
        "Interest Income Non Operating": 29645000.0,
        "Operating Income": -43435000.0,
        "Operating Expense": 471792000.0,
        "Research And Development": 260995000.0,
        "Selling General And Administration": 210797000.0,
        "General And Administrative Expense": 210797000.0,
        "Other Gand A": 56759000.0,
        "Rent And Landing Fees": 36697000.0,
        "Salaries And Wages": 117341000.0,
        "Gross Profit": 428357000.0,
        "Cost Of Revenue": 65976000.0,
        "Total Revenue": 494333000.0,
        "Operating Revenue": 494333000.0
    }
}