{
    "2023-04-30": {
        "Tax Effect Of Unusual Items": 32364.0,
        "Tax Rate For Calcs": 0.174,
        "Normalized EBITDA": 2511000.0,
        "Total Unusual Items": 186000.0,
        "Total Unusual Items Excluding Goodwill": 186000.0,
        "Net Income From Continuing Operation Net Minority Interest": 848000.0,
        "Reconciled Depreciation": 1055000.0,
        "Reconciled Cost Of Revenue": 23034000.0,
        "EBITDA": 2697000.0,
        "EBIT": 1642000.0,
        "Net Interest Income": -615000.0,
        "Interest Expense": 615000.0,
        "Normalized Income": 694364.0,
        "Net Income From Continuing And Discontinued Operation": 848000.0,
        "Total Expenses": 33958000.0,
        "Total Operating Income As Reported": 1461000.0,
        "Diluted Average Shares": 7450052.0,
        "Basic Average Shares": 7369930.0,
        "Diluted EPS": 0.11,
        "Basic EPS": 0.12,
        "Diluted NI Availto Com Stockholders": 848000.0,
        "Net Income Common Stockholders": 848000.0,
        "Net Income": 848000.0,
        "Net Income Including Noncontrolling Interests": 848000.0,
        "Net Income Continuous Operations": 848000.0,
        "Tax Provision": 179000.0,
        "Pretax Income": 1027000.0,
        "Other Income Expense": 181000.0,
        "Other Non Operating Income Expenses": -5000.0,
        "Special Income Charges": NaN,
        "Gain On Sale Of Ppe": NaN,
        "Gain On Sale Of Security": 186000.0,
        "Net Non Operating Interest Income Expense": -615000.0,
        "Interest Expense Non Operating": 615000.0,
        "Operating Income": 1461000.0,
        "Operating Expense": 10924000.0,
        "Research And Development": 1788000.0,
        "Selling General And Administration": 9136000.0,
        "Selling And Marketing Expense": 6010000.0,
        "General And Administrative Expense": 3126000.0,
        "Other Gand A": 3126000.0,
        "Gross Profit": 12385000.0,
        "Cost Of Revenue": 23034000.0,
        "Total Revenue": 35419000.0,
        "Operating Revenue": 35419000.0
    },
    "2023-01-31": {
        "Tax Effect Of Unusual Items": 29635.62753,
        "Tax Rate For Calcs": 0.211683,
        "Normalized EBITDA": 3476000.0,
        "Total Unusual Items": 140000.0,
        "Total Unusual Items Excluding Goodwill": 140000.0,
        "Net Income From Continuing Operation Net Minority Interest": 1363000.0,
        "Reconciled Depreciation": 1295000.0,
        "Reconciled Cost Of Revenue": 26291000.0,
        "EBITDA": 3616000.0,
        "EBIT": 2321000.0,
        "Net Interest Income": -592000.0,
        "Interest Expense": 592000.0,
        "Normalized Income": 1252635.62753,
        "Net Income From Continuing And Discontinued Operation": 1363000.0,
        "Total Expenses": 37756000.0,
        "Total Operating Income As Reported": 2097000.0,
        "Diluted Average Shares": 7406000.0,
        "Basic Average Shares": 7330000.0,
        "Diluted EPS": 0.18,
        "Basic EPS": 0.19,
        "Diluted NI Availto Com Stockholders": 1363000.0,
        "Net Income Common Stockholders": 1363000.0,
        "Net Income": 1363000.0,
        "Net Income Including Noncontrolling Interests": 1363000.0,
        "Net Income Continuous Operations": 1363000.0,
        "Tax Provision": 366000.0,
        "Pretax Income": 1729000.0,
        "Other Income Expense": 224000.0,
        "Other Non Operating Income Expenses": 84000.0,
        "Special Income Charges": 0.0,
        "Gain On Sale Of Ppe": 0.0,
        "Gain On Sale Of Security": 140000.0,
        "Net Non Operating Interest Income Expense": -592000.0,
        "Interest Expense Non Operating": 592000.0,
        "Operating Income": 2097000.0,
        "Operating Expense": 11465000.0,
        "Research And Development": 1801000.0,
        "Selling General And Administration": 9664000.0,
        "Selling And Marketing Expense": 6685000.0,
        "General And Administrative Expense": 2979000.0,
        "Other Gand A": 2979000.0,
        "Gross Profit": 13562000.0,
        "Cost Of Revenue": 26291000.0,
        "Total Revenue": 39853000.0,
        "Operating Revenue": 39853000.0
    },
    "2022-10-31": {
        "Tax Effect Of Unusual Items": NaN,
        "Tax Rate For Calcs": NaN,
        "Normalized EBITDA": NaN,
        "Total Unusual Items": NaN,
        "Total Unusual Items Excluding Goodwill": NaN,
        "Net Income From Continuing Operation Net Minority Interest": NaN,
        "Reconciled Depreciation": NaN,
        "Reconciled Cost Of Revenue": NaN,
        "EBITDA": NaN,
        "EBIT": NaN,
        "Net Interest Income": NaN,
        "Interest Expense": NaN,
        "Normalized Income": NaN,
        "Net Income From Continuing And Discontinued Operation": NaN,
        "Total Expenses": NaN,
        "Total Operating Income As Reported": NaN,
        "Diluted Average Shares": NaN,
        "Basic Average Shares": NaN,
        "Diluted EPS": NaN,
        "Basic EPS": NaN,
        "Diluted NI Availto Com Stockholders": NaN,
        "Net Income Common Stockholders": NaN,
        "Net Income": NaN,
        "Net Income Including Noncontrolling Interests": NaN,
        "Net Income Continuous Operations": NaN,
        "Tax Provision": NaN,
        "Pretax Income": NaN,
        "Other Income Expense": NaN,
        "Other Non Operating Income Expenses": NaN,
        "Special Income Charges": 0.0,
        "Gain On Sale Of Ppe": 0.0,
        "Gain On Sale Of Security": NaN,
        "Net Non Operating Interest Income Expense": NaN,
        "Interest Expense Non Operating": NaN,
        "Operating Income": NaN,
        "Operating Expense": NaN,
        "Research And Development": NaN,
        "Selling General And Administration": NaN,
        "Selling And Marketing Expense": NaN,
        "General And Administrative Expense": NaN,
        "Other Gand A": NaN,
        "Gross Profit": NaN,
        "Cost Of Revenue": NaN,
        "Total Revenue": NaN,
        "Operating Revenue": NaN
    },
    "2022-07-31": {
        "Tax Effect Of Unusual Items": -65945.273632,
        "Tax Rate For Calcs": 0.273632,
        "Normalized EBITDA": 1255000.0,
        "Total Unusual Items": -241000.0,
        "Total Unusual Items Excluding Goodwill": -241000.0,
        "Net Income From Continuing Operation Net Minority Interest": 584000.0,
        "Reconciled Depreciation": 908000.0,
        "Reconciled Cost Of Revenue": 20877000.0,
        "EBITDA": 1014000.0,
        "EBIT": 1014000.0,
        "Net Interest Income": -210000.0,
        "Interest Expense": 210000.0,
        "Normalized Income": 759054.726368,
        "Net Income From Continuing And Discontinued Operation": 584000.0,
        "Total Expenses": 31024000.0,
        "Total Operating Income As Reported": 1235000.0,
        "Diluted Average Shares": 7347946.0,
        "Basic Average Shares": 7309716.0,
        "Diluted EPS": 0.08,
        "Basic EPS": 0.08,
        "Diluted NI Availto Com Stockholders": 584000.0,
        "Net Income Common Stockholders": 584000.0,
        "Net Income": 584000.0,
        "Net Income Including Noncontrolling Interests": 584000.0,
        "Net Income Continuous Operations": 584000.0,
        "Tax Provision": 220000.0,
        "Pretax Income": 804000.0,
        "Other Income Expense": -221000.0,
        "Other Non Operating Income Expenses": 20000.0,
        "Special Income Charges": 0.0,
        "Gain On Sale Of Ppe": NaN,
        "Gain On Sale Of Security": -241000.0,
        "Net Non Operating Interest Income Expense": -210000.0,
        "Interest Expense Non Operating": 210000.0,
        "Operating Income": 1235000.0,
        "Operating Expense": 10147000.0,
        "Research And Development": 1595000.0,
        "Selling General And Administration": 8552000.0,
        "Selling And Marketing Expense": 5981000.0,
        "General And Administrative Expense": 2571000.0,
        "Other Gand A": 2571000.0,
        "Gross Profit": 11382000.0,
        "Cost Of Revenue": 20877000.0,
        "Total Revenue": 32259000.0,
        "Operating Revenue": 32259000.0
    },
    "2022-04-30": {
        "Diluted EPS": 0.06,
        "Total Revenue": 31,
        "Gross Profit": 11,
        "Operating Income": 1,
        "EBIT": 2,
        "Net Income": 0
    },
    "2022-01-31": {
        "Diluted EPS": -0.1,
        "Total Revenue": 30,
        "Gross Profit": 10,
        "Operating Income": 0,
        "EBIT": 1,
        "Net Income": -1
    },
    "2021-10-31": {
        "Diluted EPS": -0.06,
        "Total Revenue": 29,
        "Gross Profit": 10,
        "Operating Income": 0,
        "EBIT": 1,
        "Net Income": 0
    },
    "2021-07-31": {
        "Diluted EPS": 0.96,
        "Total Revenue": 30,
        "Gross Profit": 13,
        "Operating Income": 3,
        "EBIT": 4,
        "Net Income": 7
    },
    "2021-04-30": {
        "Diluted EPS": 0.08,
        "Total Revenue": 29,
        "Gross Profit": 11,
        "Operating Income": 1,
        "EBIT": 2,
        "Net Income": 1
    },
    "2021-01-31": {
        "Diluted EPS": 0.12,
        "Total Revenue": 29,
        "Gross Profit": 11,
        "Operating Income": 1,
        "EBIT": 3,
        "Net Income": 1
    },
    "2020-10-31": {
        "Diluted EPS": 0.0,
        "Total Revenue": 28,
        "Gross Profit": 10,
        "Operating Income": 0,
        "EBIT": 2,
        "Net Income": 0
    },
    "2020-07-31": {
        "Diluted EPS": 0.0,
        "Total Revenue": 28,
        "Gross Profit": 10,
        "Operating Income": 0,
        "EBIT": 2,
        "Net Income": 0
    },
    "2020-04-30": {
        "Diluted EPS": 0.06,
        "Total Revenue": 31,
        "Gross Profit": 11,
        "Operating Income": 1,
        "EBIT": 2,
        "Net Income": 0
    },
    "2020-01-31": {
        "Diluted EPS": -0.18,
        "Total Revenue": 30,
        "Gross Profit": 10,
        "Operating Income": -2,
        "EBIT": 0,
        "Net Income": -1
    },
    "2019-10-31": {
        "Diluted EPS": 0.06,
        "Total Revenue": 33,
        "Gross Profit": 12,
        "Operating Income": 0,
        "EBIT": 2,
        "Net Income": 0
    },
    "2019-07-31": {
        "Diluted EPS": 0.13,
        "Total Revenue": 33,
        "Gross Profit": 12,
        "Operating Income": 1,
        "EBIT": 3,
        "Net Income": 1
    },
    "2019-04-30": {
        "Diluted EPS": 0.23,
        "Total Revenue": 36,
        "Gross Profit": 14,
        "Operating Income": 2,
        "EBIT": 4,
        "Net Income": 2
    },
    "2019-01-31": {
        "Diluted EPS": 0.32,
        "Total Revenue": 37,
        "Gross Profit": 15,
        "Operating Income": 3,
        "EBIT": 4,
        "Net Income": 2
    },
    "2018-10-31": {
        "Diluted EPS": 0.2,
        "Total Revenue": 34,
        "Gross Profit": 14,
        "Operating Income": 2,
        "EBIT": 4,
        "Net Income": 1
    },
    "2018-07-31": {
        "Diluted EPS": 0.17,
        "Total Revenue": 34,
        "Gross Profit": 13,
        "Operating Income": 2,
        "EBIT": 4,
        "Net Income": 1
    },
    "2018-04-30": {
        "Diluted EPS": 0.12,
        "Total Revenue": 31,
        "Gross Profit": 12,
        "Operating Income": 1,
        "EBIT": 3,
        "Net Income": 1
    },
    "2018-01-31": {
        "Diluted EPS": 0.08,
        "Total Revenue": 33,
        "Gross Profit": 13,
        "Operating Income": 2,
        "EBIT": 4,
        "Net Income": 1
    },
    "2017-10-31": {
        "Diluted EPS": 0.21,
        "Total Revenue": 29,
        "Gross Profit": 12,
        "Operating Income": 2,
        "EBIT": 3,
        "Net Income": 1
    },
    "2017-07-31": {
        "Diluted EPS": 0.11,
        "Total Revenue": 27,
        "Gross Profit": 10,
        "Operating Income": 1,
        "EBIT": 2,
        "Net Income": 1
    },
    "2017-04-30": {
        "Diluted EPS": 0.07,
        "Total Revenue": 24,
        "Gross Profit": 9,
        "Operating Income": 1,
        "EBIT": 1,
        "Net Income": 1
    },
    "2017-01-31": {
        "Diluted EPS": 0.1,
        "Total Revenue": 26,
        "Gross Profit": 10,
        "Operating Income": 1,
        "EBIT": 2,
        "Net Income": 1
    },
    "2016-10-31": {
        "Diluted EPS": 0.15,
        "Total Revenue": 23,
        "Gross Profit": 10,
        "Operating Income": 2,
        "EBIT": 2,
        "Net Income": 1
    },
    "2016-07-31": {
        "Diluted EPS": 0.17,
        "Total Revenue": 25,
        "Gross Profit": 10,
        "Operating Income": 2,
        "EBIT": 2,
        "Net Income": 1
    },
    "2016-04-30": {
        "Diluted EPS": 0.14,
        "Total Revenue": 24,
        "Gross Profit": 9,
        "Operating Income": 2,
        "EBIT": 2,
        "Net Income": 1
    },
    "2016-01-31": {
        "Diluted EPS": 0.11,
        "Total Revenue": 24,
        "Gross Profit": 9,
        "Operating Income": 1,
        "EBIT": 1,
        "Net Income": 1
    },
    "2015-10-31": {
        "Diluted EPS": 0.18,
        "Total Revenue": 25,
        "Gross Profit": 10,
        "Operating Income": 2,
        "EBIT": 2,
        "Net Income": 1
    },
    "2015-07-31": {
        "Diluted EPS": 0.16,
        "Total Revenue": 24,
        "Gross Profit": 10,
        "Operating Income": 2,
        "EBIT": 2,
        "Net Income": 1
    },
    "2015-04-30": {
        "Diluted EPS": 0.16,
        "Total Revenue": 22,
        "Gross Profit": 9,
        "Operating Income": 1,
        "EBIT": 2,
        "Net Income": 1
    },
    "2015-01-31": {
        "Diluted EPS": 0.08,
        "Total Revenue": 22,
        "Gross Profit": 9,
        "Operating Income": 1,
        "EBIT": 1,
        "Net Income": 1
    },
    "2014-10-31": {
        "Diluted EPS": 0.2,
        "Total Revenue": 23,
        "Gross Profit": 10,
        "Operating Income": 3,
        "EBIT": 3,
        "Net Income": 2
    },
    "2014-07-31": {
        "Diluted EPS": 0.18,
        "Total Revenue": 22,
        "Gross Profit": 10,
        "Operating Income": 2,
        "EBIT": 3,
        "Net Income": 1
    },
    "2014-04-30": {
        "Diluted EPS": 0.14,
        "Total Revenue": 21,
        "Gross Profit": 9,
        "Operating Income": 2,
        "EBIT": 2,
        "Net Income": 1
    },
    "2014-01-31": {
        "Diluted EPS": 0.25,
        "Total Revenue": 18,
        "Gross Profit": 8,
        "Operating Income": 0,
        "EBIT": 1,
        "Net Income": 2
    },
    "2013-10-31": {
        "Diluted EPS": 0.14,
        "Total Revenue": 18,
        "Gross Profit": 7,
        "Operating Income": 1,
        "EBIT": 1,
        "Net Income": 1
    },
    "2013-07-31": {
        "Diluted EPS": 0.09,
        "Total Revenue": 17,
        "Gross Profit": 7,
        "Operating Income": 1,
        "EBIT": 1,
        "Net Income": 1
    },
    "2013-04-30": {
        "Diluted EPS": -0.06,
        "Total Revenue": 15,
        "Gross Profit": 5,
        "Operating Income": -1,
        "EBIT": 0,
        "Net Income": 0
    },
    "2013-01-31": {
        "Diluted EPS": 1.02,
        "Total Revenue": 16,
        "Gross Profit": 6,
        "Operating Income": 1,
        "EBIT": 1,
        "Net Income": 8
    },
    "2012-10-31": {
        "Diluted EPS": 0.18,
        "Total Revenue": 16,
        "Gross Profit": 6,
        "Operating Income": 1,
        "EBIT": 2,
        "Net Income": 1
    },
    "2012-07-31": {
        "Diluted EPS": 0.13,
        "Total Revenue": 15,
        "Gross Profit": 6,
        "Operating Income": 1,
        "EBIT": 1,
        "Net Income": 1
    },
    "2012-04-30": {
        "Diluted EPS": 0.11,
        "Total Revenue": 14,
        "Gross Profit": 5,
        "Operating Income": 0,
        "EBIT": 1,
        "Net Income": 1
    },
    "2012-01-31": {
        "Diluted EPS": 0.11,
        "Total Revenue": 6,
        "Gross Profit": 6,
        "Operating Income": 0,
        "EBIT": 0,
        "Net Income": 1
    },
    "2011-10-31": {
        "Diluted EPS": 0.11,
        "Total Revenue": 20,
        "Gross Profit": 8,
        "Operating Income": 1,
        "EBIT": 2,
        "Net Income": 1
    },
    "2011-07-31": {
        "Diluted EPS": 0.14,
        "Total Revenue": 20,
        "Gross Profit": 8,
        "Operating Income": 1,
        "EBIT": 2,
        "Net Income": 1
    },
    "2011-04-30": {
        "Diluted EPS": 0.06,
        "Total Revenue": 19,
        "Gross Profit": 8,
        "Operating Income": 1,
        "EBIT": 1,
        "Net Income": 0
    },
    "2011-01-31": {
        "Diluted EPS": 0.07,
        "Total Revenue": 18,
        "Gross Profit": 7,
        "Operating Income": 1,
        "EBIT": 1,
        "Net Income": 1
    },
    "2010-10-31": {
        "Diluted EPS": 0.11,
        "Total Revenue": 18,
        "Gross Profit": 7,
        "Operating Income": 1,
        "EBIT": 1,
        "Net Income": 1
    },
    "2010-07-31": {
        "Diluted EPS": 0.04,
        "Total Revenue": 18,
        "Gross Profit": 7,
        "Operating Income": 1,
        "EBIT": 1,
        "Net Income": 0
    },
    "2010-04-30": {
        "Diluted EPS": 0.06,
        "Total Revenue": 17,
        "Gross Profit": 7,
        "Operating Income": 1,
        "EBIT": 1,
        "Net Income": 0
    },
    "2010-01-31": {
        "Diluted EPS": 0.24,
        "Total Revenue": 16,
        "Gross Profit": 7,
        "Operating Income": 2,
        "EBIT": 2,
        "Net Income": 2
    },
    "2009-10-31": {
        "Diluted EPS": 0.09,
        "Total Revenue": 17,
        "Gross Profit": 7,
        "Operating Income": 1,
        "EBIT": 1,
        "Net Income": 1
    },
    "2009-07-31": {
        "Diluted EPS": 0.08,
        "Total Revenue": 16,
        "Gross Profit": 7,
        "Operating Income": 1,
        "EBIT": 1,
        "Net Income": 1
    },
    "2009-04-30": {
        "Diluted EPS": -0.03,
        "Total Revenue": 15,
        "Gross Profit": 6,
        "Operating Income": 0,
        "EBIT": 0,
        "Net Income": 0
    },
    "2009-01-31": {
        "Diluted EPS": 0.04,
        "Total Revenue": 16,
        "Gross Profit": 7,
        "Operating Income": 0,
        "EBIT": 1,
        "Net Income": 0
    },
    "2023-07-31": {
        "Tax Effect Of Unusual Items": -38218.0,
        "Tax Rate For Calcs": 0.194,
        "Normalized EBITDA": -47000.0,
        "Total Unusual Items": -197000.0,
        "Total Unusual Items Excluding Goodwill": -197000.0,
        "Net Income From Continuing Operation Net Minority Interest": -1617000.0,
        "Reconciled Depreciation": 1089000.0,
        "Reconciled Cost Of Revenue": 25814000.0,
        "EBITDA": -244000.0,
        "EBIT": -1333000.0,
        "Net Interest Income": -674000.0,
        "Interest Expense": 674000.0,
        "Normalized Income": -1458218.0,
        "Net Income From Continuing And Discontinued Operation": -1617000.0,
        "Total Expenses": 36722000.0,
        "Total Operating Income As Reported": -1198000.0,
        "Diluted Average Shares": 7420000.0,
        "Basic Average Shares": 7420000.0,
        "Diluted EPS": -0.22,
        "Basic EPS": -0.22,
        "Diluted NI Availto Com Stockholders": -1617000.0,
        "Net Income Common Stockholders": -1617000.0,
        "Net Income": -1617000.0,
        "Net Income Including Noncontrolling Interests": -1617000.0,
        "Net Income Continuous Operations": -1617000.0,
        "Tax Provision": -390000.0,
        "Pretax Income": -2007000.0,
        "Other Income Expense": -135000.0,
        "Other Non Operating Income Expenses": 62000.0,
        "Special Income Charges": NaN,
        "Gain On Sale Of Ppe": NaN,
        "Gain On Sale Of Security": -197000.0,
        "Net Non Operating Interest Income Expense": -674000.0,
        "Interest Expense Non Operating": 674000.0,
        "Operating Income": -1198000.0,
        "Operating Expense": 10908000.0,
        "Research And Development": 1557000.0,
        "Selling General And Administration": 9351000.0,
        "Selling And Marketing Expense": 6697000.0,
        "General And Administrative Expense": 2654000.0,
        "Other Gand A": 2654000.0,
        "Gross Profit": 9710000.0,
        "Cost Of Revenue": 25814000.0,
        "Total Revenue": 35524000.0,
        "Operating Revenue": 35524000.0
    },
    "2023-10-31": {
        "Tax Effect Of Unusual Items": -71424.0,
        "Tax Rate For Calcs": 0.256,
        "Normalized EBITDA": 5624000.0,
        "Total Unusual Items": -279000.0,
        "Total Unusual Items Excluding Goodwill": -279000.0,
        "Net Income From Continuing Operation Net Minority Interest": 2752000.0,
        "Reconciled Depreciation": 1014000.0,
        "Reconciled Cost Of Revenue": 22770000.0,
        "EBITDA": 5345000.0,
        "EBIT": 4331000.0,
        "Net Interest Income": -630000.0,
        "Interest Expense": 630000.0,
        "Normalized Income": 2959576.0,
        "Net Income From Continuing And Discontinued Operation": 2752000.0,
        "Total Expenses": 32931000.0,
        "Total Operating Income As Reported": 4618000.0,
        "Diluted Average Shares": 7484992.0,
        "Basic Average Shares": 7428202.0,
        "Diluted EPS": 0.37,
        "Basic EPS": 0.37,
        "Diluted NI Availto Com Stockholders": 2752000.0,
        "Net Income Common Stockholders": 2752000.0,
        "Net Income": 2752000.0,
        "Net Income Including Noncontrolling Interests": 2752000.0,
        "Net Income Continuous Operations": 2752000.0,
        "Tax Provision": 949000.0,
        "Pretax Income": 3701000.0,
        "Other Income Expense": -287000.0,
        "Other Non Operating Income Expenses": -8000.0,
        "Special Income Charges": NaN,
        "Gain On Sale Of Ppe": NaN,
        "Gain On Sale Of Security": -279000.0,
        "Net Non Operating Interest Income Expense": -630000.0,
        "Interest Expense Non Operating": 630000.0,
        "Operating Income": 4618000.0,
        "Operating Expense": 10161000.0,
        "Research And Development": 1683000.0,
        "Selling General And Administration": 8478000.0,
        "Selling And Marketing Expense": 5744000.0,
        "General And Administrative Expense": 2734000.0,
        "Other Gand A": 2734000.0,
        "Gross Profit": 14779000.0,
        "Cost Of Revenue": 22770000.0,
        "Total Revenue": 37549000.0,
        "Operating Revenue": 37549000.0
    },
    "2024-01-31": {
        "Tax Effect Of Unusual Items": 39775.656325,
        "Tax Rate For Calcs": 0.191229,
        "Normalized EBITDA": 5030000.0,
        "Total Unusual Items": 208000.0,
        "Total Unusual Items Excluding Goodwill": 208000.0,
        "Net Income From Continuing Operation Net Minority Interest": 2711000.0,
        "Reconciled Depreciation": 1108000.0,
        "Reconciled Cost Of Revenue": 24847000.0,
        "EBITDA": 5238000.0,
        "EBIT": 4130000.0,
        "Net Interest Income": -778000.0,
        "Interest Expense": 778000.0,
        "Normalized Income": 2542775.656325,
        "Net Income From Continuing And Discontinued Operation": 2711000.0,
        "Total Expenses": 35679000.0,
        "Total Operating Income As Reported": 3914000.0,
        "Diluted Average Shares": 7550000.0,
        "Basic Average Shares": 7438000.0,
        "Diluted EPS": 0.36,
        "Basic EPS": 0.36,
        "Diluted NI Availto Com Stockholders": 2711000.0,
        "Net Income Common Stockholders": 2711000.0,
        "Net Income": 2711000.0,
        "Net Income Including Noncontrolling Interests": 2711000.0,
        "Net Income Continuous Operations": 2711000.0,
        "Tax Provision": 641000.0,
        "Pretax Income": 3352000.0,
        "Other Income Expense": 216000.0,
        "Other Non Operating Income Expenses": 8000.0,
        "Special Income Charges": NaN,
        "Gain On Sale Of Ppe": NaN,
        "Gain On Sale Of Security": 208000.0,
        "Net Non Operating Interest Income Expense": -778000.0,
        "Interest Expense Non Operating": 778000.0,
        "Operating Income": 3914000.0,
        "Operating Expense": 10832000.0,
        "Research And Development": 1878000.0,
        "Selling General And Administration": 8954000.0,
        "Selling And Marketing Expense": 5977000.0,
        "General And Administrative Expense": 2977000.0,
        "Other Gand A": 2977000.0,
        "Gross Profit": 14746000.0,
        "Cost Of Revenue": 24847000.0,
        "Total Revenue": 39593000.0,
        "Operating Revenue": 39593000.0
    }
}