{
    "2023-03-31": {
        "Tax Effect Of Unusual Items": 0.0,
        "Tax Rate For Calcs": 0.21,
        "Normalized EBITDA": 24592000.0,
        "Net Income From Continuing Operation Net Minority Interest": 14416000.0,
        "Reconciled Depreciation": 10739000.0,
        "Reconciled Cost Of Revenue": 73106000.0,
        "EBITDA": 24592000.0,
        "EBIT": 13853000.0,
        "Net Interest Income": 4314000.0,
        "Interest Expense": 868000.0,
        "Interest Income": 5182000.0,
        "Normalized Income": 14416000.0,
        "Net Income From Continuing And Discontinued Operation": 14416000.0,
        "Total Expenses": 200897000.0,
        "Total Operating Income As Reported": 8819000.0,
        "Diluted Average Shares": 54296321.0,
        "Basic Average Shares": 49584890.0,
        "Diluted EPS": 0.28,
        "Basic EPS": 0.29,
        "Diluted NI Availto Com Stockholders": 15006000.0,
        "Average Dilution Earnings": 590000.0,
        "Net Income Common Stockholders": 14416000.0,
        "Net Income": 14416000.0,
        "Minority Interests": 209000.0,
        "Net Income Including Noncontrolling Interests": 14207000.0,
        "Net Income Continuous Operations": 14207000.0,
        "Tax Provision": -1222000.0,
        "Pretax Income": 12985000.0,
        "Other Income Expense": -148000.0,
        "Other Non Operating Income Expenses": -148000.0,
        "Net Non Operating Interest Income Expense": 4314000.0,
        "Interest Expense Non Operating": 868000.0,
        "Interest Income Non Operating": 5182000.0,
        "Operating Income": 8819000.0,
        "Operating Expense": 124725000.0,
        "Depreciation Amortization Depletion Income Statement": 7673000.0,
        "Depreciation And Amortization In Income Statement": 7673000.0,
        "Research And Development": 61908000.0,
        "Selling General And Administration": 55144000.0,
        "Selling And Marketing Expense": 26645000.0,
        "General And Administrative Expense": 28499000.0,
        "Other Gand A": 28499000.0,
        "Salaries And Wages": NaN,
        "Gross Profit": 133544000.0,
        "Cost Of Revenue": 76172000.0,
        "Total Revenue": 209716000.0,
        "Operating Revenue": 209716000.0
    },
    "2022-12-31": {
        "Tax Effect Of Unusual Items": 0.0,
        "Tax Rate For Calcs": 0.026805,
        "Normalized EBITDA": 29869000.0,
        "Net Income From Continuing Operation Net Minority Interest": 18085000.0,
        "Reconciled Depreciation": 10801000.0,
        "Reconciled Cost Of Revenue": 76518000.0,
        "EBITDA": 29869000.0,
        "EBIT": 19068000.0,
        "Net Interest Income": 3909000.0,
        "Interest Expense": 788000.0,
        "Interest Income": 4697000.0,
        "Normalized Income": 18085000.0,
        "Net Income From Continuing And Discontinued Operation": 18085000.0,
        "Total Expenses": 193667000.0,
        "Total Operating Income As Reported": 14472000.0,
        "Diluted Average Shares": 54534956.0,
        "Basic Average Shares": 49781756.0,
        "Diluted EPS": 0.34,
        "Basic EPS": 0.36,
        "Diluted NI Availto Com Stockholders": 16324000.0,
        "Average Dilution Earnings": NaN,
        "Net Income Common Stockholders": 18085000.0,
        "Net Income": 18085000.0,
        "Minority Interests": 295000.0,
        "Net Income Including Noncontrolling Interests": 17790000.0,
        "Net Income Continuous Operations": 17790000.0,
        "Tax Provision": 490000.0,
        "Pretax Income": 18280000.0,
        "Other Income Expense": -101000.0,
        "Other Non Operating Income Expenses": -101000.0,
        "Net Non Operating Interest Income Expense": 3909000.0,
        "Interest Expense Non Operating": 788000.0,
        "Interest Income Non Operating": 4697000.0,
        "Operating Income": 14472000.0,
        "Operating Expense": 114095000.0,
        "Depreciation Amortization Depletion Income Statement": 7747000.0,
        "Depreciation And Amortization In Income Statement": 7747000.0,
        "Research And Development": 57408000.0,
        "Selling General And Administration": 48940000.0,
        "Selling And Marketing Expense": 23566000.0,
        "General And Administrative Expense": 25374000.0,
        "Other Gand A": 25374000.0,
        "Salaries And Wages": NaN,
        "Gross Profit": 128567000.0,
        "Cost Of Revenue": 79572000.0,
        "Total Revenue": 208139000.0,
        "Operating Revenue": 208139000.0
    },
    "2022-09-30": {
        "Tax Effect Of Unusual Items": 0.0,
        "Tax Rate For Calcs": 0.013402,
        "Normalized EBITDA": 26730000.0,
        "Net Income From Continuing Operation Net Minority Interest": 18332000.0,
        "Reconciled Depreciation": 7587000.0,
        "Reconciled Cost Of Revenue": 85586000.0,
        "EBITDA": 26730000.0,
        "EBIT": 19143000.0,
        "Net Interest Income": 2116000.0,
        "Interest Expense": 787000.0,
        "Interest Income": 2903000.0,
        "Normalized Income": 18332000.0,
        "Net Income From Continuing And Discontinued Operation": 18332000.0,
        "Total Expenses": 199822000.0,
        "Total Operating Income As Reported": 16316000.0,
        "Diluted Average Shares": 54832528.0,
        "Basic Average Shares": 49791465.0,
        "Diluted EPS": 0.35,
        "Basic EPS": 0.37,
        "Diluted NI Availto Com Stockholders": 18332000.0,
        "Average Dilution Earnings": 588000.0,
        "Net Income Common Stockholders": 18332000.0,
        "Net Income": 18332000.0,
        "Minority Interests": 222000.0,
        "Net Income Including Noncontrolling Interests": 18110000.0,
        "Net Income Continuous Operations": 18110000.0,
        "Tax Provision": 246000.0,
        "Pretax Income": 18356000.0,
        "Other Income Expense": -76000.0,
        "Other Non Operating Income Expenses": -76000.0,
        "Net Non Operating Interest Income Expense": 2116000.0,
        "Interest Expense Non Operating": 787000.0,
        "Interest Income Non Operating": 2903000.0,
        "Operating Income": 16316000.0,
        "Operating Expense": 114236000.0,
        "Depreciation Amortization Depletion Income Statement": 7587000.0,
        "Depreciation And Amortization In Income Statement": 7587000.0,
        "Research And Development": 55581000.0,
        "Selling General And Administration": 51068000.0,
        "Selling And Marketing Expense": 23057000.0,
        "General And Administrative Expense": 28011000.0,
        "Other Gand A": 28011000.0,
        "Salaries And Wages": NaN,
        "Gross Profit": 130552000.0,
        "Cost Of Revenue": 85586000.0,
        "Total Revenue": 216138000.0,
        "Operating Revenue": 216138000.0
    },
    "2022-06-30": {
        "Tax Effect Of Unusual Items": 0.0,
        "Tax Rate For Calcs": 0.072,
        "Normalized EBITDA": 20580000.0,
        "Net Income From Continuing Operation Net Minority Interest": 10842000.0,
        "Reconciled Depreciation": 8123000.0,
        "Reconciled Cost Of Revenue": 86988000.0,
        "EBITDA": 20580000.0,
        "EBIT": 12457000.0,
        "Net Interest Income": 231000.0,
        "Interest Expense": 785000.0,
        "Interest Income": 1016000.0,
        "Normalized Income": 10842000.0,
        "Net Income From Continuing And Discontinued Operation": 10842000.0,
        "Total Expenses": 201509000.0,
        "Total Operating Income As Reported": 11336000.0,
        "Diluted Average Shares": 54757020.0,
        "Basic Average Shares": 49931689.0,
        "Diluted EPS": 0.21,
        "Basic EPS": 0.22,
        "Diluted NI Availto Com Stockholders": 11429000.0,
        "Average Dilution Earnings": 587000.0,
        "Net Income Common Stockholders": 10842000.0,
        "Net Income": 10842000.0,
        "Minority Interests": 14000.0,
        "Net Income Including Noncontrolling Interests": 10828000.0,
        "Net Income Continuous Operations": 10828000.0,
        "Tax Provision": 844000.0,
        "Pretax Income": 11672000.0,
        "Other Income Expense": 105000.0,
        "Other Non Operating Income Expenses": 105000.0,
        "Net Non Operating Interest Income Expense": 231000.0,
        "Interest Expense Non Operating": 785000.0,
        "Interest Income Non Operating": 1016000.0,
        "Operating Income": 11336000.0,
        "Operating Expense": 114173000.0,
        "Depreciation Amortization Depletion Income Statement": 7775000.0,
        "Depreciation And Amortization In Income Statement": 7775000.0,
        "Research And Development": 54156000.0,
        "Selling General And Administration": 52242000.0,
        "Selling And Marketing Expense": 22933000.0,
        "General And Administrative Expense": 29309000.0,
        "Other Gand A": 29309000.0,
        "Salaries And Wages": NaN,
        "Gross Profit": 125509000.0,
        "Cost Of Revenue": 87336000.0,
        "Total Revenue": 212845000.0,
        "Operating Revenue": 212845000.0
    },
    "2022-03-31": {
        "Diluted EPS": 0.18,
        "Total Revenue": 205,
        "Gross Profit": 115,
        "Operating Income": 9,
        "EBIT": 20,
        "Net Income": 9
    },
    "2021-12-31": {
        "Diluted EPS": 0.18,
        "Total Revenue": 195,
        "Gross Profit": 113,
        "Operating Income": 11,
        "EBIT": 25,
        "Net Income": 9
    },
    "2021-09-30": {
        "Diluted EPS": 0.26,
        "Total Revenue": 192,
        "Gross Profit": 112,
        "Operating Income": 19,
        "EBIT": 34,
        "Net Income": 14
    },
    "2021-06-30": {
        "Diluted EPS": 0.28,
        "Total Revenue": 189,
        "Gross Profit": 111,
        "Operating Income": 17,
        "EBIT": 31,
        "Net Income": 15
    },
    "2021-03-31": {
        "Diluted EPS": 0.29,
        "Total Revenue": 172,
        "Gross Profit": 107,
        "Operating Income": 15,
        "EBIT": 28,
        "Net Income": 15
    },
    "2020-12-31": {
        "Diluted EPS": 0.3,
        "Total Revenue": 166,
        "Gross Profit": 106,
        "Operating Income": 13,
        "EBIT": 24,
        "Net Income": 16
    },
    "2020-09-30": {
        "Diluted EPS": 0.71,
        "Total Revenue": 159,
        "Gross Profit": 98,
        "Operating Income": 18,
        "EBIT": 27,
        "Net Income": 36
    },
    "2020-06-30": {
        "Diluted EPS": 0.34,
        "Total Revenue": 142,
        "Gross Profit": 93,
        "Operating Income": 15,
        "EBIT": 24,
        "Net Income": 17
    },
    "2020-03-31": {
        "Diluted EPS": 0.18,
        "Total Revenue": 152,
        "Gross Profit": 94,
        "Operating Income": 10,
        "EBIT": 19,
        "Net Income": 9
    },
    "2019-12-31": {
        "Diluted EPS": 0.26,
        "Total Revenue": 140,
        "Gross Profit": 88,
        "Operating Income": 15,
        "EBIT": 24,
        "Net Income": 13
    },
    "2019-09-30": {
        "Diluted EPS": 0.35,
        "Total Revenue": 128,
        "Gross Profit": 80,
        "Operating Income": 12,
        "EBIT": 20,
        "Net Income": 18
    },
    "2019-06-30": {
        "Diluted EPS": 0.27,
        "Total Revenue": 122,
        "Gross Profit": 77,
        "Operating Income": 14,
        "EBIT": 21,
        "Net Income": 14
    },
    "2019-03-31": {
        "Diluted EPS": 0.18,
        "Total Revenue": 112,
        "Gross Profit": 73,
        "Operating Income": 9,
        "EBIT": 16,
        "Net Income": 9
    },
    "2018-12-31": {
        "Diluted EPS": 0.16,
        "Total Revenue": 111,
        "Gross Profit": 73,
        "Operating Income": 8,
        "EBIT": 14,
        "Net Income": 8
    },
    "2018-09-30": {
        "Diluted EPS": -0.16,
        "Total Revenue": 112,
        "Gross Profit": 70,
        "Operating Income": -17,
        "EBIT": -11,
        "Net Income": -8
    },
    "2018-06-30": {
        "Diluted EPS": 0.22,
        "Total Revenue": 104,
        "Gross Profit": 68,
        "Operating Income": 9,
        "EBIT": 14,
        "Net Income": 11
    },
    "2018-03-31": {
        "Diluted EPS": 0.21,
        "Total Revenue": 93,
        "Gross Profit": 64,
        "Operating Income": 12,
        "EBIT": 17,
        "Net Income": 11
    },
    "2017-12-31": {
        "Diluted EPS": 0.0,
        "Total Revenue": 89,
        "Gross Profit": 61,
        "Operating Income": 13,
        "EBIT": 18,
        "Net Income": 0
    },
    "2017-09-30": {
        "Diluted EPS": 0.31,
        "Total Revenue": 90,
        "Gross Profit": 58,
        "Operating Income": 10,
        "EBIT": 16,
        "Net Income": 15
    },
    "2017-06-30": {
        "Diluted EPS": 0.2,
        "Total Revenue": 86,
        "Gross Profit": 56,
        "Operating Income": 6,
        "EBIT": 11,
        "Net Income": 10
    },
    "2017-03-31": {
        "Diluted EPS": 0.08,
        "Total Revenue": 74,
        "Gross Profit": 48,
        "Operating Income": 4,
        "EBIT": 8,
        "Net Income": 4
    },
    "2016-12-31": {
        "Diluted EPS": 0.06,
        "Total Revenue": 70,
        "Gross Profit": 43,
        "Operating Income": 4,
        "EBIT": 6,
        "Net Income": 3
    },
    "2016-09-30": {
        "Diluted EPS": 0.05,
        "Total Revenue": 68,
        "Gross Profit": 41,
        "Operating Income": 3,
        "EBIT": 5,
        "Net Income": 3
    },
    "2016-06-30": {
        "Diluted EPS": 0.04,
        "Total Revenue": 64,
        "Gross Profit": 39,
        "Operating Income": 3,
        "EBIT": 5,
        "Net Income": 2
    },
    "2016-03-31": {
        "Diluted EPS": 0.06,
        "Total Revenue": 59,
        "Gross Profit": 38,
        "Operating Income": 4,
        "EBIT": 6,
        "Net Income": 3
    },
    "2015-12-31": {
        "Diluted EPS": 5.69,
        "Total Revenue": 57,
        "Gross Profit": 37,
        "Operating Income": 5,
        "EBIT": 6,
        "Net Income": 6
    },
    "2015-09-30": {
        "Diluted EPS": 0.06,
        "Total Revenue": 54,
        "Gross Profit": 34,
        "Operating Income": 4,
        "EBIT": 6,
        "Net Income": 3
    },
    "2015-06-30": {
        "Diluted EPS": -6.09,
        "Total Revenue": 52,
        "Gross Profit": 31,
        "Operating Income": 4,
        "EBIT": 6,
        "Net Income": -16
    },
    "2015-03-31": {
        "Diluted EPS": 0.04,
        "Total Revenue": 46,
        "Gross Profit": 29,
        "Operating Income": 5,
        "EBIT": 7,
        "Net Income": 0
    },
    "2014-12-31": {
        "Diluted EPS": 0.05,
        "Total Revenue": 46,
        "Gross Profit": 28,
        "Operating Income": 7,
        "EBIT": 8,
        "Net Income": 4
    },
    "2014-09-30": {
        "Diluted EPS": 0.03,
        "Total Revenue": 43,
        "Gross Profit": 25,
        "Operating Income": 3,
        "EBIT": 4,
        "Net Income": 0
    },
    "2014-06-30": {
        "Diluted EPS": 0.02,
        "Total Revenue": 42,
        "Gross Profit": 24,
        "Operating Income": 4,
        "EBIT": 4,
        "Net Income": 0
    },
    "2014-03-31": {
        "Diluted EPS": 0.04,
        "Total Revenue": 37,
        "Gross Profit": 23,
        "Operating Income": 7,
        "EBIT": 8,
        "Net Income": 0
    },
    "2013-12-31": {
        "Diluted EPS": 0.0,
        "Total Revenue": NaN,
        "Gross Profit": NaN,
        "Operating Income": NaN,
        "EBIT": NaN,
        "Net Income": NaN
    },
    "2012-12-31": {
        "Diluted EPS": 0.0,
        "Total Revenue": NaN,
        "Gross Profit": NaN,
        "Operating Income": NaN,
        "EBIT": NaN,
        "Net Income": NaN
    },
    "2023-06-30": {
        "Tax Effect Of Unusual Items": 0.0,
        "Tax Rate For Calcs": 0.294,
        "Normalized EBITDA": 33997000.0,
        "Net Income From Continuing Operation Net Minority Interest": 15799000.0,
        "Reconciled Depreciation": 11052000.0,
        "Reconciled Cost Of Revenue": 83175000.0,
        "EBITDA": 33997000.0,
        "EBIT": 22945000.0,
        "Net Interest Income": 6590000.0,
        "Interest Expense": 827000.0,
        "Interest Income": 7417000.0,
        "Normalized Income": 15799000.0,
        "Net Income From Continuing And Discontinued Operation": 15799000.0,
        "Total Expenses": 207716000.0,
        "Total Operating Income As Reported": 16159000.0,
        "Diluted Average Shares": 54446275.0,
        "Basic Average Shares": 49859615.0,
        "Diluted EPS": 0.3,
        "Basic EPS": 0.32,
        "Diluted NI Availto Com Stockholders": 16390000.0,
        "Average Dilution Earnings": 591000.0,
        "Net Income Common Stockholders": 15799000.0,
        "Net Income": 15799000.0,
        "Minority Interests": 188000.0,
        "Net Income Including Noncontrolling Interests": 15611000.0,
        "Net Income Continuous Operations": 15611000.0,
        "Tax Provision": 6507000.0,
        "Pretax Income": 22118000.0,
        "Other Income Expense": -631000.0,
        "Other Non Operating Income Expenses": -631000.0,
        "Net Non Operating Interest Income Expense": 6590000.0,
        "Interest Expense Non Operating": 827000.0,
        "Interest Income Non Operating": 7417000.0,
        "Operating Income": 16159000.0,
        "Operating Expense": 121349000.0,
        "Depreciation Amortization Depletion Income Statement": 7860000.0,
        "Depreciation And Amortization In Income Statement": 7860000.0,
        "Research And Development": 60918000.0,
        "Selling General And Administration": 52571000.0,
        "Selling And Marketing Expense": 23772000.0,
        "General And Administrative Expense": 28799000.0,
        "Other Gand A": 28799000.0,
        "Salaries And Wages": 4360000.0,
        "Gross Profit": 137508000.0,
        "Cost Of Revenue": 86367000.0,
        "Total Revenue": 223875000.0,
        "Operating Revenue": 223875000.0
    },
    "2023-09-30": {
        "Tax Effect Of Unusual Items": 0.0,
        "Tax Rate For Calcs": 0.17,
        "Normalized EBITDA": 35424000.0,
        "Net Income From Continuing Operation Net Minority Interest": 19524000.0,
        "Reconciled Depreciation": 11195000.0,
        "Reconciled Cost Of Revenue": 78158000.0,
        "EBITDA": 35424000.0,
        "EBIT": 24229000.0,
        "Net Interest Income": 7587000.0,
        "Interest Expense": 906000.0,
        "Interest Income": 8493000.0,
        "Normalized Income": 19524000.0,
        "Net Income From Continuing And Discontinued Operation": 19524000.0,
        "Total Expenses": 205683000.0,
        "Total Operating Income As Reported": 16171000.0,
        "Diluted Average Shares": 54778793.0,
        "Basic Average Shares": 49917533.0,
        "Diluted EPS": 0.37,
        "Basic EPS": 0.39,
        "Diluted NI Availto Com Stockholders": 20117000.0,
        "Average Dilution Earnings": 593000.0,
        "Net Income Common Stockholders": 19524000.0,
        "Net Income": 19524000.0,
        "Minority Interests": 173000.0,
        "Net Income Including Noncontrolling Interests": 19351000.0,
        "Net Income Continuous Operations": 19351000.0,
        "Tax Provision": 3972000.0,
        "Pretax Income": 23323000.0,
        "Other Income Expense": -435000.0,
        "Other Non Operating Income Expenses": -435000.0,
        "Net Non Operating Interest Income Expense": 7587000.0,
        "Interest Expense Non Operating": 906000.0,
        "Interest Income Non Operating": 8493000.0,
        "Operating Income": 16171000.0,
        "Operating Expense": 124278000.0,
        "Depreciation Amortization Depletion Income Statement": 7948000.0,
        "Depreciation And Amortization In Income Statement": 7948000.0,
        "Research And Development": 61014000.0,
        "Selling General And Administration": 55316000.0,
        "Selling And Marketing Expense": 23861000.0,
        "General And Administrative Expense": 31455000.0,
        "Other Gand A": 31455000.0,
        "Salaries And Wages": NaN,
        "Gross Profit": 140449000.0,
        "Cost Of Revenue": 81405000.0,
        "Total Revenue": 221854000.0,
        "Operating Revenue": 221854000.0
    },
    "2023-12-31": {
        "Tax Effect Of Unusual Items": 0.0,
        "Tax Rate For Calcs": 0.208838,
        "Normalized EBITDA": 51362000.0,
        "Net Income From Continuing Operation Net Minority Interest": 31304000.0,
        "Reconciled Depreciation": 11135000.0,
        "Reconciled Cost Of Revenue": 78023000.0,
        "EBITDA": 51362000.0,
        "EBIT": 40227000.0,
        "Net Interest Income": 7881000.0,
        "Interest Expense": 828000.0,
        "Interest Income": 8709000.0,
        "Normalized Income": 31304000.0,
        "Net Income From Continuing And Discontinued Operation": 31304000.0,
        "Total Expenses": 200557000.0,
        "Total Operating Income As Reported": 25680000.0,
        "Diluted Average Shares": NaN,
        "Basic Average Shares": NaN,
        "Diluted EPS": NaN,
        "Basic EPS": NaN,
        "Diluted NI Availto Com Stockholders": 29530000.0,
        "Average Dilution Earnings": NaN,
        "Net Income Common Stockholders": 31304000.0,
        "Net Income": 31304000.0,
        "Minority Interests": 133000.0,
        "Net Income Including Noncontrolling Interests": 31171000.0,
        "Net Income Continuous Operations": 31171000.0,
        "Tax Provision": 8228000.0,
        "Pretax Income": 39399000.0,
        "Other Income Expense": 5838000.0,
        "Other Non Operating Income Expenses": 5838000.0,
        "Net Non Operating Interest Income Expense": 7881000.0,
        "Interest Expense Non Operating": 828000.0,
        "Interest Income Non Operating": 8709000.0,
        "Operating Income": 25680000.0,
        "Operating Expense": 119342000.0,
        "Depreciation Amortization Depletion Income Statement": 7943000.0,
        "Depreciation And Amortization In Income Statement": 7943000.0,
        "Research And Development": 61274000.0,
        "Selling General And Administration": 50125000.0,
        "Selling And Marketing Expense": 25948000.0,
        "General And Administrative Expense": 24177000.0,
        "Other Gand A": 24177000.0,
        "Salaries And Wages": NaN,
        "Gross Profit": 145022000.0,
        "Cost Of Revenue": 81215000.0,
        "Total Revenue": 226237000.0,
        "Operating Revenue": 226237000.0
    },
    "2024-03-31": {
        "Tax Effect Of Unusual Items": 0.0,
        "Tax Rate For Calcs": 0.105,
        "Normalized EBITDA": 37480000.0,
        "Net Income From Continuing Operation Net Minority Interest": 23595000.0,
        "Reconciled Depreciation": 10533000.0,
        "Reconciled Cost Of Revenue": 73319000.0,
        "EBITDA": 37480000.0,
        "EBIT": 26947000.0,
        "Net Interest Income": 7744000.0,
        "Interest Expense": 796000.0,
        "Interest Income": 8540000.0,
        "Normalized Income": 23595000.0,
        "Net Income From Continuing And Discontinued Operation": 23595000.0,
        "Total Expenses": 204558000.0,
        "Total Operating Income As Reported": 18725000.0,
        "Diluted Average Shares": 55047087.0,
        "Basic Average Shares": 49963265.0,
        "Diluted EPS": 0.44,
        "Basic EPS": 0.47,
        "Diluted NI Availto Com Stockholders": 24189000.0,
        "Average Dilution Earnings": 594000.0,
        "Net Income Common Stockholders": 23595000.0,
        "Net Income": 23595000.0,
        "Minority Interests": 191000.0,
        "Net Income Including Noncontrolling Interests": 23404000.0,
        "Net Income Continuous Operations": 23404000.0,
        "Tax Provision": 2747000.0,
        "Pretax Income": 26151000.0,
        "Other Income Expense": -318000.0,
        "Other Non Operating Income Expenses": -318000.0,
        "Net Non Operating Interest Income Expense": 7744000.0,
        "Interest Expense Non Operating": 796000.0,
        "Interest Income Non Operating": 8540000.0,
        "Operating Income": 18725000.0,
        "Operating Expense": 128043000.0,
        "Depreciation Amortization Depletion Income Statement": 7337000.0,
        "Depreciation And Amortization In Income Statement": 7337000.0,
        "Research And Development": 65956000.0,
        "Selling General And Administration": 54750000.0,
        "Selling And Marketing Expense": 25454000.0,
        "General And Administrative Expense": 29296000.0,
        "Other Gand A": 29296000.0,
        "Salaries And Wages": NaN,
        "Gross Profit": 146768000.0,
        "Cost Of Revenue": 76515000.0,
        "Total Revenue": 223283000.0,
        "Operating Revenue": 223283000.0
    }
}