{
    "2023-03-31": {
        "Tax Effect Of Unusual Items": NaN,
        "Tax Rate For Calcs": NaN,
        "Normalized EBITDA": NaN,
        "Total Unusual Items": NaN,
        "Total Unusual Items Excluding Goodwill": NaN,
        "Net Income From Continuing Operation Net Minority Interest": NaN,
        "Reconciled Depreciation": NaN,
        "Reconciled Cost Of Revenue": NaN,
        "EBITDA": NaN,
        "EBIT": NaN,
        "Net Interest Income": NaN,
        "Interest Expense": NaN,
        "Normalized Income": NaN,
        "Net Income From Continuing And Discontinued Operation": NaN,
        "Total Expenses": NaN,
        "Total Operating Income As Reported": NaN,
        "Diluted Average Shares": 32430715.0,
        "Basic Average Shares": 32223221.0,
        "Diluted EPS": 0.01,
        "Basic EPS": 0.01,
        "Diluted NI Availto Com Stockholders": NaN,
        "Net Income Common Stockholders": NaN,
        "Preferred Stock Dividends": NaN,
        "Net Income": NaN,
        "Net Income Including Noncontrolling Interests": NaN,
        "Net Income Continuous Operations": NaN,
        "Tax Provision": NaN,
        "Pretax Income": NaN,
        "Other Income Expense": NaN,
        "Other Non Operating Income Expenses": NaN,
        "Special Income Charges": NaN,
        "Other Special Charges": NaN,
        "Net Non Operating Interest Income Expense": NaN,
        "Interest Expense Non Operating": NaN,
        "Operating Income": NaN,
        "Operating Expense": NaN,
        "Depreciation Amortization Depletion Income Statement": NaN,
        "Depreciation And Amortization In Income Statement": NaN,
        "Selling General And Administration": NaN,
        "General And Administrative Expense": NaN,
        "Other Gand A": NaN,
        "Gross Profit": NaN,
        "Cost Of Revenue": NaN,
        "Total Revenue": NaN,
        "Operating Revenue": NaN
    },
    "2022-12-31": {
        "Tax Effect Of Unusual Items": NaN,
        "Tax Rate For Calcs": NaN,
        "Normalized EBITDA": NaN,
        "Total Unusual Items": 0.0,
        "Total Unusual Items Excluding Goodwill": 0.0,
        "Net Income From Continuing Operation Net Minority Interest": NaN,
        "Reconciled Depreciation": NaN,
        "Reconciled Cost Of Revenue": NaN,
        "EBITDA": NaN,
        "EBIT": NaN,
        "Net Interest Income": NaN,
        "Interest Expense": NaN,
        "Normalized Income": NaN,
        "Net Income From Continuing And Discontinued Operation": NaN,
        "Total Expenses": NaN,
        "Total Operating Income As Reported": NaN,
        "Diluted Average Shares": NaN,
        "Basic Average Shares": NaN,
        "Diluted EPS": NaN,
        "Basic EPS": NaN,
        "Diluted NI Availto Com Stockholders": NaN,
        "Net Income Common Stockholders": NaN,
        "Preferred Stock Dividends": NaN,
        "Net Income": NaN,
        "Net Income Including Noncontrolling Interests": NaN,
        "Net Income Continuous Operations": NaN,
        "Tax Provision": NaN,
        "Pretax Income": NaN,
        "Other Income Expense": NaN,
        "Other Non Operating Income Expenses": NaN,
        "Special Income Charges": 0.0,
        "Other Special Charges": NaN,
        "Net Non Operating Interest Income Expense": NaN,
        "Interest Expense Non Operating": NaN,
        "Operating Income": NaN,
        "Operating Expense": NaN,
        "Depreciation Amortization Depletion Income Statement": NaN,
        "Depreciation And Amortization In Income Statement": NaN,
        "Selling General And Administration": NaN,
        "General And Administrative Expense": NaN,
        "Other Gand A": NaN,
        "Gross Profit": NaN,
        "Cost Of Revenue": NaN,
        "Total Revenue": NaN,
        "Operating Revenue": NaN
    },
    "2022-09-30": {
        "Tax Effect Of Unusual Items": NaN,
        "Tax Rate For Calcs": NaN,
        "Normalized EBITDA": NaN,
        "Total Unusual Items": 0.0,
        "Total Unusual Items Excluding Goodwill": 0.0,
        "Net Income From Continuing Operation Net Minority Interest": NaN,
        "Reconciled Depreciation": NaN,
        "Reconciled Cost Of Revenue": NaN,
        "EBITDA": NaN,
        "EBIT": NaN,
        "Net Interest Income": NaN,
        "Interest Expense": NaN,
        "Normalized Income": NaN,
        "Net Income From Continuing And Discontinued Operation": NaN,
        "Total Expenses": NaN,
        "Total Operating Income As Reported": NaN,
        "Diluted Average Shares": 32138952.0,
        "Basic Average Shares": 31981843.0,
        "Diluted EPS": 0.14,
        "Basic EPS": 0.14,
        "Diluted NI Availto Com Stockholders": NaN,
        "Net Income Common Stockholders": NaN,
        "Preferred Stock Dividends": NaN,
        "Net Income": NaN,
        "Net Income Including Noncontrolling Interests": NaN,
        "Net Income Continuous Operations": NaN,
        "Tax Provision": NaN,
        "Pretax Income": NaN,
        "Other Income Expense": NaN,
        "Other Non Operating Income Expenses": NaN,
        "Special Income Charges": 0.0,
        "Net Non Operating Interest Income Expense": NaN,
        "Interest Expense Non Operating": NaN,
        "Operating Income": NaN,
        "Operating Expense": NaN,
        "Depreciation Amortization Depletion Income Statement": NaN,
        "Depreciation And Amortization In Income Statement": NaN,
        "Selling General And Administration": NaN,
        "General And Administrative Expense": NaN,
        "Other Gand A": NaN,
        "Gross Profit": NaN,
        "Cost Of Revenue": NaN,
        "Total Revenue": NaN,
        "Operating Revenue": NaN
    },
    "2022-06-30": {
        "Tax Effect Of Unusual Items": 0.0,
        "Tax Rate For Calcs": 0.4,
        "Normalized EBITDA": 40700000.0,
        "Total Unusual Items": 0.0,
        "Total Unusual Items Excluding Goodwill": 0.0,
        "Net Income From Continuing Operation Net Minority Interest": 6100000.0,
        "Reconciled Depreciation": 27300000.0,
        "Reconciled Cost Of Revenue": 277400000.0,
        "EBITDA": 40700000.0,
        "EBIT": 13400000.0,
        "Net Interest Income": -6800000.0,
        "Interest Expense": 6800000.0,
        "Normalized Income": 6100000.0,
        "Net Income From Continuing And Discontinued Operation": 6100000.0,
        "Total Expenses": 393500000.0,
        "Total Operating Income As Reported": 13000000.0,
        "Diluted Average Shares": 32151512.0,
        "Basic Average Shares": 31933032.0,
        "Diluted EPS": 0.17,
        "Basic EPS": 0.17,
        "Diluted NI Availto Com Stockholders": 5400000.0,
        "Net Income Common Stockholders": 5400000.0,
        "Preferred Stock Dividends": 700000.0,
        "Net Income": 6100000.0,
        "Net Income Including Noncontrolling Interests": 7100000.0,
        "Net Income Continuous Operations": 7100000.0,
        "Tax Provision": -500000.0,
        "Pretax Income": 6600000.0,
        "Other Income Expense": 400000.0,
        "Other Non Operating Income Expenses": 400000.0,
        "Special Income Charges": 0.0,
        "Net Non Operating Interest Income Expense": -6800000.0,
        "Interest Expense Non Operating": 6800000.0,
        "Operating Income": 13000000.0,
        "Operating Expense": 92800000.0,
        "Depreciation Amortization Depletion Income Statement": 4000000.0,
        "Depreciation And Amortization In Income Statement": 4000000.0,
        "Selling General And Administration": 88800000.0,
        "General And Administrative Expense": 88800000.0,
        "Other Gand A": 88800000.0,
        "Gross Profit": 105800000.0,
        "Cost Of Revenue": 300700000.0,
        "Total Revenue": 406500000.0,
        "Operating Revenue": 406500000.0
    },
    "2022-03-31": {
        "Diluted EPS": -0.06,
        "Total Revenue": 332,
        "Gross Profit": 91,
        "Operating Income": 5,
        "EBIT": 29,
        "Net Income": -2
    },
    "2021-12-31": {
        "Diluted EPS": -0.04,
        "Total Revenue": 356,
        "Gross Profit": 89,
        "Operating Income": 8,
        "EBIT": 35,
        "Net Income": -1
    },
    "2021-09-30": {
        "Diluted EPS": -0.02,
        "Total Revenue": 295,
        "Gross Profit": 81,
        "Operating Income": 6,
        "EBIT": 31,
        "Net Income": -1
    },
    "2021-06-30": {
        "Diluted EPS": -0.49,
        "Total Revenue": 293,
        "Gross Profit": 77,
        "Operating Income": 3,
        "EBIT": 27,
        "Net Income": -16
    },
    "2021-03-31": {
        "Diluted EPS": -0.19,
        "Total Revenue": 269,
        "Gross Profit": 67,
        "Operating Income": 1,
        "EBIT": 22,
        "Net Income": -6
    },
    "2020-12-31": {
        "Diluted EPS": 0.14,
        "Total Revenue": 280,
        "Gross Profit": 64,
        "Operating Income": -1,
        "EBIT": 24,
        "Net Income": -3
    },
    "2020-09-30": {
        "Diluted EPS": 0.01,
        "Total Revenue": 221,
        "Gross Profit": 57,
        "Operating Income": -4,
        "EBIT": 18,
        "Net Income": 0
    },
    "2020-06-30": {
        "Diluted EPS": -0.14,
        "Total Revenue": 192,
        "Gross Profit": 46,
        "Operating Income": 1,
        "EBIT": 18,
        "Net Income": -4
    },
    "2020-03-31": {
        "Diluted EPS": -0.91,
        "Total Revenue": 181,
        "Gross Profit": 47,
        "Operating Income": -5,
        "EBIT": 9,
        "Net Income": -17
    },
    "2019-12-31": {
        "Diluted EPS": -0.79,
        "Total Revenue": 169,
        "Gross Profit": 42,
        "Operating Income": -1,
        "EBIT": 14,
        "Net Income": -6
    },
    "2019-09-30": {
        "Diluted EPS": -3.74,
        "Total Revenue": 150,
        "Gross Profit": 44,
        "Operating Income": 6,
        "EBIT": 21,
        "Net Income": -27
    },
    "2019-06-30": {
        "Diluted EPS": 0.05,
        "Total Revenue": 136,
        "Gross Profit": 39,
        "Operating Income": 5,
        "EBIT": 17,
        "Net Income": 0
    },
    "2019-03-31": {
        "Diluted EPS": -0.36,
        "Total Revenue": 102,
        "Gross Profit": 28,
        "Operating Income": 2,
        "EBIT": 11,
        "Net Income": -3
    },
    "2018-12-31": {
        "Diluted EPS": 0.0,
        "Total Revenue": NaN,
        "Gross Profit": NaN,
        "Operating Income": 0,
        "EBIT": 0,
        "Net Income": 0
    },
    "2018-09-30": {
        "Diluted EPS": 0.0,
        "Total Revenue": NaN,
        "Gross Profit": NaN,
        "Operating Income": NaN,
        "EBIT": NaN,
        "Net Income": NaN
    },
    "2018-06-30": {
        "Diluted EPS": 0.0,
        "Total Revenue": NaN,
        "Gross Profit": NaN,
        "Operating Income": NaN,
        "EBIT": NaN,
        "Net Income": NaN
    },
    "2018-03-31": {
        "Diluted EPS": 0.0,
        "Total Revenue": NaN,
        "Gross Profit": NaN,
        "Operating Income": NaN,
        "EBIT": NaN,
        "Net Income": 0
    },
    "2023-06-30": {
        "Tax Effect Of Unusual Items": 0.0,
        "Tax Rate For Calcs": 0.111111,
        "Normalized EBITDA": 49400000.0,
        "Total Unusual Items": 0.0,
        "Total Unusual Items Excluding Goodwill": 0.0,
        "Net Income From Continuing Operation Net Minority Interest": 2400000.0,
        "Reconciled Depreciation": 33000000.0,
        "Reconciled Cost Of Revenue": 314000000.0,
        "EBITDA": 49400000.0,
        "EBIT": 16400000.0,
        "Net Interest Income": -13700000.0,
        "Interest Expense": 13700000.0,
        "Normalized Income": 2400000.0,
        "Net Income From Continuing And Discontinued Operation": 2400000.0,
        "Total Expenses": 452200000.0,
        "Total Operating Income As Reported": -16200000.0,
        "Diluted Average Shares": 32731422.0,
        "Basic Average Shares": 32368112.0,
        "Diluted EPS": 0.05,
        "Basic EPS": 0.05,
        "Diluted NI Availto Com Stockholders": 1700000.0,
        "Net Income Common Stockholders": 1700000.0,
        "Preferred Stock Dividends": 700000.0,
        "Net Income": 2400000.0,
        "Net Income Including Noncontrolling Interests": 2400000.0,
        "Net Income Continuous Operations": 2400000.0,
        "Tax Provision": 300000.0,
        "Pretax Income": 2700000.0,
        "Other Income Expense": 200000.0,
        "Other Non Operating Income Expenses": 200000.0,
        "Special Income Charges": 0.0,
        "Other Special Charges": NaN,
        "Net Non Operating Interest Income Expense": -13700000.0,
        "Interest Expense Non Operating": 13700000.0,
        "Operating Income": 16200000.0,
        "Operating Expense": 110600000.0,
        "Depreciation Amortization Depletion Income Statement": 5400000.0,
        "Depreciation And Amortization In Income Statement": 5400000.0,
        "Selling General And Administration": 105200000.0,
        "General And Administrative Expense": 105200000.0,
        "Other Gand A": 105200000.0,
        "Gross Profit": 126800000.0,
        "Cost Of Revenue": 341600000.0,
        "Total Revenue": 468400000.0,
        "Operating Revenue": 468400000.0
    },
    "2023-09-30": {
        "Tax Effect Of Unusual Items": 0.0,
        "Tax Rate For Calcs": 0.21,
        "Normalized EBITDA": 50300000.0,
        "Total Unusual Items": NaN,
        "Total Unusual Items Excluding Goodwill": NaN,
        "Net Income From Continuing Operation Net Minority Interest": 7400000.0,
        "Reconciled Depreciation": 35000000.0,
        "Reconciled Cost Of Revenue": 310500000.0,
        "EBITDA": 50300000.0,
        "EBIT": 15300000.0,
        "Net Interest Income": -15200000.0,
        "Interest Expense": 15200000.0,
        "Normalized Income": 7400000.0,
        "Net Income From Continuing And Discontinued Operation": 7400000.0,
        "Total Expenses": 452300000.0,
        "Total Operating Income As Reported": 13900000.0,
        "Diluted Average Shares": 32729517.0,
        "Basic Average Shares": 32368112.0,
        "Diluted EPS": 0.2,
        "Basic EPS": 0.21,
        "Diluted NI Availto Com Stockholders": 6700000.0,
        "Net Income Common Stockholders": 6700000.0,
        "Preferred Stock Dividends": 700000.0,
        "Net Income": 7400000.0,
        "Net Income Including Noncontrolling Interests": 7400000.0,
        "Net Income Continuous Operations": 7400000.0,
        "Tax Provision": -7300000.0,
        "Pretax Income": 100000.0,
        "Other Income Expense": 1400000.0,
        "Other Non Operating Income Expenses": 1400000.0,
        "Special Income Charges": NaN,
        "Other Special Charges": NaN,
        "Net Non Operating Interest Income Expense": -15200000.0,
        "Interest Expense Non Operating": 15200000.0,
        "Operating Income": 13900000.0,
        "Operating Expense": 112200000.0,
        "Depreciation Amortization Depletion Income Statement": 5400000.0,
        "Depreciation And Amortization In Income Statement": 5400000.0,
        "Selling General And Administration": 106800000.0,
        "General And Administrative Expense": 106800000.0,
        "Other Gand A": 106800000.0,
        "Gross Profit": 126100000.0,
        "Cost Of Revenue": 340100000.0,
        "Total Revenue": 466200000.0,
        "Operating Revenue": 466200000.0
    },
    "2023-12-31": {
        "Tax Effect Of Unusual Items": 0.0,
        "Tax Rate For Calcs": 0.21,
        "Normalized EBITDA": 51200000.0,
        "Total Unusual Items": NaN,
        "Total Unusual Items Excluding Goodwill": NaN,
        "Net Income From Continuing Operation Net Minority Interest": -1900000.0,
        "Reconciled Depreciation": 36500000.0,
        "Reconciled Cost Of Revenue": 358500000.0,
        "EBITDA": 51200000.0,
        "EBIT": 14700000.0,
        "Net Interest Income": -16100000.0,
        "Interest Expense": 16100000.0,
        "Normalized Income": -1900000.0,
        "Net Income From Continuing And Discontinued Operation": -1900000.0,
        "Total Expenses": 509300000.0,
        "Total Operating Income As Reported": 12200000.0,
        "Diluted Average Shares": NaN,
        "Basic Average Shares": NaN,
        "Diluted EPS": NaN,
        "Basic EPS": NaN,
        "Diluted NI Availto Com Stockholders": -2700000.0,
        "Net Income Common Stockholders": -2700000.0,
        "Preferred Stock Dividends": 800000.0,
        "Net Income": -1900000.0,
        "Net Income Including Noncontrolling Interests": -1900000.0,
        "Net Income Continuous Operations": -1900000.0,
        "Tax Provision": 500000.0,
        "Pretax Income": -1400000.0,
        "Other Income Expense": 2500000.0,
        "Other Non Operating Income Expenses": 2500000.0,
        "Special Income Charges": NaN,
        "Other Special Charges": NaN,
        "Net Non Operating Interest Income Expense": -16100000.0,
        "Interest Expense Non Operating": 16100000.0,
        "Operating Income": 12200000.0,
        "Operating Expense": 120800000.0,
        "Depreciation Amortization Depletion Income Statement": 6500000.0,
        "Depreciation And Amortization In Income Statement": 6500000.0,
        "Selling General And Administration": 114300000.0,
        "General And Administrative Expense": 114300000.0,
        "Other Gand A": 114300000.0,
        "Gross Profit": 133000000.0,
        "Cost Of Revenue": 388500000.0,
        "Total Revenue": 521500000.0,
        "Operating Revenue": 521500000.0
    },
    "2024-03-31": {
        "Tax Effect Of Unusual Items": 0.0,
        "Tax Rate For Calcs": 0.261,
        "Normalized EBITDA": 34000000.0,
        "Total Unusual Items": NaN,
        "Total Unusual Items Excluding Goodwill": NaN,
        "Net Income From Continuing Operation Net Minority Interest": -11900000.0,
        "Reconciled Depreciation": 34000000.0,
        "Reconciled Cost Of Revenue": 293900000.0,
        "EBITDA": 34000000.0,
        "EBIT": 0.0,
        "Net Interest Income": -16100000.0,
        "Interest Expense": 16100000.0,
        "Normalized Income": -11900000.0,
        "Net Income From Continuing And Discontinued Operation": -11900000.0,
        "Total Expenses": 442500000.0,
        "Total Operating Income As Reported": -900000.0,
        "Diluted Average Shares": 33108695.0,
        "Basic Average Shares": 33108695.0,
        "Diluted EPS": -0.38,
        "Basic EPS": -0.38,
        "Diluted NI Availto Com Stockholders": -12700000.0,
        "Net Income Common Stockholders": -12700000.0,
        "Preferred Stock Dividends": 800000.0,
        "Net Income": -11900000.0,
        "Net Income Including Noncontrolling Interests": -11900000.0,
        "Net Income Continuous Operations": -11900000.0,
        "Tax Provision": -4200000.0,
        "Pretax Income": -16100000.0,
        "Other Income Expense": 900000.0,
        "Other Non Operating Income Expenses": 900000.0,
        "Special Income Charges": NaN,
        "Other Special Charges": NaN,
        "Net Non Operating Interest Income Expense": -16100000.0,
        "Interest Expense Non Operating": 16100000.0,
        "Operating Income": -900000.0,
        "Operating Expense": 121500000.0,
        "Depreciation Amortization Depletion Income Statement": 6900000.0,
        "Depreciation And Amortization In Income Statement": 6900000.0,
        "Selling General And Administration": 114600000.0,
        "General And Administrative Expense": 114600000.0,
        "Other Gand A": 114600000.0,
        "Gross Profit": 120600000.0,
        "Cost Of Revenue": 321000000.0,
        "Total Revenue": 441600000.0,
        "Operating Revenue": 441600000.0
    },
    "2024-06-30": {
        "Tax Effect Of Unusual Items": -1239041.09589,
        "Tax Rate For Calcs": 0.184932,
        "Normalized EBITDA": 49300000.0,
        "Total Unusual Items": -6700000.0,
        "Total Unusual Items Excluding Goodwill": -6700000.0,
        "Net Income From Continuing Operation Net Minority Interest": -11900000.0,
        "Reconciled Depreciation": 38000000.0,
        "Reconciled Cost Of Revenue": 325300000.0,
        "EBITDA": 42600000.0,
        "EBIT": 4600000.0,
        "Net Interest Income": -19200000.0,
        "Interest Expense": 19200000.0,
        "Normalized Income": -6439041.09589,
        "Net Income From Continuing And Discontinued Operation": -11900000.0,
        "Total Expenses": 477800000.0,
        "Total Operating Income As Reported": -10300000.0,
        "Diluted Average Shares": 33239620.0,
        "Basic Average Shares": 33239620.0,
        "Diluted EPS": -0.38,
        "Basic EPS": -0.38,
        "Diluted NI Availto Com Stockholders": -12600000.0,
        "Net Income Common Stockholders": -12600000.0,
        "Preferred Stock Dividends": 700000.0,
        "Net Income": -11900000.0,
        "Net Income Including Noncontrolling Interests": -11900000.0,
        "Net Income Continuous Operations": -11900000.0,
        "Tax Provision": -2700000.0,
        "Pretax Income": -14600000.0,
        "Other Income Expense": -5700000.0,
        "Other Non Operating Income Expenses": 1000000.0,
        "Special Income Charges": -6700000.0,
        "Other Special Charges": 6700000.0,
        "Net Non Operating Interest Income Expense": -19200000.0,
        "Interest Expense Non Operating": 19200000.0,
        "Operating Income": 10300000.0,
        "Operating Expense": 121700000.0,
        "Depreciation Amortization Depletion Income Statement": 7200000.0,
        "Depreciation And Amortization In Income Statement": 7200000.0,
        "Selling General And Administration": 114500000.0,
        "General And Administrative Expense": 114500000.0,
        "Other Gand A": 114500000.0,
        "Gross Profit": 132000000.0,
        "Cost Of Revenue": 356100000.0,
        "Total Revenue": 488100000.0,
        "Operating Revenue": 488100000.0
    }
}