{
    "2023-03-31": {
        "Tax Effect Of Unusual Items": 0.0,
        "Tax Rate For Calcs": 0.0,
        "Normalized EBITDA": -4972000.0,
        "Total Unusual Items": -574000.0,
        "Total Unusual Items Excluding Goodwill": -574000.0,
        "Net Income From Continuing Operation Net Minority Interest": -13166000.0,
        "Reconciled Depreciation": 6055000.0,
        "Reconciled Cost Of Revenue": 317055000.0,
        "EBITDA": -5546000.0,
        "EBIT": -11601000.0,
        "Net Interest Income": -1565000.0,
        "Interest Expense": 1565000.0,
        "Normalized Income": -12592000.0,
        "Net Income From Continuing And Discontinued Operation": -13166000.0,
        "Total Expenses": 324937000.0,
        "Total Operating Income As Reported": -11620000.0,
        "Diluted Average Shares": 73815000.0,
        "Basic Average Shares": 73815000.0,
        "Diluted EPS": -0.18,
        "Basic EPS": -0.18,
        "Diluted NI Availto Com Stockholders": -13478000.0,
        "Net Income Common Stockholders": -13478000.0,
        "Otherunder Preferred Stock Dividend": NaN,
        "Preferred Stock Dividends": 312000.0,
        "Net Income": -13166000.0,
        "Net Income Including Noncontrolling Interests": -13166000.0,
        "Net Income Continuous Operations": -13166000.0,
        "Tax Provision": 0.0,
        "Pretax Income": -13166000.0,
        "Other Income Expense": -555000.0,
        "Other Non Operating Income Expenses": 19000.0,
        "Special Income Charges": -574000.0,
        "Write Off": 574000.0,
        "Impairment Of Capital Assets": NaN,
        "Net Non Operating Interest Income Expense": -1565000.0,
        "Interest Expense Non Operating": 1565000.0,
        "Operating Income": -11046000.0,
        "Operating Expense": 7882000.0,
        "Other Operating Expenses": NaN,
        "Selling General And Administration": 7882000.0,
        "Gross Profit": -3164000.0,
        "Cost Of Revenue": 317055000.0,
        "Total Revenue": 313891000.0,
        "Operating Revenue": 313891000.0
    },
    "2022-12-31": {
        "Tax Effect Of Unusual Items": -468300.0,
        "Tax Rate For Calcs": 0.21,
        "Normalized EBITDA": -21976000.0,
        "Total Unusual Items": -2230000.0,
        "Total Unusual Items Excluding Goodwill": -2230000.0,
        "Net Income From Continuing Operation Net Minority Interest": -33072000.0,
        "Reconciled Depreciation": 5973000.0,
        "Reconciled Cost Of Revenue": 349765000.0,
        "EBITDA": -24206000.0,
        "EBIT": -30179000.0,
        "Net Interest Income": -968000.0,
        "Interest Expense": 968000.0,
        "Normalized Income": -31310300.0,
        "Net Income From Continuing And Discontinued Operation": -33072000.0,
        "Total Expenses": 357316000.0,
        "Total Operating Income As Reported": -31109000.0,
        "Diluted Average Shares": 73276000.0,
        "Basic Average Shares": 73276000.0,
        "Diluted EPS": -0.46,
        "Basic EPS": -0.46,
        "Diluted NI Availto Com Stockholders": -33391000.0,
        "Net Income Common Stockholders": -33391000.0,
        "Otherunder Preferred Stock Dividend": 0.0,
        "Preferred Stock Dividends": 319000.0,
        "Net Income": -33072000.0,
        "Net Income Including Noncontrolling Interests": -33072000.0,
        "Net Income Continuous Operations": -33072000.0,
        "Tax Provision": 1925000.0,
        "Pretax Income": -31147000.0,
        "Other Income Expense": -1300000.0,
        "Other Non Operating Income Expenses": 930000.0,
        "Special Income Charges": -2230000.0,
        "Write Off": 0.0,
        "Impairment Of Capital Assets": NaN,
        "Net Non Operating Interest Income Expense": -968000.0,
        "Interest Expense Non Operating": 968000.0,
        "Operating Income": -28879000.0,
        "Operating Expense": 7551000.0,
        "Other Operating Expenses": 0.0,
        "Selling General And Administration": 7551000.0,
        "Gross Profit": -21328000.0,
        "Cost Of Revenue": 349765000.0,
        "Total Revenue": 328437000.0,
        "Operating Revenue": 328437000.0
    },
    "2022-09-30": {
        "Tax Effect Of Unusual Items": 0.0,
        "Tax Rate For Calcs": 0.0,
        "Normalized EBITDA": -27698000.0,
        "Total Unusual Items": 0.0,
        "Total Unusual Items Excluding Goodwill": 0.0,
        "Net Income From Continuing Operation Net Minority Interest": -28038000.0,
        "Reconciled Depreciation": 6260000.0,
        "Reconciled Cost Of Revenue": 356716000.0,
        "EBITDA": -27698000.0,
        "EBIT": -27698000.0,
        "Net Interest Income": -340000.0,
        "Interest Expense": 340000.0,
        "Normalized Income": -28038000.0,
        "Net Income From Continuing And Discontinued Operation": -28038000.0,
        "Total Expenses": 364119000.0,
        "Total Operating Income As Reported": -27242000.0,
        "Diluted Average Shares": 73011000.0,
        "Basic Average Shares": 73011000.0,
        "Diluted EPS": -0.39,
        "Basic EPS": -0.39,
        "Diluted NI Availto Com Stockholders": -28357000.0,
        "Net Income Common Stockholders": -28357000.0,
        "Otherunder Preferred Stock Dividend": 0.0,
        "Preferred Stock Dividends": 319000.0,
        "Net Income": -28038000.0,
        "Net Income Including Noncontrolling Interests": -28038000.0,
        "Net Income Continuous Operations": -28038000.0,
        "Tax Provision": 0.0,
        "Pretax Income": -28038000.0,
        "Other Income Expense": -456000.0,
        "Other Non Operating Income Expenses": -456000.0,
        "Special Income Charges": 0.0,
        "Gain On Sale Of Ppe": NaN,
        "Write Off": 0.0,
        "Impairment Of Capital Assets": NaN,
        "Net Non Operating Interest Income Expense": -340000.0,
        "Interest Expense Non Operating": 340000.0,
        "Operating Income": -27242000.0,
        "Operating Expense": 7403000.0,
        "Other Operating Expenses": NaN,
        "Selling General And Administration": 7403000.0,
        "Gross Profit": -19839000.0,
        "Cost Of Revenue": 356716000.0,
        "Total Revenue": 336877000.0,
        "Operating Revenue": 336877000.0
    },
    "2022-06-30": {
        "Tax Effect Of Unusual Items": 0.0,
        "Tax Rate For Calcs": 0.0,
        "Normalized EBITDA": 22434000.0,
        "Total Unusual Items": 0.0,
        "Total Unusual Items Excluding Goodwill": 0.0,
        "Net Income From Continuing Operation Net Minority Interest": 22115000.0,
        "Reconciled Depreciation": 6728000.0,
        "Reconciled Cost Of Revenue": 353345000.0,
        "EBITDA": 22434000.0,
        "EBIT": 22434000.0,
        "Net Interest Income": -319000.0,
        "Interest Expense": 319000.0,
        "Normalized Income": 22115000.0,
        "Net Income From Continuing And Discontinued Operation": 22115000.0,
        "Total Expenses": 339689000.0,
        "Total Operating Income As Reported": -152000.0,
        "Diluted Average Shares": 73123000.0,
        "Basic Average Shares": 72936000.0,
        "Diluted EPS": 0.29,
        "Basic EPS": 0.29,
        "Diluted NI Availto Com Stockholders": 21516000.0,
        "Average Dilution Earnings": 0.0,
        "Net Income Common Stockholders": 21516000.0,
        "Otherunder Preferred Stock Dividend": 284000.0,
        "Preferred Stock Dividends": 315000.0,
        "Net Income": 22115000.0,
        "Net Income Including Noncontrolling Interests": 22115000.0,
        "Net Income Continuous Operations": 22115000.0,
        "Tax Provision": 0.0,
        "Pretax Income": 22115000.0,
        "Other Income Expense": -66000.0,
        "Other Non Operating Income Expenses": -66000.0,
        "Special Income Charges": 0.0,
        "Gain On Sale Of Ppe": NaN,
        "Write Off": 0.0,
        "Impairment Of Capital Assets": NaN,
        "Net Non Operating Interest Income Expense": -319000.0,
        "Interest Expense Non Operating": 319000.0,
        "Operating Income": 22500000.0,
        "Operating Expense": -13656000.0,
        "Other Operating Expenses": -22652000.0,
        "Selling General And Administration": 8996000.0,
        "Gross Profit": 8844000.0,
        "Cost Of Revenue": 353345000.0,
        "Total Revenue": 362189000.0,
        "Operating Revenue": 362189000.0
    },
    "2022-03-31": {
        "Diluted EPS": -0.04,
        "Total Revenue": 308,
        "Gross Profit": 5,
        "Operating Income": -3,
        "EBIT": 3,
        "Net Income": -3
    },
    "2021-12-31": {
        "Diluted EPS": 0.49,
        "Total Revenue": 385,
        "Gross Profit": 42,
        "Operating Income": 37,
        "EBIT": 43,
        "Net Income": 35
    },
    "2021-09-30": {
        "Diluted EPS": -0.05,
        "Total Revenue": 306,
        "Gross Profit": -3,
        "Operating Income": -9,
        "EBIT": -3,
        "Net Income": -3
    },
    "2021-06-30": {
        "Diluted EPS": 0.11,
        "Total Revenue": 298,
        "Gross Profit": 15,
        "Operating Income": 6,
        "EBIT": 12,
        "Net Income": 8
    },
    "2021-03-31": {
        "Diluted EPS": 0.06,
        "Total Revenue": 219,
        "Gross Profit": 14,
        "Operating Income": 6,
        "EBIT": 12,
        "Net Income": 4
    },
    "2020-12-31": {
        "Diluted EPS": -0.32,
        "Total Revenue": 169,
        "Gross Profit": 14,
        "Operating Income": -16,
        "EBIT": -12,
        "Net Income": -21
    },
    "2020-09-30": {
        "Diluted EPS": 0.24,
        "Total Revenue": 205,
        "Gross Profit": 21,
        "Operating Income": 26,
        "EBIT": 34,
        "Net Income": 15
    },
    "2020-06-30": {
        "Diluted EPS": 0.27,
        "Total Revenue": 212,
        "Gross Profit": 31,
        "Operating Income": 23,
        "EBIT": 32,
        "Net Income": 15
    },
    "2020-03-31": {
        "Diluted EPS": -0.47,
        "Total Revenue": 311,
        "Gross Profit": -13,
        "Operating Income": -23,
        "EBIT": -13,
        "Net Income": -25
    },
    "2019-12-31": {
        "Diluted EPS": -0.86,
        "Total Revenue": 358,
        "Gross Profit": 3,
        "Operating Income": -38,
        "EBIT": -26,
        "Net Income": -41
    },
    "2019-09-30": {
        "Diluted EPS": -0.58,
        "Total Revenue": 365,
        "Gross Profit": -15,
        "Operating Income": -24,
        "EBIT": -11,
        "Net Income": -28
    },
    "2019-06-30": {
        "Diluted EPS": -0.17,
        "Total Revenue": 346,
        "Gross Profit": 4,
        "Operating Income": -3,
        "EBIT": 9,
        "Net Income": -8
    },
    "2019-03-31": {
        "Diluted EPS": -0.29,
        "Total Revenue": 356,
        "Gross Profit": -2,
        "Operating Income": -11,
        "EBIT": 2,
        "Net Income": -13
    },
    "2018-12-31": {
        "Diluted EPS": -0.74,
        "Total Revenue": 334,
        "Gross Profit": -21,
        "Operating Income": -30,
        "EBIT": -20,
        "Net Income": -32
    },
    "2018-09-30": {
        "Diluted EPS": -0.18,
        "Total Revenue": 370,
        "Gross Profit": 4,
        "Operating Income": -5,
        "EBIT": 5,
        "Net Income": -8
    },
    "2018-06-30": {
        "Diluted EPS": -0.31,
        "Total Revenue": 411,
        "Gross Profit": -1,
        "Operating Income": -10,
        "EBIT": 0,
        "Net Income": -13
    },
    "2018-03-31": {
        "Diluted EPS": -0.19,
        "Total Revenue": 400,
        "Gross Profit": 3,
        "Operating Income": -6,
        "EBIT": 5,
        "Net Income": -8
    },
    "2017-12-31": {
        "Diluted EPS": -0.31,
        "Total Revenue": 395,
        "Gross Profit": -2,
        "Operating Income": -11,
        "EBIT": 0,
        "Net Income": -14
    },
    "2017-09-30": {
        "Diluted EPS": -0.01,
        "Total Revenue": 445,
        "Gross Profit": 12,
        "Operating Income": 3,
        "EBIT": 14,
        "Net Income": -1
    },
    "2017-06-30": {
        "Diluted EPS": -0.22,
        "Total Revenue": 405,
        "Gross Profit": 2,
        "Operating Income": -7,
        "EBIT": 2,
        "Net Income": -9
    },
    "2017-03-31": {
        "Diluted EPS": -0.31,
        "Total Revenue": 386,
        "Gross Profit": -6,
        "Operating Income": -11,
        "EBIT": -2,
        "Net Income": -13
    },
    "2016-12-31": {
        "Diluted EPS": 0.3,
        "Total Revenue": 442,
        "Gross Profit": 29,
        "Operating Income": 19,
        "EBIT": 29,
        "Net Income": 13
    },
    "2016-09-30": {
        "Diluted EPS": -0.09,
        "Total Revenue": 418,
        "Gross Profit": 6,
        "Operating Income": 0,
        "EBIT": 10,
        "Net Income": -4
    },
    "2016-06-30": {
        "Diluted EPS": 0.11,
        "Total Revenue": 423,
        "Gross Profit": 18,
        "Operating Income": 12,
        "EBIT": 21,
        "Net Income": 5
    },
    "2016-03-31": {
        "Diluted EPS": -0.32,
        "Total Revenue": 342,
        "Gross Profit": 1,
        "Operating Income": -7,
        "EBIT": 2,
        "Net Income": -14
    },
    "2015-12-31": {
        "Diluted EPS": -0.08,
        "Total Revenue": 377,
        "Gross Profit": 12,
        "Operating Income": 0,
        "EBIT": 9,
        "Net Income": -1
    },
    "2015-09-30": {
        "Diluted EPS": -0.36,
        "Total Revenue": 381,
        "Gross Profit": -7,
        "Operating Income": -15,
        "EBIT": -6,
        "Net Income": -15
    },
    "2015-06-30": {
        "Diluted EPS": 0.03,
        "Total Revenue": 228,
        "Gross Profit": 6,
        "Operating Income": 2,
        "EBIT": 6,
        "Net Income": 1
    },
    "2015-03-31": {
        "Diluted EPS": -0.19,
        "Total Revenue": 206,
        "Gross Profit": -1,
        "Operating Income": -6,
        "EBIT": -2,
        "Net Income": -5
    },
    "2014-12-31": {
        "Diluted EPS": 0.72,
        "Total Revenue": 256,
        "Gross Profit": 18,
        "Operating Income": 14,
        "EBIT": 17,
        "Net Income": 12
    },
    "2014-09-30": {
        "Diluted EPS": 0.15,
        "Total Revenue": 276,
        "Gross Profit": 18,
        "Operating Income": 14,
        "EBIT": 17,
        "Net Income": 4
    },
    "2014-06-30": {
        "Diluted EPS": 0.68,
        "Total Revenue": 321,
        "Gross Profit": 34,
        "Operating Income": 29,
        "EBIT": 34,
        "Net Income": 15
    },
    "2014-03-31": {
        "Diluted EPS": -0.69,
        "Total Revenue": 255,
        "Gross Profit": 39,
        "Operating Income": 35,
        "EBIT": 40,
        "Net Income": -11
    },
    "2013-12-31": {
        "Diluted EPS": 0.73,
        "Total Revenue": 215,
        "Gross Profit": 22,
        "Operating Income": 17,
        "EBIT": 21,
        "Net Income": 8
    },
    "2013-09-30": {
        "Diluted EPS": -0.4,
        "Total Revenue": 234,
        "Gross Profit": 4,
        "Operating Income": 1,
        "EBIT": 5,
        "Net Income": -5
    },
    "2013-06-30": {
        "Diluted EPS": 0.07,
        "Total Revenue": 234,
        "Gross Profit": 7,
        "Operating Income": 4,
        "EBIT": 8,
        "Net Income": 1
    },
    "2013-03-31": {
        "Diluted EPS": -0.57,
        "Total Revenue": 225,
        "Gross Profit": 1,
        "Operating Income": -3,
        "EBIT": 0,
        "Net Income": -6
    },
    "2012-12-31": {
        "Diluted EPS": -0.56,
        "Total Revenue": 197,
        "Gross Profit": -5,
        "Operating Income": -7,
        "EBIT": -4,
        "Net Income": -6
    },
    "2012-09-30": {
        "Diluted EPS": -0.82,
        "Total Revenue": 216,
        "Gross Profit": -2,
        "Operating Income": -5,
        "EBIT": -2,
        "Net Income": -6
    },
    "2012-06-30": {
        "Diluted EPS": -0.51,
        "Total Revenue": 205,
        "Gross Profit": -5,
        "Operating Income": -8,
        "EBIT": -5,
        "Net Income": -3
    },
    "2012-03-31": {
        "Diluted EPS": -0.92,
        "Total Revenue": 198,
        "Gross Profit": -7,
        "Operating Income": -11,
        "EBIT": -8,
        "Net Income": -5
    },
    "2011-12-31": {
        "Diluted EPS": -1.2,
        "Total Revenue": 242,
        "Gross Profit": 7,
        "Operating Income": 4,
        "EBIT": 7,
        "Net Income": -2
    },
    "2011-09-30": {
        "Diluted EPS": 1.8,
        "Total Revenue": 272,
        "Gross Profit": 8,
        "Operating Income": 5,
        "EBIT": 8,
        "Net Income": 4
    },
    "2011-06-30": {
        "Diluted EPS": 0.45,
        "Total Revenue": 215,
        "Gross Profit": 1,
        "Operating Income": -3,
        "EBIT": 1,
        "Net Income": 0
    },
    "2011-03-31": {
        "Diluted EPS": -0.3,
        "Total Revenue": 173,
        "Gross Profit": 3,
        "Operating Income": -2,
        "EBIT": 2,
        "Net Income": 0
    },
    "2010-12-31": {
        "Diluted EPS": -29.09,
        "Total Revenue": 134,
        "Gross Profit": 1,
        "Operating Income": -3,
        "EBIT": 1,
        "Net Income": -12
    },
    "2010-09-30": {
        "Diluted EPS": -16.49,
        "Total Revenue": 46,
        "Gross Profit": 4,
        "Operating Income": 1,
        "EBIT": 2,
        "Net Income": -13
    },
    "2010-06-30": {
        "Diluted EPS": 150.08,
        "Total Revenue": 77,
        "Gross Profit": -3,
        "Operating Income": -6,
        "EBIT": -3,
        "Net Income": 108
    },
    "2010-03-31": {
        "Diluted EPS": -20.98,
        "Total Revenue": 71,
        "Gross Profit": -3,
        "Operating Income": -6,
        "EBIT": -3,
        "Net Income": -12
    },
    "2009-12-31": {
        "Diluted EPS": -452.19,
        "Total Revenue": 88,
        "Gross Profit": 1,
        "Operating Income": -253,
        "EBIT": -244,
        "Net Income": -246
    },
    "2009-09-30": {
        "Diluted EPS": -23.08,
        "Total Revenue": 72,
        "Gross Profit": -5,
        "Operating Income": -10,
        "EBIT": -1,
        "Net Income": -13
    },
    "2009-06-30": {
        "Diluted EPS": -51.41,
        "Total Revenue": 70,
        "Gross Profit": -8,
        "Operating Income": -14,
        "EBIT": -5,
        "Net Income": -28
    },
    "2009-03-31": {
        "Diluted EPS": -45.11,
        "Total Revenue": 87,
        "Gross Profit": -11,
        "Operating Income": -19,
        "EBIT": -9,
        "Net Income": -25
    },
    "2023-06-30": {
        "Tax Effect Of Unusual Items": 0.0,
        "Tax Rate For Calcs": 0.0,
        "Normalized EBITDA": 15009000.0,
        "Total Unusual Items": 0.0,
        "Total Unusual Items Excluding Goodwill": 0.0,
        "Net Income From Continuing Operation Net Minority Interest": 7595000.0,
        "Reconciled Depreciation": 5680000.0,
        "Reconciled Cost Of Revenue": 300116000.0,
        "EBITDA": 15009000.0,
        "EBIT": 9329000.0,
        "Net Interest Income": -1734000.0,
        "Interest Expense": 1734000.0,
        "Normalized Income": 7595000.0,
        "Net Income From Continuing And Discontinued Operation": 7595000.0,
        "Total Expenses": 308027000.0,
        "Total Operating Income As Reported": 9270000.0,
        "Diluted Average Shares": 74103000.0,
        "Basic Average Shares": 73394000.0,
        "Diluted EPS": 0.1,
        "Basic EPS": 0.1,
        "Diluted NI Availto Com Stockholders": 7184000.0,
        "Net Income Common Stockholders": 7184000.0,
        "Otherunder Preferred Stock Dividend": 96000.0,
        "Preferred Stock Dividends": 315000.0,
        "Net Income": 7595000.0,
        "Net Income Including Noncontrolling Interests": 7595000.0,
        "Net Income Continuous Operations": 7595000.0,
        "Tax Provision": 0.0,
        "Pretax Income": 7595000.0,
        "Other Income Expense": 59000.0,
        "Other Non Operating Income Expenses": 59000.0,
        "Special Income Charges": 0.0,
        "Write Off": NaN,
        "Impairment Of Capital Assets": 0.0,
        "Net Non Operating Interest Income Expense": -1734000.0,
        "Interest Expense Non Operating": 1734000.0,
        "Operating Income": 9270000.0,
        "Operating Expense": 7911000.0,
        "Other Operating Expenses": NaN,
        "Selling General And Administration": 7911000.0,
        "Gross Profit": 17181000.0,
        "Cost Of Revenue": 300116000.0,
        "Total Revenue": 317297000.0,
        "Operating Revenue": 317297000.0
    },
    "2023-09-30": {
        "Tax Effect Of Unusual Items": 0.0,
        "Tax Rate For Calcs": 0.0,
        "Normalized EBITDA": 4158000.0,
        "Total Unusual Items": 0.0,
        "Total Unusual Items Excluding Goodwill": 0.0,
        "Net Income From Continuing Operation Net Minority Interest": -3489000.0,
        "Reconciled Depreciation": 5647000.0,
        "Reconciled Cost Of Revenue": 313966000.0,
        "EBITDA": 4158000.0,
        "EBIT": -1489000.0,
        "Net Interest Income": -2000000.0,
        "Interest Expense": 2000000.0,
        "Normalized Income": -3489000.0,
        "Net Income From Continuing And Discontinued Operation": -3489000.0,
        "Total Expenses": 319642000.0,
        "Total Operating Income As Reported": -4327000.0,
        "Diluted Average Shares": 73191000.0,
        "Basic Average Shares": 73191000.0,
        "Diluted EPS": -0.05,
        "Basic EPS": -0.05,
        "Diluted NI Availto Com Stockholders": -3808000.0,
        "Net Income Common Stockholders": -3808000.0,
        "Otherunder Preferred Stock Dividend": NaN,
        "Preferred Stock Dividends": 319000.0,
        "Net Income": -3489000.0,
        "Net Income Including Noncontrolling Interests": -3489000.0,
        "Net Income Continuous Operations": -3489000.0,
        "Tax Provision": 0.0,
        "Pretax Income": -3489000.0,
        "Other Income Expense": 26000.0,
        "Other Non Operating Income Expenses": 26000.0,
        "Special Income Charges": 0.0,
        "Write Off": 0.0,
        "Impairment Of Capital Assets": NaN,
        "Net Non Operating Interest Income Expense": -2000000.0,
        "Interest Expense Non Operating": 2000000.0,
        "Operating Income": -1515000.0,
        "Operating Expense": 5676000.0,
        "Other Operating Expenses": -2812000.0,
        "Selling General And Administration": 8488000.0,
        "Gross Profit": 4161000.0,
        "Cost Of Revenue": 313966000.0,
        "Total Revenue": 318127000.0,
        "Operating Revenue": 318127000.0
    },
    "2023-12-31": {
        "Tax Effect Of Unusual Items": -1315230.0,
        "Tax Rate For Calcs": 0.21,
        "Normalized EBITDA": -4761000.0,
        "Total Unusual Items": -6263000.0,
        "Total Unusual Items Excluding Goodwill": -6263000.0,
        "Net Income From Continuing Operation Net Minority Interest": -18945000.0,
        "Reconciled Depreciation": 5698000.0,
        "Reconciled Cost Of Revenue": 276150000.0,
        "EBITDA": -11024000.0,
        "EBIT": -16722000.0,
        "Net Interest Income": -2126000.0,
        "Interest Expense": 2126000.0,
        "Normalized Income": -13997230.0,
        "Net Income From Continuing And Discontinued Operation": -18945000.0,
        "Total Expenses": 284533000.0,
        "Total Operating Income As Reported": -17171000.0,
        "Diluted Average Shares": 72969000.0,
        "Basic Average Shares": 72969000.0,
        "Diluted EPS": -0.26,
        "Basic EPS": -0.26,
        "Diluted NI Availto Com Stockholders": -19264000.0,
        "Net Income Common Stockholders": -19264000.0,
        "Otherunder Preferred Stock Dividend": NaN,
        "Preferred Stock Dividends": 319000.0,
        "Net Income": -18945000.0,
        "Net Income Including Noncontrolling Interests": -18945000.0,
        "Net Income Continuous Operations": -18945000.0,
        "Tax Provision": 97000.0,
        "Pretax Income": -18848000.0,
        "Other Income Expense": -5814000.0,
        "Other Non Operating Income Expenses": 449000.0,
        "Special Income Charges": -6263000.0,
        "Write Off": 5970000.0,
        "Impairment Of Capital Assets": NaN,
        "Net Non Operating Interest Income Expense": -2126000.0,
        "Interest Expense Non Operating": 2126000.0,
        "Operating Income": -10908000.0,
        "Operating Expense": 8383000.0,
        "Other Operating Expenses": 0.0,
        "Selling General And Administration": 8383000.0,
        "Gross Profit": -2525000.0,
        "Cost Of Revenue": 276150000.0,
        "Total Revenue": 273625000.0,
        "Operating Revenue": 273625000.0
    },
    "2024-03-31": {
        "Tax Effect Of Unusual Items": NaN,
        "Tax Rate For Calcs": NaN,
        "Normalized EBITDA": NaN,
        "Total Unusual Items": NaN,
        "Total Unusual Items Excluding Goodwill": NaN,
        "Net Income From Continuing Operation Net Minority Interest": NaN,
        "Reconciled Depreciation": NaN,
        "Reconciled Cost Of Revenue": NaN,
        "EBITDA": NaN,
        "EBIT": NaN,
        "Net Interest Income": NaN,
        "Interest Expense": NaN,
        "Normalized Income": NaN,
        "Net Income From Continuing And Discontinued Operation": NaN,
        "Total Expenses": NaN,
        "Total Operating Income As Reported": NaN,
        "Diluted Average Shares": 72766000.0,
        "Basic Average Shares": 72766000.0,
        "Diluted EPS": -0.17,
        "Basic EPS": -0.17,
        "Diluted NI Availto Com Stockholders": NaN,
        "Net Income Common Stockholders": NaN,
        "Otherunder Preferred Stock Dividend": NaN,
        "Preferred Stock Dividends": NaN,
        "Net Income": NaN,
        "Net Income Including Noncontrolling Interests": NaN,
        "Net Income Continuous Operations": NaN,
        "Tax Provision": NaN,
        "Pretax Income": NaN,
        "Other Income Expense": NaN,
        "Other Non Operating Income Expenses": NaN,
        "Special Income Charges": NaN,
        "Write Off": NaN,
        "Impairment Of Capital Assets": NaN,
        "Net Non Operating Interest Income Expense": NaN,
        "Interest Expense Non Operating": NaN,
        "Operating Income": NaN,
        "Operating Expense": NaN,
        "Other Operating Expenses": NaN,
        "Selling General And Administration": NaN,
        "Gross Profit": NaN,
        "Cost Of Revenue": NaN,
        "Total Revenue": NaN,
        "Operating Revenue": NaN
    }
}