{
    "2023-03-31": {
        "Tax Effect Of Unusual Items": NaN,
        "Tax Rate For Calcs": NaN,
        "Normalized EBITDA": NaN,
        "Total Unusual Items": NaN,
        "Total Unusual Items Excluding Goodwill": NaN,
        "Net Income From Continuing Operation Net Minority Interest": NaN,
        "Reconciled Depreciation": NaN,
        "Reconciled Cost Of Revenue": NaN,
        "EBITDA": NaN,
        "EBIT": NaN,
        "Net Interest Income": NaN,
        "Interest Expense": NaN,
        "Interest Income": NaN,
        "Normalized Income": NaN,
        "Net Income From Continuing And Discontinued Operation": NaN,
        "Total Expenses": NaN,
        "Total Operating Income As Reported": NaN,
        "Diluted Average Shares": NaN,
        "Basic Average Shares": NaN,
        "Diluted EPS": NaN,
        "Basic EPS": NaN,
        "Diluted NI Availto Com Stockholders": NaN,
        "Net Income Common Stockholders": NaN,
        "Net Income": NaN,
        "Net Income Including Noncontrolling Interests": NaN,
        "Net Income Continuous Operations": NaN,
        "Tax Provision": NaN,
        "Pretax Income": NaN,
        "Other Income Expense": NaN,
        "Other Non Operating Income Expenses": 2885000.0,
        "Special Income Charges": NaN,
        "Gain On Sale Of Security": NaN,
        "Net Non Operating Interest Income Expense": NaN,
        "Interest Expense Non Operating": NaN,
        "Interest Income Non Operating": NaN,
        "Operating Income": NaN,
        "Operating Expense": NaN,
        "Other Operating Expenses": NaN,
        "Depreciation Amortization Depletion Income Statement": NaN,
        "Depreciation And Amortization In Income Statement": NaN,
        "Amortization": NaN,
        "Amortization Of Intangibles Income Statement": NaN,
        "Research And Development": NaN,
        "Selling General And Administration": NaN,
        "Selling And Marketing Expense": NaN,
        "General And Administrative Expense": NaN,
        "Other Gand A": NaN,
        "Gross Profit": NaN,
        "Cost Of Revenue": NaN,
        "Total Revenue": NaN,
        "Operating Revenue": NaN
    },
    "2022-12-31": {
        "Tax Effect Of Unusual Items": NaN,
        "Tax Rate For Calcs": NaN,
        "Normalized EBITDA": NaN,
        "Total Unusual Items": NaN,
        "Total Unusual Items Excluding Goodwill": NaN,
        "Net Income From Continuing Operation Net Minority Interest": NaN,
        "Reconciled Depreciation": NaN,
        "Reconciled Cost Of Revenue": NaN,
        "EBITDA": NaN,
        "EBIT": NaN,
        "Net Interest Income": NaN,
        "Interest Expense": NaN,
        "Interest Income": NaN,
        "Normalized Income": NaN,
        "Net Income From Continuing And Discontinued Operation": NaN,
        "Total Expenses": NaN,
        "Total Operating Income As Reported": NaN,
        "Diluted Average Shares": NaN,
        "Basic Average Shares": NaN,
        "Diluted EPS": NaN,
        "Basic EPS": NaN,
        "Diluted NI Availto Com Stockholders": NaN,
        "Net Income Common Stockholders": NaN,
        "Net Income": NaN,
        "Net Income Including Noncontrolling Interests": NaN,
        "Net Income Continuous Operations": NaN,
        "Tax Provision": NaN,
        "Pretax Income": NaN,
        "Other Income Expense": NaN,
        "Other Non Operating Income Expenses": -14502000.0,
        "Special Income Charges": NaN,
        "Gain On Sale Of Security": NaN,
        "Net Non Operating Interest Income Expense": NaN,
        "Interest Expense Non Operating": NaN,
        "Interest Income Non Operating": NaN,
        "Operating Income": NaN,
        "Operating Expense": NaN,
        "Other Operating Expenses": NaN,
        "Depreciation Amortization Depletion Income Statement": NaN,
        "Depreciation And Amortization In Income Statement": NaN,
        "Amortization": NaN,
        "Amortization Of Intangibles Income Statement": NaN,
        "Research And Development": NaN,
        "Selling General And Administration": NaN,
        "Selling And Marketing Expense": NaN,
        "General And Administrative Expense": NaN,
        "Other Gand A": NaN,
        "Gross Profit": NaN,
        "Cost Of Revenue": NaN,
        "Total Revenue": NaN,
        "Operating Revenue": NaN
    },
    "2022-09-30": {
        "Tax Effect Of Unusual Items": NaN,
        "Tax Rate For Calcs": NaN,
        "Normalized EBITDA": NaN,
        "Total Unusual Items": NaN,
        "Total Unusual Items Excluding Goodwill": NaN,
        "Net Income From Continuing Operation Net Minority Interest": NaN,
        "Reconciled Depreciation": NaN,
        "Reconciled Cost Of Revenue": NaN,
        "EBITDA": NaN,
        "EBIT": NaN,
        "Net Interest Income": NaN,
        "Interest Expense": NaN,
        "Interest Income": NaN,
        "Normalized Income": NaN,
        "Net Income From Continuing And Discontinued Operation": NaN,
        "Total Expenses": NaN,
        "Total Operating Income As Reported": NaN,
        "Diluted Average Shares": NaN,
        "Basic Average Shares": NaN,
        "Diluted EPS": NaN,
        "Basic EPS": NaN,
        "Diluted NI Availto Com Stockholders": NaN,
        "Net Income Common Stockholders": NaN,
        "Otherunder Preferred Stock Dividend": -1057000.0,
        "Net Income": NaN,
        "Net Income Including Noncontrolling Interests": NaN,
        "Net Income Continuous Operations": NaN,
        "Tax Provision": NaN,
        "Pretax Income": NaN,
        "Other Income Expense": NaN,
        "Other Non Operating Income Expenses": 1708000.0,
        "Special Income Charges": 0.0,
        "Gain On Sale Of Security": NaN,
        "Net Non Operating Interest Income Expense": NaN,
        "Interest Expense Non Operating": NaN,
        "Interest Income Non Operating": NaN,
        "Operating Income": NaN,
        "Operating Expense": NaN,
        "Other Operating Expenses": NaN,
        "Depreciation Amortization Depletion Income Statement": NaN,
        "Depreciation And Amortization In Income Statement": NaN,
        "Amortization": NaN,
        "Amortization Of Intangibles Income Statement": NaN,
        "Research And Development": NaN,
        "Selling General And Administration": NaN,
        "Selling And Marketing Expense": NaN,
        "General And Administrative Expense": NaN,
        "Other Gand A": NaN,
        "Gross Profit": NaN,
        "Cost Of Revenue": NaN,
        "Total Revenue": NaN,
        "Operating Revenue": NaN
    },
    "2022-06-30": {
        "Tax Effect Of Unusual Items": -2907060.0,
        "Tax Rate For Calcs": 0.13,
        "Normalized EBITDA": 1320000.0,
        "Total Unusual Items": -22362000.0,
        "Total Unusual Items Excluding Goodwill": -22362000.0,
        "Net Income From Continuing Operation Net Minority Interest": -33774000.0,
        "Reconciled Depreciation": 8133000.0,
        "Reconciled Cost Of Revenue": 27598000.0,
        "EBITDA": -21042000.0,
        "EBIT": -29175000.0,
        "Net Interest Income": -700000.0,
        "Interest Expense": 700000.0,
        "Interest Income": NaN,
        "Normalized Income": -14319060.0,
        "Net Income From Continuing And Discontinued Operation": -33774000.0,
        "Total Expenses": 139924000.0,
        "Total Operating Income As Reported": -7268000.0,
        "Diluted Average Shares": 78948000.0,
        "Basic Average Shares": 78948000.0,
        "Diluted EPS": -0.43,
        "Basic EPS": -0.43,
        "Diluted NI Availto Com Stockholders": -33580000.0,
        "Net Income Common Stockholders": -33580000.0,
        "Otherunder Preferred Stock Dividend": -194000.0,
        "Net Income": -33774000.0,
        "Net Income Including Noncontrolling Interests": -33774000.0,
        "Net Income Continuous Operations": -33774000.0,
        "Tax Provision": 3899000.0,
        "Pretax Income": -29875000.0,
        "Other Income Expense": -21907000.0,
        "Other Non Operating Income Expenses": 455000.0,
        "Special Income Charges": -16621000.0,
        "Other Special Charges": 16621000.0,
        "Gain On Sale Of Security": -5741000.0,
        "Net Non Operating Interest Income Expense": -700000.0,
        "Interest Expense Non Operating": 700000.0,
        "Interest Income Non Operating": NaN,
        "Operating Income": -7268000.0,
        "Operating Expense": 110401000.0,
        "Other Operating Expenses": -5767000.0,
        "Depreciation Amortization Depletion Income Statement": 6208000.0,
        "Depreciation And Amortization In Income Statement": 6208000.0,
        "Amortization": 6208000.0,
        "Amortization Of Intangibles Income Statement": 6208000.0,
        "Research And Development": 46477000.0,
        "Selling General And Administration": 63483000.0,
        "Selling And Marketing Expense": 39116000.0,
        "General And Administrative Expense": 24367000.0,
        "Other Gand A": 24367000.0,
        "Gross Profit": 103133000.0,
        "Cost Of Revenue": 29523000.0,
        "Total Revenue": 132656000.0,
        "Operating Revenue": 131316000.0
    },
    "2022-03-31": {
        "Diluted EPS": 0.13,
        "Total Revenue": 160,
        "Gross Profit": 128,
        "Operating Income": 21,
        "EBIT": 28,
        "Net Income": 12
    },
    "2021-12-31": {
        "Diluted EPS": -0.01,
        "Total Revenue": 141,
        "Gross Profit": 108,
        "Operating Income": 5,
        "EBIT": 14,
        "Net Income": -1
    },
    "2021-09-30": {
        "Diluted EPS": -0.11,
        "Total Revenue": 121,
        "Gross Profit": 90,
        "Operating Income": -2,
        "EBIT": 7,
        "Net Income": -8
    },
    "2021-06-30": {
        "Diluted EPS": -0.18,
        "Total Revenue": 120,
        "Gross Profit": 88,
        "Operating Income": -9,
        "EBIT": 1,
        "Net Income": -14
    },
    "2021-03-31": {
        "Diluted EPS": 0.18,
        "Total Revenue": 150,
        "Gross Profit": 117,
        "Operating Income": 18,
        "EBIT": 28,
        "Net Income": 14
    },
    "2020-12-31": {
        "Diluted EPS": 0.04,
        "Total Revenue": 133,
        "Gross Profit": 101,
        "Operating Income": 7,
        "EBIT": 17,
        "Net Income": 2
    },
    "2020-09-30": {
        "Diluted EPS": -0.12,
        "Total Revenue": 106,
        "Gross Profit": 77,
        "Operating Income": -3,
        "EBIT": 5,
        "Net Income": -9
    },
    "2020-06-30": {
        "Diluted EPS": -0.14,
        "Total Revenue": 99,
        "Gross Profit": 73,
        "Operating Income": -4,
        "EBIT": 4,
        "Net Income": -10
    },
    "2020-03-31": {
        "Diluted EPS": 0.08,
        "Total Revenue": 131,
        "Gross Profit": 97,
        "Operating Income": 12,
        "EBIT": 20,
        "Net Income": 6
    },
    "2019-12-31": {
        "Diluted EPS": -0.02,
        "Total Revenue": 124,
        "Gross Profit": 87,
        "Operating Income": 4,
        "EBIT": 12,
        "Net Income": -2
    },
    "2019-09-30": {
        "Diluted EPS": -0.22,
        "Total Revenue": 100,
        "Gross Profit": 69,
        "Operating Income": -11,
        "EBIT": -3,
        "Net Income": -16
    },
    "2019-06-30": {
        "Diluted EPS": -0.04,
        "Total Revenue": 107,
        "Gross Profit": 76,
        "Operating Income": -3,
        "EBIT": 3,
        "Net Income": -3
    },
    "2019-03-31": {
        "Diluted EPS": 0.17,
        "Total Revenue": 128,
        "Gross Profit": 95,
        "Operating Income": 18,
        "EBIT": 23,
        "Net Income": 13
    },
    "2018-12-31": {
        "Diluted EPS": -0.12,
        "Total Revenue": 103,
        "Gross Profit": 73,
        "Operating Income": -4,
        "EBIT": 1,
        "Net Income": -9
    },
    "2018-09-30": {
        "Diluted EPS": 0.01,
        "Total Revenue": 87,
        "Gross Profit": 60,
        "Operating Income": 2,
        "EBIT": 5,
        "Net Income": 1
    },
    "2018-06-30": {
        "Diluted EPS": -0.02,
        "Total Revenue": 93,
        "Gross Profit": 64,
        "Operating Income": 0,
        "EBIT": 4,
        "Net Income": -1
    },
    "2018-03-31": {
        "Diluted EPS": 0.34,
        "Total Revenue": 113,
        "Gross Profit": 84,
        "Operating Income": 26,
        "EBIT": 30,
        "Net Income": 25
    },
    "2017-12-31": {
        "Diluted EPS": -1.17,
        "Total Revenue": 90,
        "Gross Profit": 63,
        "Operating Income": -3,
        "EBIT": 1,
        "Net Income": -63
    },
    "2017-09-30": {
        "Diluted EPS": -0.59,
        "Total Revenue": 85,
        "Gross Profit": 59,
        "Operating Income": -21,
        "EBIT": -18,
        "Net Income": -30
    },
    "2017-06-30": {
        "Diluted EPS": -0.14,
        "Total Revenue": 82,
        "Gross Profit": 55,
        "Operating Income": -7,
        "EBIT": -5,
        "Net Income": -7
    },
    "2017-03-31": {
        "Diluted EPS": -0.04,
        "Total Revenue": 77,
        "Gross Profit": 50,
        "Operating Income": -2,
        "EBIT": 0,
        "Net Income": -2
    },
    "2016-12-31": {
        "Diluted EPS": 0.0,
        "Total Revenue": NaN,
        "Gross Profit": NaN,
        "Operating Income": NaN,
        "EBIT": NaN,
        "Net Income": NaN
    },
    "2016-09-30": {
        "Diluted EPS": 0.01,
        "Total Revenue": 78,
        "Gross Profit": 52,
        "Operating Income": 0,
        "EBIT": 3,
        "Net Income": 0
    },
    "2016-06-30": {
        "Diluted EPS": 0.0,
        "Total Revenue": NaN,
        "Gross Profit": NaN,
        "Operating Income": NaN,
        "EBIT": NaN,
        "Net Income": NaN
    },
    "2015-12-31": {
        "Diluted EPS": 0.0,
        "Total Revenue": NaN,
        "Gross Profit": NaN,
        "Operating Income": NaN,
        "EBIT": NaN,
        "Net Income": NaN
    },
    "2023-06-30": {
        "Tax Effect Of Unusual Items": NaN,
        "Tax Rate For Calcs": NaN,
        "Normalized EBITDA": NaN,
        "Total Unusual Items": NaN,
        "Total Unusual Items Excluding Goodwill": NaN,
        "Net Income From Continuing Operation Net Minority Interest": NaN,
        "Reconciled Depreciation": NaN,
        "Reconciled Cost Of Revenue": NaN,
        "EBITDA": NaN,
        "EBIT": NaN,
        "Net Interest Income": NaN,
        "Interest Expense": NaN,
        "Interest Income": NaN,
        "Normalized Income": NaN,
        "Net Income From Continuing And Discontinued Operation": NaN,
        "Total Expenses": NaN,
        "Total Operating Income As Reported": NaN,
        "Diluted Average Shares": 79986000.0,
        "Basic Average Shares": 79986000.0,
        "Diluted EPS": -0.28,
        "Basic EPS": -0.28,
        "Diluted NI Availto Com Stockholders": NaN,
        "Net Income Common Stockholders": NaN,
        "Net Income": NaN,
        "Net Income Including Noncontrolling Interests": NaN,
        "Net Income Continuous Operations": NaN,
        "Tax Provision": NaN,
        "Pretax Income": NaN,
        "Other Income Expense": NaN,
        "Other Non Operating Income Expenses": NaN,
        "Special Income Charges": 0.0,
        "Gain On Sale Of Security": NaN,
        "Net Non Operating Interest Income Expense": NaN,
        "Interest Expense Non Operating": NaN,
        "Interest Income Non Operating": NaN,
        "Operating Income": NaN,
        "Operating Expense": NaN,
        "Other Operating Expenses": NaN,
        "Depreciation Amortization Depletion Income Statement": NaN,
        "Depreciation And Amortization In Income Statement": NaN,
        "Amortization": NaN,
        "Amortization Of Intangibles Income Statement": NaN,
        "Research And Development": NaN,
        "Selling General And Administration": NaN,
        "Selling And Marketing Expense": NaN,
        "General And Administrative Expense": NaN,
        "Other Gand A": NaN,
        "Gross Profit": NaN,
        "Cost Of Revenue": NaN,
        "Total Revenue": NaN,
        "Operating Revenue": NaN
    },
    "2023-09-30": {
        "Tax Effect Of Unusual Items": -615930.0,
        "Tax Rate For Calcs": 0.21,
        "Normalized EBITDA": 3342000.0,
        "Total Unusual Items": -2933000.0,
        "Total Unusual Items Excluding Goodwill": -2933000.0,
        "Net Income From Continuing Operation Net Minority Interest": -4362000.0,
        "Reconciled Depreciation": 9783000.0,
        "Reconciled Cost Of Revenue": 27007000.0,
        "EBITDA": 409000.0,
        "EBIT": -9374000.0,
        "Net Interest Income": 3294000.0,
        "Interest Expense": 1529000.0,
        "Interest Income": 4823000.0,
        "Normalized Income": -2044930.0,
        "Net Income From Continuing And Discontinued Operation": -4362000.0,
        "Total Expenses": 145267000.0,
        "Total Operating Income As Reported": -11264000.0,
        "Diluted Average Shares": 80431000.0,
        "Basic Average Shares": 80431000.0,
        "Diluted EPS": -0.05,
        "Basic EPS": -0.05,
        "Diluted NI Availto Com Stockholders": -4362000.0,
        "Net Income Common Stockholders": -4362000.0,
        "Net Income": -4362000.0,
        "Net Income Including Noncontrolling Interests": -4362000.0,
        "Net Income Continuous Operations": -4362000.0,
        "Tax Provision": -6541000.0,
        "Pretax Income": -10903000.0,
        "Other Income Expense": -2933000.0,
        "Other Non Operating Income Expenses": NaN,
        "Special Income Charges": 0.0,
        "Gain On Sale Of Security": -2933000.0,
        "Net Non Operating Interest Income Expense": 3294000.0,
        "Interest Expense Non Operating": 1529000.0,
        "Interest Income Non Operating": 4823000.0,
        "Operating Income": -11264000.0,
        "Operating Expense": 116181000.0,
        "Other Operating Expenses": -4408000.0,
        "Depreciation Amortization Depletion Income Statement": 7704000.0,
        "Depreciation And Amortization In Income Statement": 7704000.0,
        "Amortization": 7704000.0,
        "Amortization Of Intangibles Income Statement": 7704000.0,
        "Research And Development": 51598000.0,
        "Selling General And Administration": 61287000.0,
        "Selling And Marketing Expense": 44069000.0,
        "General And Administrative Expense": 17218000.0,
        "Other Gand A": 17218000.0,
        "Gross Profit": 104917000.0,
        "Cost Of Revenue": 29086000.0,
        "Total Revenue": 134003000.0,
        "Operating Revenue": 132720000.0
    },
    "2023-12-31": {
        "Tax Effect Of Unusual Items": 1237782.854846,
        "Tax Rate For Calcs": 0.340893,
        "Normalized EBITDA": 37606000.0,
        "Total Unusual Items": 3631000.0,
        "Total Unusual Items Excluding Goodwill": 3631000.0,
        "Net Income From Continuing Operation Net Minority Interest": 19675000.0,
        "Reconciled Depreciation": 9853000.0,
        "Reconciled Cost Of Revenue": 27028000.0,
        "EBITDA": 41237000.0,
        "EBIT": 31384000.0,
        "Net Interest Income": 3630000.0,
        "Interest Expense": 1533000.0,
        "Interest Income": 5163000.0,
        "Normalized Income": 17281782.854846,
        "Net Income From Continuing And Discontinued Operation": 19675000.0,
        "Total Expenses": 148913000.0,
        "Total Operating Income As Reported": 22590000.0,
        "Diluted Average Shares": NaN,
        "Basic Average Shares": NaN,
        "Diluted EPS": NaN,
        "Basic EPS": NaN,
        "Diluted NI Availto Com Stockholders": 19675000.0,
        "Net Income Common Stockholders": 19675000.0,
        "Net Income": 19675000.0,
        "Net Income Including Noncontrolling Interests": 19675000.0,
        "Net Income Continuous Operations": 19675000.0,
        "Tax Provision": 10176000.0,
        "Pretax Income": 29851000.0,
        "Other Income Expense": 3631000.0,
        "Other Non Operating Income Expenses": NaN,
        "Special Income Charges": NaN,
        "Gain On Sale Of Security": 3631000.0,
        "Net Non Operating Interest Income Expense": 3630000.0,
        "Interest Expense Non Operating": 1533000.0,
        "Interest Income Non Operating": 5163000.0,
        "Operating Income": 22590000.0,
        "Operating Expense": 119740000.0,
        "Other Operating Expenses": -1178000.0,
        "Depreciation Amortization Depletion Income Statement": 7708000.0,
        "Depreciation And Amortization In Income Statement": 7708000.0,
        "Amortization": 7708000.0,
        "Amortization Of Intangibles Income Statement": 7708000.0,
        "Research And Development": 52519000.0,
        "Selling General And Administration": 60691000.0,
        "Selling And Marketing Expense": 43595000.0,
        "General And Administrative Expense": 17096000.0,
        "Other Gand A": 17096000.0,
        "Gross Profit": 142330000.0,
        "Cost Of Revenue": 29173000.0,
        "Total Revenue": 171503000.0,
        "Operating Revenue": 170245000.0
    },
    "2024-03-31": {
        "Tax Effect Of Unusual Items": -511850.0,
        "Tax Rate For Calcs": 0.29,
        "Normalized EBITDA": 36276000.0,
        "Total Unusual Items": -1765000.0,
        "Total Unusual Items Excluding Goodwill": -1765000.0,
        "Net Income From Continuing Operation Net Minority Interest": 16547000.0,
        "Reconciled Depreciation": 9619000.0,
        "Reconciled Cost Of Revenue": 28712000.0,
        "EBITDA": 34511000.0,
        "EBIT": 24892000.0,
        "Net Interest Income": 4146000.0,
        "Interest Expense": 1576000.0,
        "Interest Income": 5722000.0,
        "Normalized Income": 17800150.0,
        "Net Income From Continuing And Discontinued Operation": 16547000.0,
        "Total Expenses": 151977000.0,
        "Total Operating Income As Reported": 20935000.0,
        "Diluted Average Shares": 89806000.0,
        "Basic Average Shares": 82587000.0,
        "Diluted EPS": 0.2,
        "Basic EPS": 0.2,
        "Diluted NI Availto Com Stockholders": 16547000.0,
        "Net Income Common Stockholders": 16547000.0,
        "Net Income": 16547000.0,
        "Net Income Including Noncontrolling Interests": 16547000.0,
        "Net Income Continuous Operations": 16547000.0,
        "Tax Provision": 6769000.0,
        "Pretax Income": 23316000.0,
        "Other Income Expense": -1765000.0,
        "Other Non Operating Income Expenses": NaN,
        "Special Income Charges": NaN,
        "Gain On Sale Of Security": -1765000.0,
        "Net Non Operating Interest Income Expense": 4146000.0,
        "Interest Expense Non Operating": 1576000.0,
        "Interest Income Non Operating": 5722000.0,
        "Operating Income": 20935000.0,
        "Operating Expense": 121084000.0,
        "Other Operating Expenses": -882000.0,
        "Depreciation Amortization Depletion Income Statement": 7438000.0,
        "Depreciation And Amortization In Income Statement": 7438000.0,
        "Amortization": 7438000.0,
        "Amortization Of Intangibles Income Statement": 7438000.0,
        "Research And Development": 52333000.0,
        "Selling General And Administration": 62195000.0,
        "Selling And Marketing Expense": 44434000.0,
        "General And Administrative Expense": 17761000.0,
        "Other Gand A": 17761000.0,
        "Gross Profit": 142019000.0,
        "Cost Of Revenue": 30893000.0,
        "Total Revenue": 172912000.0,
        "Operating Revenue": 172912000.0
    },
    "2024-06-30": {
        "Tax Effect Of Unusual Items": -16060.0,
        "Tax Rate For Calcs": 0.11,
        "Normalized EBITDA": 5931000.0,
        "Total Unusual Items": -146000.0,
        "Total Unusual Items Excluding Goodwill": -146000.0,
        "Net Income From Continuing Operation Net Minority Interest": -5147000.0,
        "Reconciled Depreciation": 9938000.0,
        "Reconciled Cost Of Revenue": 28207000.0,
        "EBITDA": 5785000.0,
        "EBIT": -4153000.0,
        "Net Interest Income": 4292000.0,
        "Interest Expense": 1604000.0,
        "Interest Income": 5896000.0,
        "Normalized Income": -5017060.0,
        "Net Income From Continuing And Discontinued Operation": -5147000.0,
        "Total Expenses": 158698000.0,
        "Total Operating Income As Reported": -9903000.0,
        "Diluted Average Shares": 83607000.0,
        "Basic Average Shares": 83607000.0,
        "Diluted EPS": -0.06,
        "Basic EPS": -0.06,
        "Diluted NI Availto Com Stockholders": -5147000.0,
        "Net Income Common Stockholders": -5147000.0,
        "Net Income": -5147000.0,
        "Net Income Including Noncontrolling Interests": -5147000.0,
        "Net Income Continuous Operations": -5147000.0,
        "Tax Provision": -610000.0,
        "Pretax Income": -5757000.0,
        "Other Income Expense": -146000.0,
        "Other Non Operating Income Expenses": NaN,
        "Special Income Charges": NaN,
        "Gain On Sale Of Security": -146000.0,
        "Net Non Operating Interest Income Expense": 4292000.0,
        "Interest Expense Non Operating": 1604000.0,
        "Interest Income Non Operating": 5896000.0,
        "Operating Income": -9903000.0,
        "Operating Expense": 128182000.0,
        "Other Operating Expenses": -786000.0,
        "Depreciation Amortization Depletion Income Statement": 7629000.0,
        "Depreciation And Amortization In Income Statement": 7629000.0,
        "Amortization": 7629000.0,
        "Amortization Of Intangibles Income Statement": 7629000.0,
        "Research And Development": 55570000.0,
        "Selling General And Administration": 65769000.0,
        "Selling And Marketing Expense": 46475000.0,
        "General And Administrative Expense": 19294000.0,
        "Other Gand A": 19294000.0,
        "Gross Profit": 118279000.0,
        "Cost Of Revenue": 30516000.0,
        "Total Revenue": 148795000.0,
        "Operating Revenue": 148054000.0
    },
    "2024-09-30": {
        "Tax Effect Of Unusual Items": 1019760.0,
        "Tax Rate For Calcs": 0.21,
        "Normalized EBITDA": 13153000.0,
        "Total Unusual Items": 4856000.0,
        "Total Unusual Items Excluding Goodwill": 4856000.0,
        "Net Income From Continuing Operation Net Minority Interest": 1779000.0,
        "Reconciled Depreciation": 11563000.0,
        "Reconciled Cost Of Revenue": 27698000.0,
        "EBITDA": 18009000.0,
        "EBIT": 6446000.0,
        "Net Interest Income": 4585000.0,
        "Interest Expense": 1317000.0,
        "Interest Income": 5902000.0,
        "Normalized Income": -2057240.0,
        "Net Income From Continuing And Discontinued Operation": 1779000.0,
        "Total Expenses": 155762000.0,
        "Total Operating Income As Reported": -4312000.0,
        "Diluted Average Shares": 88425000.0,
        "Basic Average Shares": 84835000.0,
        "Diluted EPS": 0.02,
        "Basic EPS": 0.02,
        "Diluted NI Availto Com Stockholders": 1779000.0,
        "Net Income Common Stockholders": 1779000.0,
        "Net Income": 1779000.0,
        "Net Income Including Noncontrolling Interests": 1779000.0,
        "Net Income Continuous Operations": 1779000.0,
        "Tax Provision": 3350000.0,
        "Pretax Income": 5129000.0,
        "Other Income Expense": 4856000.0,
        "Other Non Operating Income Expenses": NaN,
        "Special Income Charges": NaN,
        "Gain On Sale Of Security": 4856000.0,
        "Net Non Operating Interest Income Expense": 4585000.0,
        "Interest Expense Non Operating": 1317000.0,
        "Interest Income Non Operating": 5902000.0,
        "Operating Income": -4312000.0,
        "Operating Expense": 125747000.0,
        "Other Operating Expenses": -2669000.0,
        "Depreciation Amortization Depletion Income Statement": 9246000.0,
        "Depreciation And Amortization In Income Statement": 9246000.0,
        "Amortization": 9246000.0,
        "Amortization Of Intangibles Income Statement": 9246000.0,
        "Research And Development": 56111000.0,
        "Selling General And Administration": 63059000.0,
        "Selling And Marketing Expense": 45559000.0,
        "General And Administrative Expense": 17500000.0,
        "Other Gand A": 17500000.0,
        "Gross Profit": 121435000.0,
        "Cost Of Revenue": 30015000.0,
        "Total Revenue": 151450000.0,
        "Operating Revenue": 150656000.0
    }
}