{
    "2023-04-30": {
        "Tax Effect Of Unusual Items": 0.0,
        "Tax Rate For Calcs": 0.2,
        "Normalized EBITDA": -29718000.0,
        "Net Income From Continuing Operation Net Minority Interest": -35902000.0,
        "Reconciled Depreciation": 5824000.0,
        "Reconciled Cost Of Revenue": 24623000.0,
        "EBITDA": -29718000.0,
        "EBIT": -35542000.0,
        "Normalized Income": -35902000.0,
        "Net Income From Continuing And Discontinued Operation": -35902000.0,
        "Total Expenses": 97684000.0,
        "Total Operating Income As Reported": -35542000.0,
        "Diluted Average Shares": 39340791.0,
        "Basic Average Shares": 39340791.0,
        "Diluted EPS": -0.91,
        "Basic EPS": -0.91,
        "Diluted NI Availto Com Stockholders": -35902000.0,
        "Net Income Common Stockholders": -35902000.0,
        "Net Income": -35902000.0,
        "Net Income Including Noncontrolling Interests": -35902000.0,
        "Net Income Continuous Operations": -35902000.0,
        "Tax Provision": 1646000.0,
        "Pretax Income": -34256000.0,
        "Other Income Expense": 1286000.0,
        "Other Non Operating Income Expenses": 1286000.0,
        "Operating Income": -35542000.0,
        "Operating Expense": 73061000.0,
        "Research And Development": 54441000.0,
        "Selling General And Administration": 18620000.0,
        "General And Administrative Expense": NaN,
        "Other Gand A": NaN,
        "Salaries And Wages": NaN,
        "Gross Profit": 37519000.0,
        "Cost Of Revenue": 24623000.0,
        "Total Revenue": 62142000.0,
        "Operating Revenue": 62142000.0
    },
    "2023-01-31": {
        "Tax Effect Of Unusual Items": 0.0,
        "Tax Rate For Calcs": 0.2,
        "Normalized EBITDA": -17932000.0,
        "Net Income From Continuing Operation Net Minority Interest": -11105000.0,
        "Reconciled Depreciation": 5508000.0,
        "Reconciled Cost Of Revenue": 33676000.0,
        "EBITDA": -17932000.0,
        "EBIT": -23440000.0,
        "Normalized Income": -11105000.0,
        "Net Income From Continuing And Discontinued Operation": -11105000.0,
        "Total Expenses": 106761000.0,
        "Total Operating Income As Reported": -23440000.0,
        "Diluted Average Shares": 38898290.0,
        "Basic Average Shares": 38898290.0,
        "Diluted EPS": -0.29,
        "Basic EPS": -0.29,
        "Diluted NI Availto Com Stockholders": -11105000.0,
        "Net Income Common Stockholders": -11105000.0,
        "Net Income": -11105000.0,
        "Net Income Including Noncontrolling Interests": -11105000.0,
        "Net Income Continuous Operations": -11105000.0,
        "Tax Provision": -10510000.0,
        "Pretax Income": -21615000.0,
        "Other Income Expense": 1825000.0,
        "Other Non Operating Income Expenses": 1825000.0,
        "Operating Income": -23440000.0,
        "Operating Expense": 73085000.0,
        "Research And Development": 53054000.0,
        "Selling General And Administration": 20031000.0,
        "General And Administrative Expense": NaN,
        "Other Gand A": NaN,
        "Salaries And Wages": NaN,
        "Gross Profit": 49645000.0,
        "Cost Of Revenue": 33676000.0,
        "Total Revenue": 83321000.0,
        "Operating Revenue": 83321000.0
    },
    "2022-10-31": {
        "Tax Effect Of Unusual Items": 0.0,
        "Tax Rate For Calcs": 0.2,
        "Normalized EBITDA": -14999000.0,
        "Net Income From Continuing Operation Net Minority Interest": -19809000.0,
        "Reconciled Depreciation": 5131000.0,
        "Reconciled Cost Of Revenue": 31418000.0,
        "EBITDA": -14999000.0,
        "EBIT": -20130000.0,
        "Normalized Income": -19809000.0,
        "Net Income From Continuing And Discontinued Operation": -19809000.0,
        "Total Expenses": 103226000.0,
        "Total Operating Income As Reported": -20130000.0,
        "Diluted Average Shares": 38582584.0,
        "Basic Average Shares": 38582584.0,
        "Diluted EPS": -0.51,
        "Basic EPS": -0.51,
        "Diluted NI Availto Com Stockholders": -19809000.0,
        "Net Income Common Stockholders": -19809000.0,
        "Net Income": -19809000.0,
        "Net Income Including Noncontrolling Interests": -19809000.0,
        "Net Income Continuous Operations": -19809000.0,
        "Tax Provision": 1112000.0,
        "Pretax Income": -18697000.0,
        "Other Income Expense": 1433000.0,
        "Other Non Operating Income Expenses": 1433000.0,
        "Operating Income": -20130000.0,
        "Operating Expense": 71808000.0,
        "Research And Development": 52864000.0,
        "Selling General And Administration": 18944000.0,
        "General And Administrative Expense": NaN,
        "Other Gand A": NaN,
        "Salaries And Wages": NaN,
        "Gross Profit": 51678000.0,
        "Cost Of Revenue": 31418000.0,
        "Total Revenue": 83096000.0,
        "Operating Revenue": 83096000.0
    },
    "2022-07-31": {
        "Tax Effect Of Unusual Items": 0.0,
        "Tax Rate For Calcs": 0.4,
        "Normalized EBITDA": -20188000.0,
        "Net Income From Continuing Operation Net Minority Interest": -23650000.0,
        "Reconciled Depreciation": 4687000.0,
        "Reconciled Cost Of Revenue": 29820000.0,
        "EBITDA": -20188000.0,
        "EBIT": -20188000.0,
        "Normalized Income": -23650000.0,
        "Net Income From Continuing And Discontinued Operation": -23650000.0,
        "Total Expenses": 101072000.0,
        "Total Operating Income As Reported": -20188000.0,
        "Diluted Average Shares": 38258341.0,
        "Basic Average Shares": 38258341.0,
        "Diluted EPS": -0.62,
        "Basic EPS": -0.62,
        "Diluted NI Availto Com Stockholders": -23650000.0,
        "Net Income Common Stockholders": -23650000.0,
        "Net Income": -23650000.0,
        "Net Income Including Noncontrolling Interests": -23650000.0,
        "Net Income Continuous Operations": -23650000.0,
        "Tax Provision": 3436000.0,
        "Pretax Income": -20214000.0,
        "Other Income Expense": -26000.0,
        "Other Non Operating Income Expenses": -26000.0,
        "Operating Income": -20188000.0,
        "Operating Expense": 71252000.0,
        "Research And Development": 52338000.0,
        "Selling General And Administration": 18914000.0,
        "Gross Profit": 51064000.0,
        "Cost Of Revenue": 29820000.0,
        "Total Revenue": 80884000.0,
        "Operating Revenue": 80884000.0
    },
    "2022-04-30": {
        "Diluted EPS": -0.29,
        "Total Revenue": 90,
        "Gross Profit": 57,
        "Operating Income": -10,
        "EBIT": -6,
        "Net Income": -11
    },
    "2022-01-31": {
        "Diluted EPS": -0.24,
        "Total Revenue": 90,
        "Gross Profit": 57,
        "Operating Income": -12,
        "EBIT": -7,
        "Net Income": -9
    },
    "2021-10-31": {
        "Diluted EPS": 0.02,
        "Total Revenue": 92,
        "Gross Profit": 58,
        "Operating Income": -1,
        "EBIT": 2,
        "Net Income": 1
    },
    "2021-07-31": {
        "Diluted EPS": -0.2,
        "Total Revenue": 79,
        "Gross Profit": 49,
        "Operating Income": -6,
        "EBIT": -3,
        "Net Income": -7
    },
    "2021-04-30": {
        "Diluted EPS": -0.3,
        "Total Revenue": 70,
        "Gross Profit": 44,
        "Operating Income": -10,
        "EBIT": -7,
        "Net Income": -11
    },
    "2021-01-31": {
        "Diluted EPS": -0.35,
        "Total Revenue": 62,
        "Gross Profit": 38,
        "Operating Income": -14,
        "EBIT": -11,
        "Net Income": -12
    },
    "2020-10-31": {
        "Diluted EPS": -0.49,
        "Total Revenue": 56,
        "Gross Profit": 35,
        "Operating Income": -16,
        "EBIT": -13,
        "Net Income": -17
    },
    "2020-07-31": {
        "Diluted EPS": -0.43,
        "Total Revenue": 50,
        "Gross Profit": 31,
        "Operating Income": -15,
        "EBIT": -12,
        "Net Income": -15
    },
    "2020-04-30": {
        "Diluted EPS": -0.45,
        "Total Revenue": 55,
        "Gross Profit": 32,
        "Operating Income": -16,
        "EBIT": -13,
        "Net Income": -15
    },
    "2020-01-31": {
        "Diluted EPS": -0.38,
        "Total Revenue": 57,
        "Gross Profit": 33,
        "Operating Income": -14,
        "EBIT": -11,
        "Net Income": -13
    },
    "2019-10-31": {
        "Diluted EPS": -0.13,
        "Total Revenue": 68,
        "Gross Profit": 39,
        "Operating Income": -7,
        "EBIT": -5,
        "Net Income": -4
    },
    "2019-07-31": {
        "Diluted EPS": -0.31,
        "Total Revenue": 56,
        "Gross Profit": 32,
        "Operating Income": -10,
        "EBIT": -8,
        "Net Income": -10
    },
    "2019-04-30": {
        "Diluted EPS": -0.53,
        "Total Revenue": 47,
        "Gross Profit": 28,
        "Operating Income": -18,
        "EBIT": -16,
        "Net Income": -17
    },
    "2019-01-31": {
        "Diluted EPS": -0.14,
        "Total Revenue": 51,
        "Gross Profit": 31,
        "Operating Income": -14,
        "EBIT": -13,
        "Net Income": -5
    },
    "2018-10-31": {
        "Diluted EPS": -0.28,
        "Total Revenue": 57,
        "Gross Profit": 35,
        "Operating Income": -9,
        "EBIT": -8,
        "Net Income": -9
    },
    "2018-07-31": {
        "Diluted EPS": -0.21,
        "Total Revenue": 62,
        "Gross Profit": 38,
        "Operating Income": -7,
        "EBIT": -5,
        "Net Income": -7
    },
    "2018-04-30": {
        "Diluted EPS": -0.3,
        "Total Revenue": 57,
        "Gross Profit": 35,
        "Operating Income": -10,
        "EBIT": -8,
        "Net Income": -10
    },
    "2018-01-31": {
        "Diluted EPS": 0.04,
        "Total Revenue": 71,
        "Gross Profit": 45,
        "Operating Income": 1,
        "EBIT": 3,
        "Net Income": 1
    },
    "2017-10-31": {
        "Diluted EPS": 0.34,
        "Total Revenue": 89,
        "Gross Profit": 57,
        "Operating Income": 15,
        "EBIT": 16,
        "Net Income": 12
    },
    "2017-07-31": {
        "Diluted EPS": 0.1,
        "Total Revenue": 72,
        "Gross Profit": 45,
        "Operating Income": 5,
        "EBIT": 7,
        "Net Income": 3
    },
    "2017-04-30": {
        "Diluted EPS": 0.07,
        "Total Revenue": 64,
        "Gross Profit": 41,
        "Operating Income": 3,
        "EBIT": 3,
        "Net Income": 3
    },
    "2017-01-31": {
        "Diluted EPS": 0.54,
        "Total Revenue": 88,
        "Gross Profit": 59,
        "Operating Income": 20,
        "EBIT": 21,
        "Net Income": 18
    },
    "2016-10-31": {
        "Diluted EPS": 0.84,
        "Total Revenue": 100,
        "Gross Profit": 66,
        "Operating Income": 30,
        "EBIT": 30,
        "Net Income": 29
    },
    "2016-07-31": {
        "Diluted EPS": 0.25,
        "Total Revenue": 65,
        "Gross Profit": 43,
        "Operating Income": 9,
        "EBIT": 10,
        "Net Income": 9
    },
    "2016-04-30": {
        "Diluted EPS": 0.05,
        "Total Revenue": 57,
        "Gross Profit": 37,
        "Operating Income": 1,
        "EBIT": 2,
        "Net Income": 2
    },
    "2016-01-31": {
        "Diluted EPS": 0.16,
        "Total Revenue": 68,
        "Gross Profit": 43,
        "Operating Income": 9,
        "EBIT": 10,
        "Net Income": 5
    },
    "2015-10-31": {
        "Diluted EPS": 0.87,
        "Total Revenue": 93,
        "Gross Profit": 61,
        "Operating Income": 30,
        "EBIT": 31,
        "Net Income": 29
    },
    "2015-07-31": {
        "Diluted EPS": 0.68,
        "Total Revenue": 84,
        "Gross Profit": 55,
        "Operating Income": 25,
        "EBIT": 25,
        "Net Income": 23
    },
    "2015-04-30": {
        "Diluted EPS": 0.56,
        "Total Revenue": 71,
        "Gross Profit": 46,
        "Operating Income": 20,
        "EBIT": 21,
        "Net Income": 19
    },
    "2015-01-31": {
        "Diluted EPS": 0.54,
        "Total Revenue": 65,
        "Gross Profit": 41,
        "Operating Income": 17,
        "EBIT": 18,
        "Net Income": 18
    },
    "2014-10-31": {
        "Diluted EPS": 0.57,
        "Total Revenue": 66,
        "Gross Profit": 42,
        "Operating Income": 19,
        "EBIT": 19,
        "Net Income": 18
    },
    "2014-07-31": {
        "Diluted EPS": 0.29,
        "Total Revenue": 47,
        "Gross Profit": 31,
        "Operating Income": 10,
        "EBIT": 11,
        "Net Income": 9
    },
    "2014-04-30": {
        "Diluted EPS": 0.17,
        "Total Revenue": 41,
        "Gross Profit": 26,
        "Operating Income": 6,
        "EBIT": 6,
        "Net Income": 5
    },
    "2014-01-31": {
        "Diluted EPS": 0.18,
        "Total Revenue": 40,
        "Gross Profit": 26,
        "Operating Income": 6,
        "EBIT": 6,
        "Net Income": 6
    },
    "2013-10-31": {
        "Diluted EPS": 0.3,
        "Total Revenue": 46,
        "Gross Profit": 29,
        "Operating Income": 10,
        "EBIT": 10,
        "Net Income": 9
    },
    "2013-07-31": {
        "Diluted EPS": 0.21,
        "Total Revenue": 38,
        "Gross Profit": 23,
        "Operating Income": 7,
        "EBIT": 7,
        "Net Income": 6
    },
    "2013-04-30": {
        "Diluted EPS": 0.16,
        "Total Revenue": 34,
        "Gross Profit": 22,
        "Operating Income": 5,
        "EBIT": 5,
        "Net Income": 5
    },
    "2013-01-31": {
        "Diluted EPS": 0.09,
        "Total Revenue": 32,
        "Gross Profit": 20,
        "Operating Income": 4,
        "EBIT": 4,
        "Net Income": 3
    },
    "2012-10-31": {
        "Diluted EPS": 0.25,
        "Total Revenue": 36,
        "Gross Profit": 23,
        "Operating Income": 8,
        "EBIT": 8,
        "Net Income": 3
    },
    "2012-07-31": {
        "Diluted EPS": 0.19,
        "Total Revenue": 28,
        "Gross Profit": 19,
        "Operating Income": 6,
        "EBIT": 6,
        "Net Income": 2
    },
    "2012-04-30": {
        "Diluted EPS": 0.07,
        "Total Revenue": 26,
        "Gross Profit": 18,
        "Operating Income": 3,
        "EBIT": 3,
        "Net Income": 1
    },
    "2012-01-31": {
        "Diluted EPS": 0.0,
        "Total Revenue": NaN,
        "Gross Profit": NaN,
        "Operating Income": NaN,
        "EBIT": NaN,
        "Net Income": NaN
    },
    "2011-10-31": {
        "Diluted EPS": 0.19,
        "Total Revenue": 29,
        "Gross Profit": 19,
        "Operating Income": 6,
        "EBIT": 6,
        "Net Income": 2
    },
    "2011-01-31": {
        "Diluted EPS": 0.0,
        "Total Revenue": NaN,
        "Gross Profit": NaN,
        "Operating Income": NaN,
        "EBIT": NaN,
        "Net Income": NaN
    },
    "2023-07-31": {
        "Tax Effect Of Unusual Items": NaN,
        "Tax Rate For Calcs": NaN,
        "Normalized EBITDA": NaN,
        "Net Income From Continuing Operation Net Minority Interest": NaN,
        "Reconciled Depreciation": NaN,
        "Reconciled Cost Of Revenue": NaN,
        "EBITDA": NaN,
        "EBIT": NaN,
        "Normalized Income": NaN,
        "Net Income From Continuing And Discontinued Operation": NaN,
        "Total Expenses": NaN,
        "Total Operating Income As Reported": NaN,
        "Diluted Average Shares": NaN,
        "Basic Average Shares": NaN,
        "Diluted EPS": NaN,
        "Basic EPS": NaN,
        "Diluted NI Availto Com Stockholders": NaN,
        "Net Income Common Stockholders": NaN,
        "Net Income": NaN,
        "Net Income Including Noncontrolling Interests": NaN,
        "Net Income Continuous Operations": NaN,
        "Tax Provision": NaN,
        "Pretax Income": NaN,
        "Other Income Expense": NaN,
        "Other Non Operating Income Expenses": NaN,
        "Operating Income": NaN,
        "Operating Expense": NaN,
        "Research And Development": NaN,
        "Selling General And Administration": NaN,
        "General And Administrative Expense": 18884000.0,
        "Other Gand A": 10197000.0,
        "Salaries And Wages": 8687000.0,
        "Gross Profit": NaN,
        "Cost Of Revenue": NaN,
        "Total Revenue": NaN,
        "Operating Revenue": NaN
    },
    "2023-10-31": {
        "Tax Effect Of Unusual Items": 0.0,
        "Tax Rate For Calcs": 0.2,
        "Normalized EBITDA": -35508000.0,
        "Net Income From Continuing Operation Net Minority Interest": -41710000.0,
        "Reconciled Depreciation": 6457000.0,
        "Reconciled Cost Of Revenue": 20612000.0,
        "EBITDA": -35508000.0,
        "EBIT": -41965000.0,
        "Normalized Income": -41710000.0,
        "Net Income From Continuing And Discontinued Operation": -41710000.0,
        "Total Expenses": 92560000.0,
        "Total Operating Income As Reported": -41965000.0,
        "Diluted Average Shares": 40053251.0,
        "Basic Average Shares": 40053251.0,
        "Diluted EPS": -1.04,
        "Basic EPS": -1.04,
        "Diluted NI Availto Com Stockholders": -41710000.0,
        "Net Income Common Stockholders": -41710000.0,
        "Net Income": -41710000.0,
        "Net Income Including Noncontrolling Interests": -41710000.0,
        "Net Income Continuous Operations": -41710000.0,
        "Tax Provision": 1645000.0,
        "Pretax Income": -40065000.0,
        "Other Income Expense": 1900000.0,
        "Other Non Operating Income Expenses": 1900000.0,
        "Operating Income": -41965000.0,
        "Operating Expense": 71948000.0,
        "Research And Development": 53702000.0,
        "Selling General And Administration": 18246000.0,
        "General And Administrative Expense": NaN,
        "Other Gand A": NaN,
        "Salaries And Wages": NaN,
        "Gross Profit": 29983000.0,
        "Cost Of Revenue": 20612000.0,
        "Total Revenue": 50595000.0,
        "Operating Revenue": 50595000.0
    },
    "2024-01-31": {
        "Tax Effect Of Unusual Items": 0.0,
        "Tax Rate For Calcs": 0.2,
        "Normalized EBITDA": -35303000.0,
        "Net Income From Continuing Operation Net Minority Interest": -60607000.0,
        "Reconciled Depreciation": 6411000.0,
        "Reconciled Cost Of Revenue": 20763000.0,
        "EBITDA": -35303000.0,
        "EBIT": -41714000.0,
        "Normalized Income": -60607000.0,
        "Net Income From Continuing And Discontinued Operation": -60607000.0,
        "Total Expenses": 93330000.0,
        "Total Operating Income As Reported": -41714000.0,
        "Diluted Average Shares": 40384743.0,
        "Basic Average Shares": 40384743.0,
        "Diluted EPS": -1.5,
        "Basic EPS": -1.5,
        "Diluted NI Availto Com Stockholders": -60607000.0,
        "Net Income Common Stockholders": -60607000.0,
        "Net Income": -60607000.0,
        "Net Income Including Noncontrolling Interests": -60607000.0,
        "Net Income Continuous Operations": -60607000.0,
        "Tax Provision": 21000000.0,
        "Pretax Income": -39607000.0,
        "Other Income Expense": 2107000.0,
        "Other Non Operating Income Expenses": 2107000.0,
        "Operating Income": -41714000.0,
        "Operating Expense": 72567000.0,
        "Research And Development": 51992000.0,
        "Selling General And Administration": 20575000.0,
        "General And Administrative Expense": NaN,
        "Other Gand A": NaN,
        "Salaries And Wages": NaN,
        "Gross Profit": 30853000.0,
        "Cost Of Revenue": 20763000.0,
        "Total Revenue": 51616000.0,
        "Operating Revenue": 51616000.0
    },
    "2024-04-30": {
        "Tax Effect Of Unusual Items": 0.0,
        "Tax Rate For Calcs": 0.2,
        "Normalized EBITDA": -33091000.0,
        "Net Income From Continuing Operation Net Minority Interest": -37932000.0,
        "Reconciled Depreciation": 6354000.0,
        "Reconciled Cost Of Revenue": 21313000.0,
        "EBITDA": -33091000.0,
        "EBIT": -39445000.0,
        "Normalized Income": -37932000.0,
        "Net Income From Continuing And Discontinued Operation": -37932000.0,
        "Total Expenses": 93918000.0,
        "Total Operating Income As Reported": -39445000.0,
        "Diluted Average Shares": 40774991.0,
        "Basic Average Shares": 40774991.0,
        "Diluted EPS": -0.93,
        "Basic EPS": -0.93,
        "Diluted NI Availto Com Stockholders": -37932000.0,
        "Net Income Common Stockholders": -37932000.0,
        "Net Income": -37932000.0,
        "Net Income Including Noncontrolling Interests": -37932000.0,
        "Net Income Continuous Operations": -37932000.0,
        "Tax Provision": 758000.0,
        "Pretax Income": -37174000.0,
        "Other Income Expense": 2271000.0,
        "Other Non Operating Income Expenses": 2271000.0,
        "Operating Income": -39445000.0,
        "Operating Expense": 72605000.0,
        "Research And Development": 54137000.0,
        "Selling General And Administration": 18468000.0,
        "General And Administrative Expense": NaN,
        "Other Gand A": NaN,
        "Salaries And Wages": NaN,
        "Gross Profit": 33160000.0,
        "Cost Of Revenue": 21313000.0,
        "Total Revenue": 54473000.0,
        "Operating Revenue": 54473000.0
    },
    "2024-07-31": {
        "Tax Effect Of Unusual Items": 0.0,
        "Tax Rate For Calcs": 0.2,
        "Normalized EBITDA": -29886000.0,
        "Net Income From Continuing Operation Net Minority Interest": -34889000.0,
        "Reconciled Depreciation": 6401000.0,
        "Reconciled Cost Of Revenue": 24983000.0,
        "EBITDA": -29886000.0,
        "EBIT": -36287000.0,
        "Normalized Income": -34889000.0,
        "Net Income From Continuing And Discontinued Operation": -34889000.0,
        "Total Expenses": 100011000.0,
        "Total Operating Income As Reported": -36287000.0,
        "Diluted Average Shares": 41129754.0,
        "Basic Average Shares": 41129754.0,
        "Diluted EPS": -0.85,
        "Basic EPS": -0.85,
        "Diluted NI Availto Com Stockholders": -34889000.0,
        "Net Income Common Stockholders": -34889000.0,
        "Net Income": -34889000.0,
        "Net Income Including Noncontrolling Interests": -34889000.0,
        "Net Income Continuous Operations": -34889000.0,
        "Tax Provision": 747000.0,
        "Pretax Income": -34142000.0,
        "Other Income Expense": 2145000.0,
        "Other Non Operating Income Expenses": 2145000.0,
        "Operating Income": -36287000.0,
        "Operating Expense": 75028000.0,
        "Research And Development": 56760000.0,
        "Selling General And Administration": 18268000.0,
        "General And Administrative Expense": NaN,
        "Other Gand A": NaN,
        "Salaries And Wages": NaN,
        "Gross Profit": 38741000.0,
        "Cost Of Revenue": 24983000.0,
        "Total Revenue": 63724000.0,
        "Operating Revenue": 63724000.0
    },
    "2024-10-31": {
        "Tax Effect Of Unusual Items": 0.0,
        "Tax Rate For Calcs": 0.2,
        "Normalized EBITDA": -19031000.0,
        "Net Income From Continuing Operation Net Minority Interest": -24071000.0,
        "Reconciled Depreciation": 6479000.0,
        "Reconciled Cost Of Revenue": 32605000.0,
        "EBITDA": -19031000.0,
        "EBIT": -25510000.0,
        "Normalized Income": -24071000.0,
        "Net Income From Continuing And Discontinued Operation": -24071000.0,
        "Total Expenses": 108163000.0,
        "Total Operating Income As Reported": -25510000.0,
        "Diluted Average Shares": 41479459.0,
        "Basic Average Shares": 41479459.0,
        "Diluted EPS": -0.58,
        "Basic EPS": -0.58,
        "Diluted NI Availto Com Stockholders": -24071000.0,
        "Net Income Common Stockholders": -24071000.0,
        "Net Income": -24071000.0,
        "Net Income Including Noncontrolling Interests": -24071000.0,
        "Net Income Continuous Operations": -24071000.0,
        "Tax Provision": 652000.0,
        "Pretax Income": -23419000.0,
        "Other Income Expense": 2091000.0,
        "Other Non Operating Income Expenses": 2091000.0,
        "Operating Income": -25510000.0,
        "Operating Expense": 75558000.0,
        "Research And Development": 58389000.0,
        "Selling General And Administration": 17169000.0,
        "General And Administrative Expense": NaN,
        "Other Gand A": NaN,
        "Salaries And Wages": NaN,
        "Gross Profit": 50048000.0,
        "Cost Of Revenue": 32605000.0,
        "Total Revenue": 82653000.0,
        "Operating Revenue": 82653000.0
    }
}