{
    "2023-03-31": {
        "Tax Effect Of Unusual Items": 0.0,
        "Tax Rate For Calcs": 0.21,
        "Total Unusual Items": NaN,
        "Total Unusual Items Excluding Goodwill": NaN,
        "Net Income From Continuing Operation Net Minority Interest": -32000000.0,
        "Reconciled Depreciation": 7000000.0,
        "EBIT": -13000000.0,
        "Net Interest Income": -16000000.0,
        "Interest Expense": 16000000.0,
        "Normalized Income": -32000000.0,
        "Net Income From Continuing And Discontinued Operation": -32000000.0,
        "Total Expenses": 86000000.0,
        "Diluted Average Shares": 45564276.0,
        "Basic Average Shares": 45564276.0,
        "Diluted EPS": -0.73,
        "Basic EPS": -0.73,
        "Diluted NI Availto Com Stockholders": -33000000.0,
        "Net Income Common Stockholders": -33000000.0,
        "Otherunder Preferred Stock Dividend": 1000000.0,
        "Net Income": -32000000.0,
        "Minority Interests": 1000000.0,
        "Net Income Including Noncontrolling Interests": -33000000.0,
        "Net Income Continuous Operations": -33000000.0,
        "Tax Provision": 4000000.0,
        "Pretax Income": -29000000.0,
        "Other Income Expense": 2000000.0,
        "Special Income Charges": NaN,
        "Other Special Charges": NaN,
        "Net Non Operating Interest Income Expense": -16000000.0,
        "Interest Expense Non Operating": 16000000.0,
        "Depreciation And Amortization In Income Statement": 7000000.0,
        "Amortization": 7000000.0,
        "Selling General And Administration": 36000000.0,
        "General And Administrative Expense": 36000000.0,
        "Other Gand A": 36000000.0,
        "Total Revenue": 57000000.0,
        "Operating Revenue": 57000000.0
    },
    "2022-12-31": {
        "Tax Effect Of Unusual Items": 5040000.0,
        "Tax Rate For Calcs": 0.21,
        "Total Unusual Items": 24000000.0,
        "Total Unusual Items Excluding Goodwill": 24000000.0,
        "Net Income From Continuing Operation Net Minority Interest": 176000000.0,
        "Reconciled Depreciation": 14000000.0,
        "EBIT": 203000000.0,
        "Net Interest Income": -30000000.0,
        "Interest Expense": 30000000.0,
        "Normalized Income": 157040000.0,
        "Net Income From Continuing And Discontinued Operation": 176000000.0,
        "Total Expenses": 21000000.0,
        "Diluted Average Shares": 46078826.0,
        "Basic Average Shares": 45341861.0,
        "Diluted EPS": 3.86,
        "Basic EPS": 3.93,
        "Diluted NI Availto Com Stockholders": 175000000.0,
        "Net Income Common Stockholders": 175000000.0,
        "Otherunder Preferred Stock Dividend": -1000000.0,
        "Net Income": 176000000.0,
        "Minority Interests": 2000000.0,
        "Net Income Including Noncontrolling Interests": 174000000.0,
        "Net Income Continuous Operations": 175000000.0,
        "Tax Provision": -2000000.0,
        "Pretax Income": 173000000.0,
        "Other Income Expense": 140000000.0,
        "Special Income Charges": 24000000.0,
        "Other Special Charges": -24000000.0,
        "Net Non Operating Interest Income Expense": -30000000.0,
        "Interest Expense Non Operating": 30000000.0,
        "Depreciation And Amortization In Income Statement": 13000000.0,
        "Amortization": 13000000.0,
        "Selling General And Administration": 51000000.0,
        "General And Administrative Expense": 51000000.0,
        "Other Gand A": 51000000.0,
        "Total Revenue": 195000000.0,
        "Operating Revenue": 195000000.0
    },
    "2022-09-30": {
        "Tax Effect Of Unusual Items": 0.0,
        "Tax Rate For Calcs": 0.005848,
        "Total Unusual Items": 0.0,
        "Total Unusual Items Excluding Goodwill": 0.0,
        "Net Income From Continuing Operation Net Minority Interest": 340000000.0,
        "Reconciled Depreciation": 6000000.0,
        "EBIT": 391000000.0,
        "Net Interest Income": -49000000.0,
        "Interest Expense": 49000000.0,
        "Normalized Income": 340000000.0,
        "Net Income From Continuing And Discontinued Operation": 340000000.0,
        "Total Expenses": -261000000.0,
        "Diluted Average Shares": 45846405.0,
        "Basic Average Shares": 45307019.0,
        "Diluted EPS": 7.41,
        "Basic EPS": 7.5,
        "Diluted NI Availto Com Stockholders": 340000000.0,
        "Net Income Common Stockholders": 340000000.0,
        "Otherunder Preferred Stock Dividend": NaN,
        "Net Income": 340000000.0,
        "Minority Interests": 0.0,
        "Net Income Including Noncontrolling Interests": 340000000.0,
        "Net Income Continuous Operations": 340000000.0,
        "Tax Provision": 2000000.0,
        "Pretax Income": 342000000.0,
        "Other Income Expense": NaN,
        "Special Income Charges": 0.0,
        "Other Special Charges": NaN,
        "Net Non Operating Interest Income Expense": -49000000.0,
        "Interest Expense Non Operating": 49000000.0,
        "Other Operating Expenses": 37000000.0,
        "Depreciation And Amortization In Income Statement": 6000000.0,
        "Amortization": 6000000.0,
        "Selling General And Administration": 17000000.0,
        "General And Administrative Expense": 17000000.0,
        "Other Gand A": NaN,
        "Salaries And Wages": 17000000.0,
        "Total Revenue": 79000000.0,
        "Operating Revenue": 79000000.0
    },
    "2022-06-30": {
        "Tax Effect Of Unusual Items": 9500000.0,
        "Tax Rate For Calcs": 0.166667,
        "Total Unusual Items": 57000000.0,
        "Total Unusual Items Excluding Goodwill": 57000000.0,
        "Net Income From Continuing Operation Net Minority Interest": 5000000.0,
        "Reconciled Depreciation": 15000000.0,
        "EBIT": 51000000.0,
        "Net Interest Income": -45000000.0,
        "Interest Expense": 45000000.0,
        "Normalized Income": -42500000.0,
        "Net Income From Continuing And Discontinued Operation": 5000000.0,
        "Total Expenses": 23000000.0,
        "Diluted Average Shares": 45685349.0,
        "Basic Average Shares": 45519093.0,
        "Diluted EPS": 0.11,
        "Basic EPS": 0.11,
        "Diluted NI Availto Com Stockholders": 5000000.0,
        "Net Income Common Stockholders": 5000000.0,
        "Otherunder Preferred Stock Dividend": NaN,
        "Net Income": 5000000.0,
        "Minority Interests": 0.0,
        "Net Income Including Noncontrolling Interests": 5000000.0,
        "Net Income Continuous Operations": 5000000.0,
        "Tax Provision": 1000000.0,
        "Pretax Income": 6000000.0,
        "Other Income Expense": -5000000.0,
        "Special Income Charges": 57000000.0,
        "Other Special Charges": -57000000.0,
        "Net Non Operating Interest Income Expense": -45000000.0,
        "Interest Expense Non Operating": 45000000.0,
        "Other Operating Expenses": 17000000.0,
        "Depreciation And Amortization In Income Statement": 13000000.0,
        "Amortization": 13000000.0,
        "Selling General And Administration": 16000000.0,
        "General And Administrative Expense": 16000000.0,
        "Other Gand A": NaN,
        "Salaries And Wages": 16000000.0,
        "Total Revenue": 29000000.0,
        "Operating Revenue": 29000000.0
    },
    "2022-03-31": {
        "Diluted EPS": 0.04,
        "Total Revenue": 119,
        "Gross Profit": 95,
        "Operating Income": 52,
        "EBIT": 63,
        "Net Income": 2
    },
    "2021-12-31": {
        "Diluted EPS": -0.41,
        "Total Revenue": 53,
        "Gross Profit": 68,
        "Operating Income": 38,
        "EBIT": 46,
        "Net Income": -23
    },
    "2021-09-30": {
        "Diluted EPS": 0.35,
        "Total Revenue": 51,
        "Gross Profit": 106,
        "Operating Income": 63,
        "EBIT": 71,
        "Net Income": 17
    },
    "2021-06-30": {
        "Diluted EPS": -0.63,
        "Total Revenue": 49,
        "Gross Profit": 47,
        "Operating Income": 33,
        "EBIT": 45,
        "Net Income": -28
    },
    "2021-03-31": {
        "Diluted EPS": 0.08,
        "Total Revenue": 129,
        "Gross Profit": 88,
        "Operating Income": 69,
        "EBIT": 85,
        "Net Income": 17
    },
    "2020-12-31": {
        "Diluted EPS": -0.3,
        "Total Revenue": 89,
        "Gross Profit": 80,
        "Operating Income": 40,
        "EBIT": 53,
        "Net Income": -14
    },
    "2020-09-30": {
        "Diluted EPS": -2.33,
        "Total Revenue": 62,
        "Gross Profit": -21,
        "Operating Income": -58,
        "EBIT": -47,
        "Net Income": -108
    },
    "2020-06-30": {
        "Diluted EPS": -0.77,
        "Total Revenue": 75,
        "Gross Profit": 59,
        "Operating Income": 24,
        "EBIT": 34,
        "Net Income": -35
    },
    "2020-03-31": {
        "Diluted EPS": -6.07,
        "Total Revenue": -70,
        "Gross Profit": -187,
        "Operating Income": -224,
        "EBIT": -215,
        "Net Income": -280
    },
    "2019-12-31": {
        "Diluted EPS": -2.37,
        "Total Revenue": 91,
        "Gross Profit": -6,
        "Operating Income": -45,
        "EBIT": -34,
        "Net Income": -111
    },
    "2019-09-30": {
        "Diluted EPS": 1.41,
        "Total Revenue": 216,
        "Gross Profit": 179,
        "Operating Income": 136,
        "EBIT": 149,
        "Net Income": 66
    },
    "2019-06-30": {
        "Diluted EPS": -2.79,
        "Total Revenue": 89,
        "Gross Profit": 222,
        "Operating Income": -33,
        "EBIT": 151,
        "Net Income": -128
    },
    "2019-03-31": {
        "Diluted EPS": -0.94,
        "Total Revenue": 100,
        "Gross Profit": 88,
        "Operating Income": 27,
        "EBIT": 51,
        "Net Income": -43
    },
    "2018-12-31": {
        "Diluted EPS": -0.53,
        "Total Revenue": 52,
        "Gross Profit": 95,
        "Operating Income": 45,
        "EBIT": 58,
        "Net Income": -20
    },
    "2018-09-30": {
        "Diluted EPS": -2.27,
        "Total Revenue": 134,
        "Gross Profit": 72,
        "Operating Income": 46,
        "EBIT": 54,
        "Net Income": -104
    },
    "2018-06-30": {
        "Diluted EPS": 0.09,
        "Total Revenue": 151,
        "Gross Profit": 118,
        "Operating Income": 69,
        "EBIT": 67,
        "Net Income": 4
    },
    "2018-03-31": {
        "Diluted EPS": 6.7,
        "Total Revenue": 174,
        "Gross Profit": 421,
        "Operating Income": 356,
        "EBIT": 308,
        "Net Income": 306
    },
    "2017-12-31": {
        "Diluted EPS": -0.44,
        "Total Revenue": 189,
        "Gross Profit": -1,
        "Operating Income": 24,
        "EBIT": 10,
        "Net Income": -20
    },
    "2017-09-30": {
        "Diluted EPS": -4.2,
        "Total Revenue": 133,
        "Gross Profit": -111,
        "Operating Income": -156,
        "EBIT": -161,
        "Net Income": -191
    },
    "2017-06-30": {
        "Diluted EPS": 0.16,
        "Total Revenue": 173,
        "Gross Profit": 107,
        "Operating Income": 42,
        "EBIT": 29,
        "Net Income": 7
    },
    "2017-03-31": {
        "Diluted EPS": -2.77,
        "Total Revenue": 126,
        "Gross Profit": -9,
        "Operating Income": -74,
        "EBIT": -73,
        "Net Income": -125
    },
    "2016-12-31": {
        "Diluted EPS": -2.08,
        "Total Revenue": 238,
        "Gross Profit": -42,
        "Operating Income": -54,
        "EBIT": -61,
        "Net Income": -95
    },
    "2016-09-30": {
        "Diluted EPS": 2.22,
        "Total Revenue": 145,
        "Gross Profit": 193,
        "Operating Income": 148,
        "EBIT": 146,
        "Net Income": 101
    },
    "2016-06-30": {
        "Diluted EPS": 1.29,
        "Total Revenue": 107,
        "Gross Profit": 131,
        "Operating Income": 92,
        "EBIT": 102,
        "Net Income": 59
    },
    "2016-03-31": {
        "Diluted EPS": 0.21,
        "Total Revenue": 17,
        "Gross Profit": 122,
        "Operating Income": 43,
        "EBIT": 68,
        "Net Income": 9
    },
    "2015-12-31": {
        "Diluted EPS": 8.76,
        "Total Revenue": 171,
        "Gross Profit": 480,
        "Operating Income": 426,
        "EBIT": 452,
        "Net Income": 387
    },
    "2015-09-30": {
        "Diluted EPS": -8.66,
        "Total Revenue": 88,
        "Gross Profit": 196,
        "Operating Income": -358,
        "EBIT": 161,
        "Net Income": -391
    },
    "2015-06-30": {
        "Diluted EPS": 6.05,
        "Total Revenue": 231,
        "Gross Profit": 352,
        "Operating Income": 314,
        "EBIT": 320,
        "Net Income": 283
    },
    "2015-03-31": {
        "Diluted EPS": 4.57,
        "Total Revenue": 155,
        "Gross Profit": 282,
        "Operating Income": 244,
        "EBIT": 251,
        "Net Income": 215
    },
    "2014-12-31": {
        "Diluted EPS": 9.84,
        "Total Revenue": 7,
        "Gross Profit": 533,
        "Operating Income": 491,
        "EBIT": 506,
        "Net Income": 454
    },
    "2014-09-30": {
        "Diluted EPS": 1.77,
        "Total Revenue": 155,
        "Gross Profit": 159,
        "Operating Income": 117,
        "EBIT": 173,
        "Net Income": 82
    },
    "2014-06-30": {
        "Diluted EPS": -4.61,
        "Total Revenue": 57,
        "Gross Profit": -142,
        "Operating Income": -178,
        "EBIT": -178,
        "Net Income": -208
    },
    "2014-03-31": {
        "Diluted EPS": 3.31,
        "Total Revenue": 109,
        "Gross Profit": 223,
        "Operating Income": 192,
        "EBIT": 196,
        "Net Income": 156
    },
    "2013-12-31": {
        "Diluted EPS": 67.96,
        "Total Revenue": 167,
        "Gross Profit": 144,
        "Operating Income": 107,
        "EBIT": 125,
        "Net Income": 69
    },
    "2013-09-30": {
        "Diluted EPS": 4.98,
        "Total Revenue": 172,
        "Gross Profit": 301,
        "Operating Income": 263,
        "EBIT": 290,
        "Net Income": 231
    },
    "2013-06-30": {
        "Diluted EPS": 9.37,
        "Total Revenue": 592,
        "Gross Profit": 578,
        "Operating Income": 553,
        "EBIT": 558,
        "Net Income": NaN
    },
    "2013-03-31": {
        "Diluted EPS": 0.93,
        "Total Revenue": 291,
        "Gross Profit": 308,
        "Operating Income": 308,
        "EBIT": 266,
        "Net Income": 282
    },
    "2012-12-31": {
        "Diluted EPS": 0.47,
        "Total Revenue": 170,
        "Gross Profit": 171,
        "Operating Income": 171,
        "EBIT": 147,
        "Net Income": 144
    },
    "2012-09-30": {
        "Diluted EPS": 0.52,
        "Total Revenue": 197,
        "Gross Profit": 183,
        "Operating Income": 183,
        "EBIT": 141,
        "Net Income": 158
    },
    "2012-06-30": {
        "Diluted EPS": -2.68,
        "Total Revenue": -6,
        "Gross Profit": -781,
        "Operating Income": -781,
        "EBIT": -837,
        "Net Income": -811
    },
    "2012-03-31": {
        "Diluted EPS": 0.84,
        "Total Revenue": 324,
        "Gross Profit": 290,
        "Operating Income": 290,
        "EBIT": 226,
        "Net Income": 253
    },
    "2011-12-31": {
        "Diluted EPS": -3.18,
        "Total Revenue": -81,
        "Gross Profit": -921,
        "Operating Income": -921,
        "EBIT": -972,
        "Net Income": -963
    },
    "2011-09-30": {
        "Diluted EPS": -0.25,
        "Total Revenue": 26,
        "Gross Profit": 41,
        "Operating Income": 41,
        "EBIT": -6,
        "Net Income": -76
    },
    "2011-06-30": {
        "Diluted EPS": -0.34,
        "Total Revenue": 148,
        "Gross Profit": -64,
        "Operating Income": -64,
        "EBIT": -113,
        "Net Income": -102
    },
    "2011-03-31": {
        "Diluted EPS": -2.71,
        "Total Revenue": 203,
        "Gross Profit": -762,
        "Operating Income": -762,
        "EBIT": -796,
        "Net Income": -819
    },
    "2010-12-31": {
        "Diluted EPS": -0.22,
        "Total Revenue": 191,
        "Gross Profit": -54,
        "Operating Income": -16,
        "EBIT": -38,
        "Net Income": -82
    },
    "2010-09-30": {
        "Diluted EPS": 0.25,
        "Total Revenue": 361,
        "Gross Profit": 155,
        "Operating Income": 141,
        "EBIT": 117,
        "Net Income": 76
    },
    "2010-06-30": {
        "Diluted EPS": -0.2,
        "Total Revenue": 381,
        "Gross Profit": -1,
        "Operating Income": -14,
        "EBIT": -35,
        "Net Income": -58
    },
    "2010-03-31": {
        "Diluted EPS": -2.39,
        "Total Revenue": -499,
        "Gross Profit": -639,
        "Operating Income": -651,
        "EBIT": -707,
        "Net Income": -690
    },
    "2009-12-31": {
        "Diluted EPS": 1.97,
        "Total Revenue": 564,
        "Gross Profit": 136,
        "Operating Income": 130,
        "EBIT": 59,
        "Net Income": 558
    },
    "2009-09-30": {
        "Diluted EPS": 7.58,
        "Total Revenue": NaN,
        "Gross Profit": NaN,
        "Operating Income": NaN,
        "EBIT": NaN,
        "Net Income": NaN
    },
    "2009-06-30": {
        "Diluted EPS": -8.24,
        "Total Revenue": -477,
        "Gross Profit": NaN,
        "Operating Income": NaN,
        "EBIT": NaN,
        "Net Income": NaN
    },
    "2009-03-31": {
        "Diluted EPS": -1.36,
        "Total Revenue": NaN,
        "Gross Profit": 330,
        "Operating Income": 326,
        "EBIT": 303,
        "Net Income": -392
    },
    "2023-06-30": {
        "Tax Effect Of Unusual Items": 0.0,
        "Tax Rate For Calcs": 0.21,
        "Total Unusual Items": 0.0,
        "Total Unusual Items Excluding Goodwill": 0.0,
        "Net Income From Continuing Operation Net Minority Interest": -13000000.0,
        "Reconciled Depreciation": 7000000.0,
        "EBIT": 5000000.0,
        "Net Interest Income": -16000000.0,
        "Interest Expense": 16000000.0,
        "Normalized Income": -13000000.0,
        "Net Income From Continuing And Discontinued Operation": -13000000.0,
        "Total Expenses": 73000000.0,
        "Diluted Average Shares": 45757234.0,
        "Basic Average Shares": 45757234.0,
        "Diluted EPS": -0.29,
        "Basic EPS": -0.29,
        "Diluted NI Availto Com Stockholders": -13000000.0,
        "Net Income Common Stockholders": -13000000.0,
        "Otherunder Preferred Stock Dividend": NaN,
        "Net Income": -13000000.0,
        "Minority Interests": 0.0,
        "Net Income Including Noncontrolling Interests": -13000000.0,
        "Net Income Continuous Operations": -13000000.0,
        "Tax Provision": 2000000.0,
        "Pretax Income": -11000000.0,
        "Other Income Expense": 2000000.0,
        "Special Income Charges": 0.0,
        "Other Special Charges": NaN,
        "Net Non Operating Interest Income Expense": -16000000.0,
        "Interest Expense Non Operating": 16000000.0,
        "Depreciation And Amortization In Income Statement": 7000000.0,
        "Amortization": 7000000.0,
        "Selling General And Administration": 36000000.0,
        "General And Administrative Expense": 36000000.0,
        "Other Gand A": 36000000.0,
        "Total Revenue": 61000000.0,
        "Operating Revenue": 61000000.0
    },
    "2023-09-30": {
        "Tax Effect Of Unusual Items": 0.0,
        "Tax Rate For Calcs": 0.014706,
        "Total Unusual Items": 0.0,
        "Total Unusual Items Excluding Goodwill": 0.0,
        "Net Income From Continuing Operation Net Minority Interest": 66000000.0,
        "Reconciled Depreciation": 8000000.0,
        "EBIT": 84000000.0,
        "Net Interest Income": -16000000.0,
        "Interest Expense": 16000000.0,
        "Normalized Income": 66000000.0,
        "Net Income From Continuing And Discontinued Operation": 66000000.0,
        "Total Expenses": 6000000.0,
        "Diluted Average Shares": 46810735.0,
        "Basic Average Shares": 45635373.0,
        "Diluted EPS": 1.41,
        "Basic EPS": 1.44,
        "Diluted NI Availto Com Stockholders": 66000000.0,
        "Net Income Common Stockholders": 66000000.0,
        "Otherunder Preferred Stock Dividend": NaN,
        "Net Income": 66000000.0,
        "Minority Interests": 0.0,
        "Net Income Including Noncontrolling Interests": 66000000.0,
        "Net Income Continuous Operations": 67000000.0,
        "Tax Provision": 1000000.0,
        "Pretax Income": 68000000.0,
        "Other Income Expense": 3000000.0,
        "Special Income Charges": 0.0,
        "Other Special Charges": NaN,
        "Net Non Operating Interest Income Expense": -16000000.0,
        "Interest Expense Non Operating": 16000000.0,
        "Depreciation And Amortization In Income Statement": 7000000.0,
        "Amortization": 7000000.0,
        "Selling General And Administration": 49000000.0,
        "General And Administrative Expense": 49000000.0,
        "Other Gand A": 49000000.0,
        "Total Revenue": 72000000.0,
        "Operating Revenue": 72000000.0
    }
}