{
    "2023-03-31": {
        "Tax Effect Of Unusual Items": NaN,
        "Tax Rate For Calcs": NaN,
        "Normalized EBITDA": NaN,
        "Total Unusual Items": NaN,
        "Total Unusual Items Excluding Goodwill": NaN,
        "Net Income From Continuing Operation Net Minority Interest": NaN,
        "Reconciled Depreciation": NaN,
        "Reconciled Cost Of Revenue": NaN,
        "EBITDA": NaN,
        "EBIT": NaN,
        "Net Interest Income": NaN,
        "Interest Expense": NaN,
        "Normalized Income": NaN,
        "Net Income From Continuing And Discontinued Operation": NaN,
        "Total Expenses": NaN,
        "Rent Expense Supplemental": NaN,
        "Total Operating Income As Reported": NaN,
        "Diluted Average Shares": 156260883.0,
        "Basic Average Shares": 156260883.0,
        "Diluted EPS": -1.507095,
        "Basic EPS": -1.507095,
        "Diluted NI Availto Com Stockholders": NaN,
        "Net Income Common Stockholders": NaN,
        "Net Income": NaN,
        "Net Income Including Noncontrolling Interests": NaN,
        "Net Income Continuous Operations": NaN,
        "Tax Provision": NaN,
        "Pretax Income": NaN,
        "Other Income Expense": NaN,
        "Other Non Operating Income Expenses": -400000.0,
        "Special Income Charges": NaN,
        "Other Special Charges": NaN,
        "Restructuring And Mergern Acquisition": NaN,
        "Earnings From Equity Interest": NaN,
        "Gain On Sale Of Security": NaN,
        "Net Non Operating Interest Income Expense": NaN,
        "Interest Expense Non Operating": NaN,
        "Operating Income": NaN,
        "Operating Expense": NaN,
        "Other Operating Expenses": NaN,
        "Depreciation Amortization Depletion Income Statement": NaN,
        "Depreciation And Amortization In Income Statement": NaN,
        "Selling General And Administration": NaN,
        "General And Administrative Expense": NaN,
        "Other Gand A": NaN,
        "Rent And Landing Fees": NaN,
        "Salaries And Wages": NaN,
        "Gross Profit": NaN,
        "Cost Of Revenue": NaN,
        "Total Revenue": NaN,
        "Operating Revenue": NaN
    },
    "2022-12-31": {
        "Tax Effect Of Unusual Items": NaN,
        "Tax Rate For Calcs": NaN,
        "Normalized EBITDA": NaN,
        "Total Unusual Items": NaN,
        "Total Unusual Items Excluding Goodwill": NaN,
        "Net Income From Continuing Operation Net Minority Interest": NaN,
        "Reconciled Depreciation": NaN,
        "Reconciled Cost Of Revenue": NaN,
        "EBITDA": NaN,
        "EBIT": NaN,
        "Net Interest Income": NaN,
        "Interest Expense": NaN,
        "Normalized Income": NaN,
        "Net Income From Continuing And Discontinued Operation": NaN,
        "Total Expenses": NaN,
        "Rent Expense Supplemental": NaN,
        "Total Operating Income As Reported": NaN,
        "Diluted Average Shares": 125407692.0,
        "Basic Average Shares": 125407692.0,
        "Diluted EPS": -2.294118,
        "Basic EPS": -2.294118,
        "Diluted NI Availto Com Stockholders": NaN,
        "Net Income Common Stockholders": NaN,
        "Net Income": NaN,
        "Minority Interests": 0.0,
        "Net Income Including Noncontrolling Interests": NaN,
        "Net Income Continuous Operations": NaN,
        "Tax Provision": NaN,
        "Pretax Income": NaN,
        "Other Income Expense": NaN,
        "Other Non Operating Income Expenses": NaN,
        "Special Income Charges": NaN,
        "Other Special Charges": NaN,
        "Restructuring And Mergern Acquisition": NaN,
        "Earnings From Equity Interest": NaN,
        "Gain On Sale Of Security": NaN,
        "Net Non Operating Interest Income Expense": NaN,
        "Interest Expense Non Operating": NaN,
        "Operating Income": NaN,
        "Operating Expense": NaN,
        "Other Operating Expenses": NaN,
        "Depreciation Amortization Depletion Income Statement": NaN,
        "Depreciation And Amortization In Income Statement": NaN,
        "Selling General And Administration": NaN,
        "General And Administrative Expense": NaN,
        "Other Gand A": NaN,
        "Rent And Landing Fees": NaN,
        "Salaries And Wages": NaN,
        "Gross Profit": NaN,
        "Cost Of Revenue": NaN,
        "Total Revenue": NaN,
        "Operating Revenue": NaN
    },
    "2022-09-30": {
        "Tax Effect Of Unusual Items": NaN,
        "Tax Rate For Calcs": NaN,
        "Normalized EBITDA": NaN,
        "Total Unusual Items": NaN,
        "Total Unusual Items Excluding Goodwill": NaN,
        "Net Income From Continuing Operation Net Minority Interest": NaN,
        "Reconciled Depreciation": NaN,
        "Reconciled Cost Of Revenue": NaN,
        "EBITDA": NaN,
        "EBIT": NaN,
        "Net Interest Income": NaN,
        "Interest Expense": NaN,
        "Normalized Income": NaN,
        "Net Income From Continuing And Discontinued Operation": NaN,
        "Total Expenses": NaN,
        "Rent Expense Supplemental": NaN,
        "Total Operating Income As Reported": NaN,
        "Diluted Average Shares": NaN,
        "Basic Average Shares": NaN,
        "Diluted EPS": NaN,
        "Basic EPS": NaN,
        "Diluted NI Availto Com Stockholders": NaN,
        "Net Income Common Stockholders": NaN,
        "Net Income": NaN,
        "Minority Interests": 0.0,
        "Net Income Including Noncontrolling Interests": NaN,
        "Net Income Continuous Operations": NaN,
        "Tax Provision": NaN,
        "Pretax Income": NaN,
        "Other Income Expense": NaN,
        "Other Non Operating Income Expenses": NaN,
        "Special Income Charges": NaN,
        "Other Special Charges": NaN,
        "Restructuring And Mergern Acquisition": NaN,
        "Earnings From Equity Interest": NaN,
        "Gain On Sale Of Security": NaN,
        "Net Non Operating Interest Income Expense": NaN,
        "Interest Expense Non Operating": NaN,
        "Operating Income": NaN,
        "Operating Expense": NaN,
        "Other Operating Expenses": NaN,
        "Depreciation Amortization Depletion Income Statement": NaN,
        "Depreciation And Amortization In Income Statement": NaN,
        "Selling General And Administration": NaN,
        "General And Administrative Expense": NaN,
        "Other Gand A": NaN,
        "Rent And Landing Fees": NaN,
        "Gross Profit": NaN,
        "Cost Of Revenue": NaN,
        "Total Revenue": NaN,
        "Operating Revenue": NaN
    },
    "2022-06-30": {
        "Tax Effect Of Unusual Items": -8800000.0,
        "Tax Rate For Calcs": 0.4,
        "Normalized EBITDA": 88700000.0,
        "Total Unusual Items": -22000000.0,
        "Total Unusual Items Excluding Goodwill": -22000000.0,
        "Net Income From Continuing Operation Net Minority Interest": -121600000.0,
        "Reconciled Depreciation": 97400000.0,
        "Reconciled Cost Of Revenue": 393300000.0,
        "EBITDA": 66700000.0,
        "EBIT": -30700000.0,
        "Net Interest Income": -90300000.0,
        "Interest Expense": 90300000.0,
        "Normalized Income": -108400000.0,
        "Net Income From Continuing And Discontinued Operation": -121600000.0,
        "Total Expenses": 1174300000.0,
        "Rent Expense Supplemental": 222400000.0,
        "Total Operating Income As Reported": -16100000.0,
        "Diluted Average Shares": 117146093.0,
        "Basic Average Shares": 117146093.0,
        "Diluted EPS": -1.058824,
        "Basic EPS": -1.058824,
        "Diluted NI Availto Com Stockholders": -121600000.0,
        "Net Income Common Stockholders": -121600000.0,
        "Net Income": -121600000.0,
        "Minority Interests": 0.0,
        "Net Income Including Noncontrolling Interests": -121600000.0,
        "Net Income Continuous Operations": -121600000.0,
        "Tax Provision": 600000.0,
        "Pretax Income": -121000000.0,
        "Other Income Expense": -22800000.0,
        "Other Non Operating Income Expenses": 200000.0,
        "Special Income Charges": 38900000.0,
        "Other Special Charges": -38600000.0,
        "Impairment Of Capital Assets": NaN,
        "Restructuring And Mergern Acquisition": -300000.0,
        "Earnings From Equity Interest": -1000000.0,
        "Gain On Sale Of Security": -60900000.0,
        "Net Non Operating Interest Income Expense": -90300000.0,
        "Interest Expense Non Operating": 90300000.0,
        "Operating Income": -7900000.0,
        "Operating Expense": 781000000.0,
        "Other Operating Expenses": 393700000.0,
        "Depreciation Amortization Depletion Income Statement": 97400000.0,
        "Depreciation And Amortization In Income Statement": 97400000.0,
        "Selling General And Administration": 289900000.0,
        "General And Administrative Expense": 289900000.0,
        "Other Gand A": 67500000.0,
        "Rent And Landing Fees": 222400000.0,
        "Gross Profit": 773100000.0,
        "Cost Of Revenue": 393300000.0,
        "Total Revenue": 1166400000.0,
        "Operating Revenue": 1166400000.0
    },
    "2022-03-31": {
        "Diluted EPS": -0.33,
        "Total Revenue": 786,
        "Gross Profit": 553,
        "Operating Income": -167,
        "EBIT": -80,
        "Net Income": -337
    },
    "2021-12-31": {
        "Diluted EPS": 1.02,
        "Total Revenue": NaN,
        "Gross Profit": 802,
        "Operating Income": -60,
        "EBIT": 31,
        "Net Income": -134
    },
    "2021-09-30": {
        "Diluted EPS": -0.22,
        "Total Revenue": 763,
        "Gross Profit": 544,
        "Operating Income": -145,
        "EBIT": -52,
        "Net Income": -224
    },
    "2021-06-30": {
        "Diluted EPS": -0.71,
        "Total Revenue": 445,
        "Gross Profit": 320,
        "Operating Income": -297,
        "EBIT": -205,
        "Net Income": -344
    },
    "2021-03-31": {
        "Diluted EPS": -1.42,
        "Total Revenue": 148,
        "Gross Profit": 117,
        "Operating Income": -428,
        "EBIT": -259,
        "Net Income": -567
    },
    "2020-12-31": {
        "Diluted EPS": 15.09,
        "Total Revenue": 163,
        "Gross Profit": 116,
        "Operating Income": -970,
        "EBIT": -852,
        "Net Income": -946
    },
    "2020-09-30": {
        "Diluted EPS": -8.41,
        "Total Revenue": 120,
        "Gross Profit": 84,
        "Operating Income": -675,
        "EBIT": -560,
        "Net Income": -906
    },
    "2020-06-30": {
        "Diluted EPS": -5.38,
        "Total Revenue": 19,
        "Gross Profit": 14,
        "Operating Income": -472,
        "EBIT": -344,
        "Net Income": -561
    },
    "2020-03-31": {
        "Diluted EPS": -20.88,
        "Total Revenue": 942,
        "Gross Profit": 616,
        "Operating Income": NaN,
        "EBIT": NaN,
        "Net Income": NaN
    },
    "2019-12-31": {
        "Diluted EPS": 0.17,
        "Total Revenue": NaN,
        "Gross Profit": 940,
        "Operating Income": 43,
        "EBIT": 164,
        "Net Income": -14
    },
    "2019-09-30": {
        "Diluted EPS": -0.53,
        "Total Revenue": NaN,
        "Gross Profit": 833,
        "Operating Income": 21,
        "EBIT": 140,
        "Net Income": -55
    },
    "2019-06-30": {
        "Diluted EPS": 0.17,
        "Total Revenue": NaN,
        "Gross Profit": 947,
        "Operating Income": 106,
        "EBIT": 224,
        "Net Income": 49
    },
    "2019-03-31": {
        "Diluted EPS": -1.25,
        "Total Revenue": NaN,
        "Gross Profit": 774,
        "Operating Income": -34,
        "EBIT": 86,
        "Net Income": -130
    },
    "2018-12-31": {
        "Diluted EPS": 0.92,
        "Total Revenue": NaN,
        "Gross Profit": 911,
        "Operating Income": 87,
        "EBIT": 234,
        "Net Income": 114
    },
    "2018-09-30": {
        "Diluted EPS": -0.82,
        "Total Revenue": NaN,
        "Gross Profit": 779,
        "Operating Income": -22,
        "EBIT": 112,
        "Net Income": -100
    },
    "2018-06-30": {
        "Diluted EPS": 0.17,
        "Total Revenue": NaN,
        "Gross Profit": 899,
        "Operating Income": 90,
        "EBIT": 230,
        "Net Income": 22
    },
    "2018-03-31": {
        "Diluted EPS": 0.14,
        "Total Revenue": NaN,
        "Gross Profit": 891,
        "Operating Income": 110,
        "EBIT": 243,
        "Net Income": 18
    },
    "2017-12-31": {
        "Diluted EPS": -2.19,
        "Total Revenue": NaN,
        "Gross Profit": 907,
        "Operating Income": 70,
        "EBIT": 218,
        "Net Income": -276
    },
    "2017-09-30": {
        "Diluted EPS": -0.33,
        "Total Revenue": NaN,
        "Gross Profit": 753,
        "Operating Income": -4,
        "EBIT": 134,
        "Net Income": -43
    },
    "2017-06-30": {
        "Diluted EPS": -1.35,
        "Total Revenue": NaN,
        "Gross Profit": 760,
        "Operating Income": -20,
        "EBIT": 116,
        "Net Income": -177
    },
    "2017-03-31": {
        "Diluted EPS": 0.07,
        "Total Revenue": NaN,
        "Gross Profit": 802,
        "Operating Income": 55,
        "EBIT": 183,
        "Net Income": 8
    },
    "2016-12-31": {
        "Diluted EPS": 0.29,
        "Total Revenue": 926,
        "Gross Profit": 581,
        "Operating Income": 33,
        "EBIT": 118,
        "Net Income": 29
    },
    "2016-09-30": {
        "Diluted EPS": 0.31,
        "Total Revenue": 780,
        "Gross Profit": 487,
        "Operating Income": 66,
        "EBIT": 130,
        "Net Income": 30
    },
    "2016-06-30": {
        "Diluted EPS": 0.24,
        "Total Revenue": 764,
        "Gross Profit": 467,
        "Operating Income": 56,
        "EBIT": 121,
        "Net Income": 24
    },
    "2016-03-31": {
        "Diluted EPS": 0.29,
        "Total Revenue": 766,
        "Gross Profit": 470,
        "Operating Income": 59,
        "EBIT": 120,
        "Net Income": 28
    },
    "2015-12-31": {
        "Diluted EPS": 0.43,
        "Total Revenue": 784,
        "Gross Profit": 481,
        "Operating Income": 75,
        "EBIT": 139,
        "Net Income": 42
    },
    "2015-09-30": {
        "Diluted EPS": 0.12,
        "Total Revenue": 689,
        "Gross Profit": 424,
        "Operating Income": 36,
        "EBIT": 94,
        "Net Income": 12
    },
    "2015-06-30": {
        "Diluted EPS": 0.45,
        "Total Revenue": 821,
        "Gross Profit": 490,
        "Operating Income": 94,
        "EBIT": 154,
        "Net Income": 44
    },
    "2015-03-31": {
        "Diluted EPS": 0.06,
        "Total Revenue": 653,
        "Gross Profit": 402,
        "Operating Income": 32,
        "EBIT": 88,
        "Net Income": 6
    },
    "2014-12-31": {
        "Diluted EPS": 0.31,
        "Total Revenue": 712,
        "Gross Profit": 439,
        "Operating Income": 61,
        "EBIT": 120,
        "Net Income": 30
    },
    "2014-09-30": {
        "Diluted EPS": 0.08,
        "Total Revenue": 634,
        "Gross Profit": 386,
        "Operating Income": 29,
        "EBIT": 81,
        "Net Income": 7
    },
    "2014-06-30": {
        "Diluted EPS": 0.32,
        "Total Revenue": 727,
        "Gross Profit": 439,
        "Operating Income": 68,
        "EBIT": 122,
        "Net Income": 31
    },
    "2014-03-31": {
        "Diluted EPS": -0.05,
        "Total Revenue": 623,
        "Gross Profit": 386,
        "Operating Income": 18,
        "EBIT": 71,
        "Net Income": -5
    },
    "2013-12-31": {
        "Diluted EPS": 3.58,
        "Total Revenue": 713,
        "Gross Profit": 427,
        "Operating Income": 34,
        "EBIT": 81,
        "Net Income": 280
    },
    "2013-09-30": {
        "Diluted EPS": 0.44,
        "Total Revenue": 696,
        "Gross Profit": 428,
        "Operating Income": 58,
        "EBIT": 97,
        "Net Income": 33
    },
    "2013-06-30": {
        "Diluted EPS": 0.81,
        "Total Revenue": 763,
        "Gross Profit": 447,
        "Operating Income": 78,
        "EBIT": 128,
        "Net Income": 62
    },
    "2013-03-31": {
        "Diluted EPS": -0.13,
        "Total Revenue": 578,
        "Gross Profit": 363,
        "Operating Income": 20,
        "EBIT": 68,
        "Net Income": -10
    },
    "2012-12-31": {
        "Diluted EPS": 0.0,
        "Total Revenue": NaN,
        "Gross Profit": NaN,
        "Operating Income": NaN,
        "EBIT": NaN,
        "Net Income": NaN
    },
    "2012-03-31": {
        "Diluted EPS": 0.0,
        "Total Revenue": NaN,
        "Gross Profit": NaN,
        "Operating Income": NaN,
        "EBIT": NaN,
        "Net Income": NaN
    },
    "2023-06-30": {
        "Tax Effect Of Unusual Items": 1151111.111111,
        "Tax Rate For Calcs": 0.044444,
        "Normalized EBITDA": 182500000.0,
        "Total Unusual Items": 25900000.0,
        "Total Unusual Items Excluding Goodwill": 25900000.0,
        "Net Income From Continuing Operation Net Minority Interest": 8600000.0,
        "Reconciled Depreciation": 96800000.0,
        "Reconciled Cost Of Revenue": 474800000.0,
        "EBITDA": 208400000.0,
        "EBIT": 111600000.0,
        "Net Interest Income": -102600000.0,
        "Interest Expense": 102600000.0,
        "Normalized Income": -16148888.888889,
        "Net Income From Continuing And Discontinued Operation": 8600000.0,
        "Total Expenses": 1262500000.0,
        "Rent Expense Supplemental": 220800000.0,
        "Total Operating Income As Reported": 84800000.0,
        "Diluted Average Shares": 171526826.0,
        "Basic Average Shares": 171475373.0,
        "Diluted EPS": 0.088235,
        "Basic EPS": 0.088235,
        "Diluted NI Availto Com Stockholders": 8600000.0,
        "Net Income Common Stockholders": 8600000.0,
        "Net Income": 8600000.0,
        "Net Income Including Noncontrolling Interests": 8600000.0,
        "Net Income Continuous Operations": 8600000.0,
        "Tax Provision": 400000.0,
        "Pretax Income": 9000000.0,
        "Other Income Expense": 26200000.0,
        "Other Non Operating Income Expenses": -500000.0,
        "Special Income Charges": 23500000.0,
        "Other Special Charges": -24100000.0,
        "Restructuring And Mergern Acquisition": 600000.0,
        "Earnings From Equity Interest": 800000.0,
        "Gain On Sale Of Security": 2400000.0,
        "Net Non Operating Interest Income Expense": -102600000.0,
        "Interest Expense Non Operating": 102600000.0,
        "Operating Income": 85400000.0,
        "Operating Expense": 787700000.0,
        "Other Operating Expenses": 412000000.0,
        "Depreciation Amortization Depletion Income Statement": 96800000.0,
        "Depreciation And Amortization In Income Statement": 96800000.0,
        "Selling General And Administration": 278900000.0,
        "General And Administrative Expense": 278900000.0,
        "Other Gand A": 58100000.0,
        "Rent And Landing Fees": 220800000.0,
        "Salaries And Wages": 500000.0,
        "Gross Profit": 873100000.0,
        "Cost Of Revenue": 474800000.0,
        "Total Revenue": 1347900000.0,
        "Operating Revenue": 1347900000.0
    },
    "2023-09-30": {
        "Tax Effect Of Unusual Items": 2457534.246575,
        "Tax Rate For Calcs": 0.157534,
        "Normalized EBITDA": 191400000.0,
        "Total Unusual Items": 15600000.0,
        "Total Unusual Items Excluding Goodwill": 15600000.0,
        "Net Income From Continuing Operation Net Minority Interest": 12300000.0,
        "Reconciled Depreciation": 88700000.0,
        "Reconciled Cost Of Revenue": 488600000.0,
        "EBITDA": 207000000.0,
        "EBIT": 118300000.0,
        "Net Interest Income": -103700000.0,
        "Interest Expense": 103700000.0,
        "Normalized Income": -842465.753425,
        "Net Income From Continuing And Discontinued Operation": 12300000.0,
        "Total Expenses": 1305800000.0,
        "Rent Expense Supplemental": 224300000.0,
        "Total Operating Income As Reported": 99400000.0,
        "Diluted Average Shares": 162607000.0,
        "Basic Average Shares": 162424000.0,
        "Diluted EPS": 0.08,
        "Basic EPS": 0.08,
        "Diluted NI Availto Com Stockholders": 12300000.0,
        "Net Income Common Stockholders": 12300000.0,
        "Net Income": 12300000.0,
        "Net Income Including Noncontrolling Interests": 12300000.0,
        "Net Income Continuous Operations": 12300000.0,
        "Tax Provision": 2300000.0,
        "Pretax Income": 14600000.0,
        "Other Income Expense": 18200000.0,
        "Other Non Operating Income Expenses": -500000.0,
        "Special Income Charges": 25400000.0,
        "Other Special Charges": -26100000.0,
        "Restructuring And Mergern Acquisition": 700000.0,
        "Earnings From Equity Interest": 3100000.0,
        "Gain On Sale Of Security": -9800000.0,
        "Net Non Operating Interest Income Expense": -103700000.0,
        "Interest Expense Non Operating": 103700000.0,
        "Operating Income": 100100000.0,
        "Operating Expense": 817200000.0,
        "Other Operating Expenses": 449800000.0,
        "Depreciation Amortization Depletion Income Statement": 88700000.0,
        "Depreciation And Amortization In Income Statement": 88700000.0,
        "Selling General And Administration": 278700000.0,
        "General And Administrative Expense": 278700000.0,
        "Other Gand A": 54400000.0,
        "Rent And Landing Fees": 224300000.0,
        "Salaries And Wages": 500000.0,
        "Gross Profit": 917300000.0,
        "Cost Of Revenue": 488600000.0,
        "Total Revenue": 1405900000.0,
        "Operating Revenue": 1405900000.0
    },
    "2023-12-31": {
        "Tax Effect Of Unusual Items": -282969.432314,
        "Tax Rate For Calcs": 0.00655,
        "Normalized EBITDA": 49700000.0,
        "Total Unusual Items": -43200000.0,
        "Total Unusual Items Excluding Goodwill": -43200000.0,
        "Net Income From Continuing Operation Net Minority Interest": -182000000.0,
        "Reconciled Depreciation": 85900000.0,
        "Reconciled Cost Of Revenue": 335400000.0,
        "EBITDA": 6500000.0,
        "EBIT": -79400000.0,
        "Net Interest Income": -103800000.0,
        "Interest Expense": 103800000.0,
        "Normalized Income": -139082969.432314,
        "Net Income From Continuing And Discontinued Operation": -182000000.0,
        "Total Expenses": 1143000000.0,
        "Rent Expense Supplemental": 222700000.0,
        "Total Operating Income As Reported": -150300000.0,
        "Diluted Average Shares": NaN,
        "Basic Average Shares": NaN,
        "Diluted EPS": NaN,
        "Basic EPS": NaN,
        "Diluted NI Availto Com Stockholders": -182000000.0,
        "Net Income Common Stockholders": -182000000.0,
        "Net Income": -182000000.0,
        "Net Income Including Noncontrolling Interests": -182000000.0,
        "Net Income Continuous Operations": -182000000.0,
        "Tax Provision": -1200000.0,
        "Pretax Income": -183200000.0,
        "Other Income Expense": -40800000.0,
        "Other Non Operating Income Expenses": -200000.0,
        "Special Income Charges": -61900000.0,
        "Other Special Charges": -45200000.0,
        "Restructuring And Mergern Acquisition": 200000.0,
        "Earnings From Equity Interest": 2400000.0,
        "Gain On Sale Of Security": 18700000.0,
        "Net Non Operating Interest Income Expense": -103800000.0,
        "Interest Expense Non Operating": 103800000.0,
        "Operating Income": -38600000.0,
        "Operating Expense": 807600000.0,
        "Other Operating Expenses": 441700000.0,
        "Depreciation Amortization Depletion Income Statement": 85900000.0,
        "Depreciation And Amortization In Income Statement": 85900000.0,
        "Selling General And Administration": 280000000.0,
        "General And Administrative Expense": 280000000.0,
        "Other Gand A": 57100000.0,
        "Rent And Landing Fees": 222700000.0,
        "Salaries And Wages": 200000.0,
        "Gross Profit": 769000000.0,
        "Cost Of Revenue": 335400000.0,
        "Total Revenue": 1104400000.0,
        "Operating Revenue": 1104400000.0
    },
    "2024-03-31": {
        "Tax Effect Of Unusual Items": 1638000.0,
        "Tax Rate For Calcs": 0.21,
        "Normalized EBITDA": 13300000.0,
        "Total Unusual Items": 7800000.0,
        "Total Unusual Items Excluding Goodwill": 7800000.0,
        "Net Income From Continuing Operation Net Minority Interest": -163500000.0,
        "Reconciled Depreciation": 81600000.0,
        "Reconciled Cost Of Revenue": 302300000.0,
        "EBITDA": 21100000.0,
        "EBIT": -60500000.0,
        "Net Interest Income": -101200000.0,
        "Interest Expense": 101200000.0,
        "Normalized Income": -169662000.0,
        "Net Income From Continuing And Discontinued Operation": -163500000.0,
        "Total Expenses": 1059900000.0,
        "Rent Expense Supplemental": 224500000.0,
        "Total Operating Income As Reported": -108400000.0,
        "Diluted Average Shares": 263411000.0,
        "Basic Average Shares": 263411000.0,
        "Diluted EPS": -0.62,
        "Basic EPS": -0.62,
        "Diluted NI Availto Com Stockholders": -163500000.0,
        "Net Income Common Stockholders": -163500000.0,
        "Net Income": -163500000.0,
        "Net Income Including Noncontrolling Interests": -163500000.0,
        "Net Income Continuous Operations": -163500000.0,
        "Tax Provision": 1800000.0,
        "Pretax Income": -161700000.0,
        "Other Income Expense": 48000000.0,
        "Other Non Operating Income Expenses": 36500000.0,
        "Special Income Charges": 5900000.0,
        "Other Special Charges": -5800000.0,
        "Restructuring And Mergern Acquisition": -100000.0,
        "Earnings From Equity Interest": 3700000.0,
        "Gain On Sale Of Security": 1900000.0,
        "Net Non Operating Interest Income Expense": -101200000.0,
        "Interest Expense Non Operating": 101200000.0,
        "Operating Income": -108500000.0,
        "Operating Expense": 757600000.0,
        "Other Operating Expenses": 393800000.0,
        "Depreciation Amortization Depletion Income Statement": 81600000.0,
        "Depreciation And Amortization In Income Statement": 81600000.0,
        "Selling General And Administration": 282200000.0,
        "General And Administrative Expense": 282200000.0,
        "Other Gand A": 57700000.0,
        "Rent And Landing Fees": 224500000.0,
        "Salaries And Wages": 700000.0,
        "Gross Profit": 649100000.0,
        "Cost Of Revenue": 302300000.0,
        "Total Revenue": 951400000.0,
        "Operating Revenue": 951400000.0
    },
    "2024-06-30": {
        "Tax Effect Of Unusual Items": 23856000.0,
        "Tax Rate For Calcs": 0.21,
        "Normalized EBITDA": 32100000.0,
        "Total Unusual Items": 113600000.0,
        "Total Unusual Items Excluding Goodwill": 113600000.0,
        "Net Income From Continuing Operation Net Minority Interest": -32800000.0,
        "Reconciled Depreciation": 78800000.0,
        "Reconciled Cost Of Revenue": 342200000.0,
        "EBITDA": 145700000.0,
        "EBIT": 66900000.0,
        "Net Interest Income": -99000000.0,
        "Interest Expense": 99000000.0,
        "Normalized Income": -122544000.0,
        "Net Income From Continuing And Discontinued Operation": -32800000.0,
        "Total Expenses": 1078300000.0,
        "Rent Expense Supplemental": 218400000.0,
        "Total Operating Income As Reported": -47400000.0,
        "Diluted Average Shares": NaN,
        "Basic Average Shares": NaN,
        "Diluted EPS": NaN,
        "Basic EPS": NaN,
        "Diluted NI Availto Com Stockholders": -32800000.0,
        "Net Income Common Stockholders": -32800000.0,
        "Net Income": -32800000.0,
        "Net Income Including Noncontrolling Interests": -32800000.0,
        "Net Income Continuous Operations": -32800000.0,
        "Tax Provision": 700000.0,
        "Pretax Income": -32100000.0,
        "Other Income Expense": 114600000.0,
        "Other Non Operating Income Expenses": NaN,
        "Special Income Charges": 106900000.0,
        "Other Special Charges": -107000000.0,
        "Restructuring And Mergern Acquisition": 100000.0,
        "Earnings From Equity Interest": 1000000.0,
        "Gain On Sale Of Security": 6700000.0,
        "Net Non Operating Interest Income Expense": -99000000.0,
        "Interest Expense Non Operating": 99000000.0,
        "Operating Income": -47700000.0,
        "Operating Expense": 736100000.0,
        "Other Operating Expenses": 389500000.0,
        "Depreciation Amortization Depletion Income Statement": 78800000.0,
        "Depreciation And Amortization In Income Statement": 78800000.0,
        "Selling General And Administration": 267800000.0,
        "General And Administrative Expense": 267800000.0,
        "Other Gand A": 49000000.0,
        "Rent And Landing Fees": 218400000.0,
        "Salaries And Wages": 400000.0,
        "Gross Profit": 688400000.0,
        "Cost Of Revenue": 342200000.0,
        "Total Revenue": 1030600000.0,
        "Operating Revenue": 1030600000.0
    }
}