{
    "2023-03-31": {
        "Tax Effect Of Unusual Items": -1483250.0,
        "Tax Rate For Calcs": 0.25,
        "Normalized EBITDA": 404690000.0,
        "Total Unusual Items": -5933000.0,
        "Total Unusual Items Excluding Goodwill": -5933000.0,
        "Net Income From Continuing Operation Net Minority Interest": 103610000.0,
        "Reconciled Depreciation": 212948000.0,
        "Reconciled Cost Of Revenue": 139656000.0,
        "EBITDA": 398757000.0,
        "EBIT": 185809000.0,
        "Net Interest Income": -29701000.0,
        "Interest Expense": 37617000.0,
        "Interest Income": 7916000.0,
        "Normalized Income": 108059750.0,
        "Net Income From Continuing And Discontinued Operation": 103610000.0,
        "Total Expenses": 538210000.0,
        "Total Operating Income As Reported": 173304000.0,
        "Diluted Average Shares": 43837000.0,
        "Basic Average Shares": 43628000.0,
        "Diluted EPS": 2.36,
        "Basic EPS": 2.37,
        "Diluted NI Availto Com Stockholders": 103610000.0,
        "Net Income Common Stockholders": 103610000.0,
        "Net Income": 103610000.0,
        "Minority Interests": -7683000.0,
        "Net Income Including Noncontrolling Interests": 111293000.0,
        "Net Income Continuous Operations": 111293000.0,
        "Tax Provision": 36899000.0,
        "Pretax Income": 148192000.0,
        "Other Income Expense": -1344000.0,
        "Other Non Operating Income Expenses": 4589000.0,
        "Special Income Charges": -5933000.0,
        "Write Off": NaN,
        "Impairment Of Capital Assets": NaN,
        "Restructuring And Mergern Acquisition": 5933000.0,
        "Net Non Operating Interest Income Expense": -29701000.0,
        "Interest Expense Non Operating": 37617000.0,
        "Interest Income Non Operating": 7916000.0,
        "Operating Income": 179237000.0,
        "Operating Expense": 211481000.0,
        "Depreciation Amortization Depletion Income Statement": 25875000.0,
        "Depreciation And Amortization In Income Statement": 25875000.0,
        "Selling General And Administration": 185606000.0,
        "Gross Profit": 390718000.0,
        "Cost Of Revenue": 326729000.0,
        "Total Revenue": 717447000.0,
        "Operating Revenue": 717447000.0
    },
    "2022-12-31": {
        "Tax Effect Of Unusual Items": -166610803.214046,
        "Tax Rate For Calcs": 0.340242,
        "Normalized EBITDA": 528886000.0,
        "Total Unusual Items": -489683000.0,
        "Total Unusual Items Excluding Goodwill": -489683000.0,
        "Net Income From Continuing Operation Net Minority Interest": -264689000.0,
        "Reconciled Depreciation": 426042000.0,
        "Reconciled Cost Of Revenue": 214063000.0,
        "EBITDA": 39203000.0,
        "EBIT": -386839000.0,
        "Net Interest Income": -31903000.0,
        "Interest Expense": 36677000.0,
        "Interest Income": 4774000.0,
        "Normalized Income": 58383196.785954,
        "Net Income From Continuing And Discontinued Operation": -264689000.0,
        "Total Expenses": 866478000.0,
        "Total Operating Income As Reported": -391641000.0,
        "Diluted Average Shares": 43328000.0,
        "Basic Average Shares": 43328000.0,
        "Diluted EPS": -6.11,
        "Basic EPS": -6.11,
        "Diluted NI Availto Com Stockholders": -264689000.0,
        "Net Income Common Stockholders": -264689000.0,
        "Net Income": -264689000.0,
        "Minority Interests": 14729000.0,
        "Net Income Including Noncontrolling Interests": -279418000.0,
        "Net Income Continuous Operations": -279418000.0,
        "Tax Provision": -144098000.0,
        "Pretax Income": -423516000.0,
        "Other Income Expense": -489655000.0,
        "Other Non Operating Income Expenses": 28000.0,
        "Special Income Charges": -489683000.0,
        "Write Off": 403754000.0,
        "Impairment Of Capital Assets": 40717000.0,
        "Restructuring And Mergern Acquisition": 45212000.0,
        "Net Non Operating Interest Income Expense": -31903000.0,
        "Interest Expense Non Operating": 36677000.0,
        "Interest Income Non Operating": 4774000.0,
        "Operating Income": 98042000.0,
        "Operating Expense": 254044000.0,
        "Depreciation Amortization Depletion Income Statement": 27671000.0,
        "Depreciation And Amortization In Income Statement": 27671000.0,
        "Selling General And Administration": 226373000.0,
        "Gross Profit": 352086000.0,
        "Cost Of Revenue": 612434000.0,
        "Total Revenue": 964520000.0,
        "Operating Revenue": 964520000.0
    },
    "2022-09-30": {
        "Tax Effect Of Unusual Items": 0.0,
        "Tax Rate For Calcs": 0.24,
        "Normalized EBITDA": 395700000.0,
        "Total Unusual Items": 0.0,
        "Total Unusual Items Excluding Goodwill": 0.0,
        "Net Income From Continuing Operation Net Minority Interest": 84666000.0,
        "Reconciled Depreciation": 242944000.0,
        "Reconciled Cost Of Revenue": 80250000.0,
        "EBITDA": 395700000.0,
        "EBIT": 152756000.0,
        "Net Interest Income": -30683000.0,
        "Interest Expense": 34308000.0,
        "Interest Income": 3625000.0,
        "Normalized Income": 84666000.0,
        "Net Income From Continuing And Discontinued Operation": 84666000.0,
        "Total Expenses": 531166000.0,
        "Total Operating Income As Reported": 150677000.0,
        "Diluted Average Shares": 43732000.0,
        "Basic Average Shares": 43238000.0,
        "Diluted EPS": 1.94,
        "Basic EPS": 1.96,
        "Diluted NI Availto Com Stockholders": 84666000.0,
        "Net Income Common Stockholders": 84666000.0,
        "Net Income": 84666000.0,
        "Minority Interests": -5326000.0,
        "Net Income Including Noncontrolling Interests": 89992000.0,
        "Net Income Continuous Operations": 89992000.0,
        "Tax Provision": 28456000.0,
        "Pretax Income": 118448000.0,
        "Other Income Expense": -1546000.0,
        "Other Non Operating Income Expenses": -1546000.0,
        "Special Income Charges": 0.0,
        "Write Off": 0.0,
        "Restructuring And Mergern Acquisition": 0.0,
        "Net Non Operating Interest Income Expense": -30683000.0,
        "Interest Expense Non Operating": 34308000.0,
        "Interest Income Non Operating": 3625000.0,
        "Operating Income": 150677000.0,
        "Operating Expense": 237707000.0,
        "Depreciation Amortization Depletion Income Statement": 29735000.0,
        "Depreciation And Amortization In Income Statement": 29735000.0,
        "Selling General And Administration": 207972000.0,
        "Gross Profit": 388384000.0,
        "Cost Of Revenue": 293459000.0,
        "Total Revenue": 681843000.0,
        "Operating Revenue": 681843000.0
    },
    "2022-06-30": {
        "Tax Effect Of Unusual Items": 0.0,
        "Tax Rate For Calcs": 0.27,
        "Normalized EBITDA": 386197000.0,
        "Total Unusual Items": 0.0,
        "Total Unusual Items Excluding Goodwill": 0.0,
        "Net Income From Continuing Operation Net Minority Interest": 83429000.0,
        "Reconciled Depreciation": 231269000.0,
        "Reconciled Cost Of Revenue": 121734000.0,
        "EBITDA": 386197000.0,
        "EBIT": 154928000.0,
        "Net Interest Income": -29513000.0,
        "Interest Expense": 31980000.0,
        "Interest Income": 2467000.0,
        "Normalized Income": 83429000.0,
        "Net Income From Continuing And Discontinued Operation": 83429000.0,
        "Total Expenses": 584822000.0,
        "Total Operating Income As Reported": 153203000.0,
        "Diluted Average Shares": 43679000.0,
        "Basic Average Shares": 43192000.0,
        "Diluted EPS": 1.91,
        "Basic EPS": 1.93,
        "Diluted NI Availto Com Stockholders": 83429000.0,
        "Net Income Common Stockholders": 83429000.0,
        "Net Income": 83429000.0,
        "Minority Interests": -6491000.0,
        "Net Income Including Noncontrolling Interests": 89920000.0,
        "Net Income Continuous Operations": 89920000.0,
        "Tax Provision": 33028000.0,
        "Pretax Income": 122948000.0,
        "Other Income Expense": -742000.0,
        "Other Non Operating Income Expenses": -742000.0,
        "Special Income Charges": 0.0,
        "Write Off": 0.0,
        "Restructuring And Mergern Acquisition": 0.0,
        "Net Non Operating Interest Income Expense": -29513000.0,
        "Interest Expense Non Operating": 31980000.0,
        "Interest Income Non Operating": 2467000.0,
        "Operating Income": 153203000.0,
        "Operating Expense": 259050000.0,
        "Depreciation Amortization Depletion Income Statement": 27231000.0,
        "Depreciation And Amortization In Income Statement": 27231000.0,
        "Selling General And Administration": 231819000.0,
        "Gross Profit": 412253000.0,
        "Cost Of Revenue": 325772000.0,
        "Total Revenue": 738025000.0,
        "Operating Revenue": 738025000.0
    },
    "2022-03-31": {
        "Diluted EPS": 2.38,
        "Total Revenue": 712,
        "Gross Profit": 428,
        "Operating Income": 175,
        "EBIT": 401,
        "Net Income": 104
    },
    "2021-12-31": {
        "Diluted EPS": 0.37,
        "Total Revenue": 804,
        "Gross Profit": 369,
        "Operating Income": 64,
        "EBIT": 409,
        "Net Income": 17
    },
    "2021-09-30": {
        "Diluted EPS": 2.55,
        "Total Revenue": 811,
        "Gross Profit": 433,
        "Operating Income": 188,
        "EBIT": 490,
        "Net Income": 111
    },
    "2021-06-30": {
        "Diluted EPS": 0.83,
        "Total Revenue": 771,
        "Gross Profit": 433,
        "Operating Income": 68,
        "EBIT": 278,
        "Net Income": 36
    },
    "2021-03-31": {
        "Diluted EPS": 2.02,
        "Total Revenue": 692,
        "Gross Profit": 411,
        "Operating Income": 170,
        "EBIT": 353,
        "Net Income": 87
    },
    "2020-12-31": {
        "Diluted EPS": 1.97,
        "Total Revenue": 780,
        "Gross Profit": 339,
        "Operating Income": 81,
        "EBIT": 417,
        "Net Income": 95
    },
    "2020-09-30": {
        "Diluted EPS": 1.17,
        "Total Revenue": 654,
        "Gross Profit": 320,
        "Operating Income": 139,
        "EBIT": 383,
        "Net Income": 62
    },
    "2020-06-30": {
        "Diluted EPS": 0.28,
        "Total Revenue": 646,
        "Gross Profit": 364,
        "Operating Income": 49,
        "EBIT": 275,
        "Net Income": 15
    },
    "2020-03-31": {
        "Diluted EPS": 1.22,
        "Total Revenue": 734,
        "Gross Profit": 390,
        "Operating Income": 173,
        "EBIT": 432,
        "Net Income": 69
    },
    "2019-12-31": {
        "Diluted EPS": -0.13,
        "Total Revenue": 785,
        "Gross Profit": 359,
        "Operating Income": 42,
        "EBIT": 355,
        "Net Income": -9
    },
    "2019-09-30": {
        "Diluted EPS": 2.07,
        "Total Revenue": 719,
        "Gross Profit": 364,
        "Operating Income": 168,
        "EBIT": 430,
        "Net Income": 117
    },
    "2019-06-30": {
        "Diluted EPS": 2.25,
        "Total Revenue": 772,
        "Gross Profit": 387,
        "Operating Income": 170,
        "EBIT": 467,
        "Net Income": 129
    },
    "2019-03-31": {
        "Diluted EPS": 2.48,
        "Total Revenue": 784,
        "Gross Profit": 444,
        "Operating Income": 245,
        "EBIT": 479,
        "Net Income": 143
    },
    "2018-12-31": {
        "Diluted EPS": 1.28,
        "Total Revenue": 773,
        "Gross Profit": 370,
        "Operating Income": 137,
        "EBIT": 447,
        "Net Income": 72
    },
    "2018-09-30": {
        "Diluted EPS": 1.93,
        "Total Revenue": 697,
        "Gross Profit": 350,
        "Operating Income": 165,
        "EBIT": 408,
        "Net Income": 111
    },
    "2018-06-30": {
        "Diluted EPS": 1.82,
        "Total Revenue": 761,
        "Gross Profit": 385,
        "Operating Income": 192,
        "EBIT": 470,
        "Net Income": 106
    },
    "2018-03-31": {
        "Diluted EPS": 2.54,
        "Total Revenue": 741,
        "Gross Profit": 420,
        "Operating Income": 234,
        "EBIT": 479,
        "Net Income": 157
    },
    "2017-12-31": {
        "Diluted EPS": 2.31,
        "Total Revenue": 727,
        "Gross Profit": 342,
        "Operating Income": 162,
        "EBIT": 485,
        "Net Income": 145
    },
    "2017-09-30": {
        "Diluted EPS": 1.35,
        "Total Revenue": 648,
        "Gross Profit": 325,
        "Operating Income": 153,
        "EBIT": 415,
        "Net Income": 87
    },
    "2017-06-30": {
        "Diluted EPS": 1.54,
        "Total Revenue": 711,
        "Gross Profit": 376,
        "Operating Income": 176,
        "EBIT": 437,
        "Net Income": 103
    },
    "2017-03-31": {
        "Diluted EPS": 1.98,
        "Total Revenue": 720,
        "Gross Profit": 422,
        "Operating Income": 232,
        "EBIT": 461,
        "Net Income": 136
    },
    "2016-12-31": {
        "Diluted EPS": 0.23,
        "Total Revenue": 730,
        "Gross Profit": 368,
        "Operating Income": 104,
        "EBIT": 381,
        "Net Income": 14
    },
    "2016-09-30": {
        "Diluted EPS": 0.91,
        "Total Revenue": 635,
        "Gross Profit": 296,
        "Operating Income": 117,
        "EBIT": 386,
        "Net Income": 65
    },
    "2016-06-30": {
        "Diluted EPS": 1.05,
        "Total Revenue": 685,
        "Gross Profit": 379,
        "Operating Income": 178,
        "EBIT": 409,
        "Net Income": 77
    },
    "2016-03-31": {
        "Diluted EPS": 1.55,
        "Total Revenue": 707,
        "Gross Profit": 432,
        "Operating Income": 259,
        "EBIT": 455,
        "Net Income": 113
    },
    "2015-12-31": {
        "Diluted EPS": 1.22,
        "Total Revenue": 679,
        "Gross Profit": 357,
        "Operating Income": 160,
        "EBIT": 410,
        "Net Income": 90
    },
    "2015-09-30": {
        "Diluted EPS": 0.99,
        "Total Revenue": 632,
        "Gross Profit": 339,
        "Operating Income": 159,
        "EBIT": 369,
        "Net Income": 73
    },
    "2015-06-30": {
        "Diluted EPS": 1.14,
        "Total Revenue": 601,
        "Gross Profit": 341,
        "Operating Income": 159,
        "EBIT": 359,
        "Net Income": 83
    },
    "2015-03-31": {
        "Diluted EPS": 1.66,
        "Total Revenue": 669,
        "Gross Profit": 407,
        "Operating Income": 231,
        "EBIT": 428,
        "Net Income": 121
    },
    "2014-12-31": {
        "Diluted EPS": 1.06,
        "Total Revenue": 609,
        "Gross Profit": 328,
        "Operating Income": 159,
        "EBIT": 355,
        "Net Income": 78
    },
    "2014-09-30": {
        "Diluted EPS": 0.73,
        "Total Revenue": 520,
        "Gross Profit": 267,
        "Operating Income": 110,
        "EBIT": 300,
        "Net Income": 53
    },
    "2014-06-30": {
        "Diluted EPS": 0.81,
        "Total Revenue": 522,
        "Gross Profit": 290,
        "Operating Income": 129,
        "EBIT": 294,
        "Net Income": 59
    },
    "2014-03-31": {
        "Diluted EPS": 0.98,
        "Total Revenue": 525,
        "Gross Profit": 307,
        "Operating Income": 148,
        "EBIT": 316,
        "Net Income": 71
    },
    "2013-12-31": {
        "Diluted EPS": 0.48,
        "Total Revenue": 435,
        "Gross Profit": 204,
        "Operating Income": 85,
        "EBIT": 286,
        "Net Income": 35
    },
    "2013-09-30": {
        "Diluted EPS": 0.8,
        "Total Revenue": 395,
        "Gross Profit": 238,
        "Operating Income": 122,
        "EBIT": 248,
        "Net Income": 58
    },
    "2013-06-30": {
        "Diluted EPS": 1.87,
        "Total Revenue": 379,
        "Gross Profit": 242,
        "Operating Income": 247,
        "EBIT": 374,
        "Net Income": 136
    },
    "2013-03-31": {
        "Diluted EPS": 0.85,
        "Total Revenue": 382,
        "Gross Profit": 245,
        "Operating Income": 127,
        "EBIT": 249,
        "Net Income": 62
    },
    "2012-12-31": {
        "Diluted EPS": 0.2,
        "Total Revenue": 367,
        "Gross Profit": 208,
        "Operating Income": 81,
        "EBIT": 225,
        "Net Income": 15
    },
    "2012-09-30": {
        "Diluted EPS": 0.51,
        "Total Revenue": 332,
        "Gross Profit": 202,
        "Operating Income": 87,
        "EBIT": 200,
        "Net Income": 37
    },
    "2012-06-30": {
        "Diluted EPS": 0.58,
        "Total Revenue": 328,
        "Gross Profit": 213,
        "Operating Income": 98,
        "EBIT": 204,
        "Net Income": 42
    },
    "2012-03-31": {
        "Diluted EPS": 0.6,
        "Total Revenue": 326,
        "Gross Profit": 221,
        "Operating Income": 97,
        "EBIT": 194,
        "Net Income": 43
    },
    "2011-12-31": {
        "Diluted EPS": 0.42,
        "Total Revenue": 339,
        "Gross Profit": 196,
        "Operating Income": 79,
        "EBIT": 217,
        "Net Income": 29
    },
    "2011-09-30": {
        "Diluted EPS": 0.55,
        "Total Revenue": 284,
        "Gross Profit": 187,
        "Operating Income": 94,
        "EBIT": 189,
        "Net Income": 40
    },
    "2011-06-30": {
        "Diluted EPS": 0.39,
        "Total Revenue": 292,
        "Gross Profit": 196,
        "Operating Income": 82,
        "EBIT": 178,
        "Net Income": 27
    },
    "2011-03-31": {
        "Diluted EPS": 0.43,
        "Total Revenue": 273,
        "Gross Profit": 182,
        "Operating Income": 71,
        "EBIT": 157,
        "Net Income": 30
    },
    "2010-12-31": {
        "Diluted EPS": 0.0,
        "Total Revenue": NaN,
        "Gross Profit": NaN,
        "Operating Income": NaN,
        "EBIT": NaN,
        "Net Income": NaN
    },
    "2010-09-30": {
        "Diluted EPS": 0.37,
        "Total Revenue": 271,
        "Gross Profit": 184,
        "Operating Income": 77,
        "EBIT": 164,
        "Net Income": 25
    },
    "2010-06-30": {
        "Diluted EPS": 0.32,
        "Total Revenue": 260,
        "Gross Profit": 176,
        "Operating Income": 72,
        "EBIT": 72,
        "Net Income": 22
    },
    "2009-12-31": {
        "Diluted EPS": 0.0,
        "Total Revenue": NaN,
        "Gross Profit": NaN,
        "Operating Income": NaN,
        "EBIT": NaN,
        "Net Income": NaN
    },
    "2023-06-30": {
        "Tax Effect Of Unusual Items": -8039980.0,
        "Tax Rate For Calcs": 0.26,
        "Normalized EBITDA": 423164000.0,
        "Total Unusual Items": -30923000.0,
        "Total Unusual Items Excluding Goodwill": -30923000.0,
        "Net Income From Continuing Operation Net Minority Interest": 70239000.0,
        "Reconciled Depreciation": 269058000.0,
        "Reconciled Cost Of Revenue": 78648000.0,
        "EBITDA": 392241000.0,
        "EBIT": 123183000.0,
        "Net Interest Income": -31588000.0,
        "Interest Expense": 38930000.0,
        "Interest Income": 7342000.0,
        "Normalized Income": 93122020.0,
        "Net Income From Continuing And Discontinued Operation": 70239000.0,
        "Total Expenses": 542004000.0,
        "Total Operating Income As Reported": 105701000.0,
        "Diluted Average Shares": 43900000.0,
        "Basic Average Shares": 43842000.0,
        "Diluted EPS": 1.6,
        "Basic EPS": 1.6,
        "Diluted NI Availto Com Stockholders": 70239000.0,
        "Net Income Common Stockholders": 70239000.0,
        "Net Income": 70239000.0,
        "Minority Interests": 8141000.0,
        "Net Income Including Noncontrolling Interests": 62098000.0,
        "Net Income Continuous Operations": 62098000.0,
        "Tax Provision": 22155000.0,
        "Pretax Income": 84253000.0,
        "Other Income Expense": -20783000.0,
        "Other Non Operating Income Expenses": 10140000.0,
        "Special Income Charges": -30923000.0,
        "Write Off": 24882000.0,
        "Impairment Of Capital Assets": NaN,
        "Restructuring And Mergern Acquisition": 6041000.0,
        "Net Non Operating Interest Income Expense": -31588000.0,
        "Interest Expense Non Operating": 38930000.0,
        "Interest Income Non Operating": 7342000.0,
        "Operating Income": 136624000.0,
        "Operating Expense": 220043000.0,
        "Depreciation Amortization Depletion Income Statement": 25745000.0,
        "Depreciation And Amortization In Income Statement": 25745000.0,
        "Selling General And Administration": 194298000.0,
        "Gross Profit": 356667000.0,
        "Cost Of Revenue": 321961000.0,
        "Total Revenue": 678628000.0,
        "Operating Revenue": 678628000.0
    },
    "2023-09-30": {
        "Tax Effect Of Unusual Items": -4150380.0,
        "Tax Rate For Calcs": 0.26,
        "Normalized EBITDA": 370596000.0,
        "Total Unusual Items": -15963000.0,
        "Total Unusual Items Excluding Goodwill": -15963000.0,
        "Net Income From Continuing Operation Net Minority Interest": 63424000.0,
        "Reconciled Depreciation": 224308000.0,
        "Reconciled Cost Of Revenue": 88601000.0,
        "EBITDA": 354633000.0,
        "EBIT": 130325000.0,
        "Net Interest Income": -27071000.0,
        "Interest Expense": 38757000.0,
        "Interest Income": 11686000.0,
        "Normalized Income": 75236620.0,
        "Net Income From Continuing And Discontinued Operation": 63424000.0,
        "Total Expenses": 500141000.0,
        "Total Operating Income As Reported": 120850000.0,
        "Diluted Average Shares": 44041000.0,
        "Basic Average Shares": 43951000.0,
        "Diluted EPS": 1.44,
        "Basic EPS": 1.44,
        "Diluted NI Availto Com Stockholders": 63424000.0,
        "Net Income Common Stockholders": 63424000.0,
        "Net Income": 63424000.0,
        "Minority Interests": -4473000.0,
        "Net Income Including Noncontrolling Interests": 67897000.0,
        "Net Income Continuous Operations": 67897000.0,
        "Tax Provision": 23671000.0,
        "Pretax Income": 91568000.0,
        "Other Income Expense": -18174000.0,
        "Other Non Operating Income Expenses": -2211000.0,
        "Special Income Charges": -15963000.0,
        "Write Off": 5400000.0,
        "Impairment Of Capital Assets": 5400000.0,
        "Restructuring And Mergern Acquisition": 10563000.0,
        "Net Non Operating Interest Income Expense": -27071000.0,
        "Interest Expense Non Operating": 38757000.0,
        "Interest Income Non Operating": 11686000.0,
        "Operating Income": 136813000.0,
        "Operating Expense": 215241000.0,
        "Depreciation Amortization Depletion Income Statement": 28009000.0,
        "Depreciation And Amortization In Income Statement": 28009000.0,
        "Selling General And Administration": 187232000.0,
        "Gross Profit": 352054000.0,
        "Cost Of Revenue": 284900000.0,
        "Total Revenue": 636954000.0,
        "Operating Revenue": 636954000.0
    }
}