{
    "2023-03-31": {
        "Tax Effect Of Unusual Items": 0.0,
        "Tax Rate For Calcs": 0.195,
        "Normalized EBITDA": 482547000.0,
        "Net Income From Continuing Operation Net Minority Interest": 305712000.0,
        "Reconciled Depreciation": 82379000.0,
        "Reconciled Cost Of Revenue": 1022525000.0,
        "EBITDA": 482547000.0,
        "EBIT": 400168000.0,
        "Net Interest Income": -20569000.0,
        "Interest Expense": 20569000.0,
        "Normalized Income": 305712000.0,
        "Net Income From Continuing And Discontinued Operation": 305712000.0,
        "Total Expenses": 1191576000.0,
        "Total Operating Income As Reported": 405541000.0,
        "Diluted Average Shares": 231229000.0,
        "Basic Average Shares": 230126000.0,
        "Diluted EPS": 1.32,
        "Basic EPS": 1.33,
        "Diluted NI Availto Com Stockholders": 305712000.0,
        "Net Income Common Stockholders": 305712000.0,
        "Net Income": 305712000.0,
        "Net Income Including Noncontrolling Interests": 305712000.0,
        "Net Income Continuous Operations": 305712000.0,
        "Tax Provision": 73887000.0,
        "Pretax Income": 379599000.0,
        "Other Income Expense": -5373000.0,
        "Other Non Operating Income Expenses": -5373000.0,
        "Net Non Operating Interest Income Expense": -20569000.0,
        "Interest Expense Non Operating": 20569000.0,
        "Operating Income": 405541000.0,
        "Operating Expense": 169051000.0,
        "Selling General And Administration": 169051000.0,
        "Gross Profit": 574592000.0,
        "Cost Of Revenue": 1022525000.0,
        "Total Revenue": 1597117000.0,
        "Operating Revenue": 1597117000.0
    },
    "2022-12-31": {
        "Tax Effect Of Unusual Items": 0.0,
        "Tax Rate For Calcs": 0.188696,
        "Normalized EBITDA": 489983000.0,
        "Net Income From Continuing Operation Net Minority Interest": 307081000.0,
        "Reconciled Depreciation": 88459000.0,
        "Reconciled Cost Of Revenue": 1063657000.0,
        "EBITDA": 489983000.0,
        "EBIT": 401524000.0,
        "Net Interest Income": -23021000.0,
        "Interest Expense": 23021000.0,
        "Normalized Income": 307081000.0,
        "Net Income From Continuing And Discontinued Operation": 307081000.0,
        "Total Expenses": 1227577000.0,
        "Total Operating Income As Reported": 398090000.0,
        "Diluted Average Shares": 231118000.0,
        "Basic Average Shares": 231118000.0,
        "Diluted EPS": 1.33,
        "Basic EPS": 1.34,
        "Diluted NI Availto Com Stockholders": 307081000.0,
        "Net Income Common Stockholders": 307081000.0,
        "Net Income": 307081000.0,
        "Net Income Including Noncontrolling Interests": 307081000.0,
        "Net Income Continuous Operations": 307081000.0,
        "Tax Provision": 71422000.0,
        "Pretax Income": 378503000.0,
        "Other Income Expense": 3434000.0,
        "Other Non Operating Income Expenses": 3434000.0,
        "Net Non Operating Interest Income Expense": -23021000.0,
        "Interest Expense Non Operating": 23021000.0,
        "Operating Income": 398090000.0,
        "Operating Expense": 163920000.0,
        "Selling General And Administration": 163920000.0,
        "Gross Profit": 562010000.0,
        "Cost Of Revenue": 1063657000.0,
        "Total Revenue": 1625667000.0,
        "Operating Revenue": 1625667000.0
    },
    "2022-09-30": {
        "Tax Effect Of Unusual Items": 0.0,
        "Tax Rate For Calcs": 0.19,
        "Normalized EBITDA": 463497000.0,
        "Net Income From Continuing Operation Net Minority Interest": 297641000.0,
        "Reconciled Depreciation": 75750000.0,
        "Reconciled Cost Of Revenue": 1004596000.0,
        "EBITDA": 463497000.0,
        "EBIT": 387747000.0,
        "Net Interest Income": -20245000.0,
        "Interest Expense": 20245000.0,
        "Normalized Income": 297641000.0,
        "Net Income From Continuing And Discontinued Operation": 297641000.0,
        "Total Expenses": 1167266000.0,
        "Total Operating Income As Reported": 384520000.0,
        "Diluted Average Shares": 230714000.0,
        "Basic Average Shares": 229500000.0,
        "Diluted EPS": 1.29,
        "Basic EPS": 1.3,
        "Diluted NI Availto Com Stockholders": 297641000.0,
        "Net Income Common Stockholders": 297641000.0,
        "Net Income": 297641000.0,
        "Net Income Including Noncontrolling Interests": 297641000.0,
        "Net Income Continuous Operations": 297641000.0,
        "Tax Provision": 69861000.0,
        "Pretax Income": 367502000.0,
        "Other Income Expense": 3227000.0,
        "Other Non Operating Income Expenses": 3227000.0,
        "Net Non Operating Interest Income Expense": -20245000.0,
        "Interest Expense Non Operating": 20245000.0,
        "Operating Income": 384520000.0,
        "Operating Expense": 162670000.0,
        "Selling General And Administration": 162670000.0,
        "Gross Profit": 547190000.0,
        "Cost Of Revenue": 1004596000.0,
        "Total Revenue": 1551786000.0,
        "Operating Revenue": 1551786000.0
    },
    "2022-06-30": {
        "Tax Effect Of Unusual Items": 0.0,
        "Tax Rate For Calcs": 0.185,
        "Normalized EBITDA": 443912000.0,
        "Net Income From Continuing Operation Net Minority Interest": 282373000.0,
        "Reconciled Depreciation": 77097000.0,
        "Reconciled Cost Of Revenue": 988175000.0,
        "EBITDA": 443912000.0,
        "EBIT": 366815000.0,
        "Net Interest Income": -20350000.0,
        "Interest Expense": 20350000.0,
        "Normalized Income": 282373000.0,
        "Net Income From Continuing And Discontinued Operation": 282373000.0,
        "Total Expenses": 1149710000.0,
        "Total Operating Income As Reported": 364842000.0,
        "Diluted Average Shares": 231247000.0,
        "Basic Average Shares": 230100000.0,
        "Diluted EPS": 1.22,
        "Basic EPS": 1.23,
        "Diluted NI Availto Com Stockholders": 282373000.0,
        "Net Income Common Stockholders": 282373000.0,
        "Net Income": 282373000.0,
        "Net Income Including Noncontrolling Interests": 282373000.0,
        "Net Income Continuous Operations": 282373000.0,
        "Tax Provision": 64092000.0,
        "Pretax Income": 346465000.0,
        "Other Income Expense": 1973000.0,
        "Other Non Operating Income Expenses": 1973000.0,
        "Net Non Operating Interest Income Expense": -20350000.0,
        "Interest Expense Non Operating": 20350000.0,
        "Operating Income": 364842000.0,
        "Operating Expense": 161535000.0,
        "Selling General And Administration": 161535000.0,
        "Gross Profit": 526377000.0,
        "Cost Of Revenue": 988175000.0,
        "Total Revenue": 1514552000.0,
        "Operating Revenue": 1514552000.0
    },
    "2023-06-30": {
        "Tax Effect Of Unusual Items": 0.0,
        "Tax Rate For Calcs": 0.182,
        "Normalized EBITDA": 496663000.0,
        "Net Income From Continuing Operation Net Minority Interest": 324242000.0,
        "Reconciled Depreciation": 81556000.0,
        "Reconciled Cost Of Revenue": 1053190000.0,
        "EBITDA": 496663000.0,
        "EBIT": 415107000.0,
        "Net Interest Income": -18723000.0,
        "Interest Expense": 18723000.0,
        "Normalized Income": 324242000.0,
        "Net Income From Continuing And Discontinued Operation": 324242000.0,
        "Total Expenses": 1227320000.0,
        "Total Operating Income As Reported": 418791000.0,
        "Diluted Average Shares": 231261000.0,
        "Basic Average Shares": 230478000.0,
        "Diluted EPS": 1.4,
        "Basic EPS": 1.41,
        "Diluted NI Availto Com Stockholders": 324242000.0,
        "Net Income Common Stockholders": 324242000.0,
        "Net Income": 324242000.0,
        "Net Income Including Noncontrolling Interests": 324242000.0,
        "Net Income Continuous Operations": 324242000.0,
        "Tax Provision": 72142000.0,
        "Pretax Income": 396384000.0,
        "Other Income Expense": -3684000.0,
        "Other Non Operating Income Expenses": -3684000.0,
        "Net Non Operating Interest Income Expense": -18723000.0,
        "Interest Expense Non Operating": 18723000.0,
        "Operating Income": 418791000.0,
        "Operating Expense": 174130000.0,
        "Selling General And Administration": 174130000.0,
        "Gross Profit": 592921000.0,
        "Cost Of Revenue": 1053190000.0,
        "Total Revenue": 1646111000.0,
        "Operating Revenue": 1646111000.0
    },
    "2022-03-31": {
        "Diluted EPS": 1.17,
        "Total Revenue": NaN,
        "Gross Profit": 510,
        "Operating Income": 353,
        "EBIT": 431,
        "Net Income": 272
    },
    "2021-12-31": {
        "Diluted EPS": 1.21,
        "Total Revenue": NaN,
        "Gross Profit": 521,
        "Operating Income": 361,
        "EBIT": 439,
        "Net Income": 282
    },
    "2021-09-30": {
        "Diluted EPS": 1.1,
        "Total Revenue": NaN,
        "Gross Profit": 491,
        "Operating Income": 338,
        "EBIT": 412,
        "Net Income": 257
    },
    "2021-06-30": {
        "Diluted EPS": 1.0,
        "Total Revenue": NaN,
        "Gross Profit": 474,
        "Operating Income": 317,
        "EBIT": 392,
        "Net Income": 232
    },
    "2021-03-31": {
        "Diluted EPS": 0.94,
        "Total Revenue": NaN,
        "Gross Profit": 426,
        "Operating Income": 293,
        "EBIT": 358,
        "Net Income": 219
    },
    "2020-12-31": {
        "Diluted EPS": 0.95,
        "Total Revenue": NaN,
        "Gross Profit": 429,
        "Operating Income": 298,
        "EBIT": 363,
        "Net Income": 221
    },
    "2020-09-30": {
        "Diluted EPS": 0.88,
        "Total Revenue": NaN,
        "Gross Profit": 394,
        "Operating Income": 271,
        "EBIT": 334,
        "Net Income": 205
    },
    "2020-06-30": {
        "Diluted EPS": 0.72,
        "Total Revenue": NaN,
        "Gross Profit": 343,
        "Operating Income": 227,
        "EBIT": 288,
        "Net Income": 166
    },
    "2020-03-31": {
        "Diluted EPS": 1.22,
        "Total Revenue": NaN,
        "Gross Profit": 378,
        "Operating Income": 232,
        "EBIT": 298,
        "Net Income": 281
    },
    "2019-12-31": {
        "Diluted EPS": 0.96,
        "Total Revenue": NaN,
        "Gross Profit": 447,
        "Operating Income": 298,
        "EBIT": 362,
        "Net Income": 221
    },
    "2019-09-30": {
        "Diluted EPS": 0.96,
        "Total Revenue": NaN,
        "Gross Profit": 453,
        "Operating Income": 301,
        "EBIT": 356,
        "Net Income": 221
    },
    "2019-06-30": {
        "Diluted EPS": 0.94,
        "Total Revenue": NaN,
        "Gross Profit": 451,
        "Operating Income": 295,
        "EBIT": 353,
        "Net Income": 216
    },
    "2019-03-31": {
        "Diluted EPS": 0.89,
        "Total Revenue": NaN,
        "Gross Profit": 436,
        "Operating Income": 283,
        "EBIT": 341,
        "Net Income": 204
    },
    "2018-12-31": {
        "Diluted EPS": 0.91,
        "Total Revenue": NaN,
        "Gross Profit": 436,
        "Operating Income": 282,
        "EBIT": 336,
        "Net Income": 212
    },
    "2018-09-30": {
        "Diluted EPS": 0.82,
        "Total Revenue": NaN,
        "Gross Profit": 410,
        "Operating Income": 265,
        "EBIT": 313,
        "Net Income": 191
    },
    "2018-06-30": {
        "Diluted EPS": 0.83,
        "Total Revenue": NaN,
        "Gross Profit": 418,
        "Operating Income": 270,
        "EBIT": 319,
        "Net Income": 194
    },
    "2018-03-31": {
        "Diluted EPS": 0.78,
        "Total Revenue": NaN,
        "Gross Profit": 396,
        "Operating Income": 258,
        "EBIT": 307,
        "Net Income": 181
    },
    "2017-12-31": {
        "Diluted EPS": 1.03,
        "Total Revenue": NaN,
        "Gross Profit": 373,
        "Operating Income": 227,
        "EBIT": 279,
        "Net Income": 239
    },
    "2017-09-30": {
        "Diluted EPS": 0.66,
        "Total Revenue": NaN,
        "Gross Profit": 363,
        "Operating Income": 230,
        "EBIT": 275,
        "Net Income": 154
    },
    "2017-06-30": {
        "Diluted EPS": 0.65,
        "Total Revenue": NaN,
        "Gross Profit": 362,
        "Operating Income": 230,
        "EBIT": 273,
        "Net Income": 150
    },
    "2017-03-31": {
        "Diluted EPS": 0.6,
        "Total Revenue": NaN,
        "Gross Profit": 340,
        "Operating Income": 217,
        "EBIT": 260,
        "Net Income": 139
    },
    "2016-12-31": {
        "Diluted EPS": 0.47,
        "Total Revenue": 973,
        "Gross Profit": 282,
        "Operating Income": 162,
        "EBIT": 219,
        "Net Income": 109
    },
    "2016-09-30": {
        "Diluted EPS": 0.56,
        "Total Revenue": 945,
        "Gross Profit": 314,
        "Operating Income": 201,
        "EBIT": 243,
        "Net Income": 131
    },
    "2016-06-30": {
        "Diluted EPS": 0.59,
        "Total Revenue": 978,
        "Gross Profit": 338,
        "Operating Income": 219,
        "EBIT": 260,
        "Net Income": 138
    },
    "2016-03-31": {
        "Diluted EPS": 0.57,
        "Total Revenue": 944,
        "Gross Profit": 321,
        "Operating Income": 209,
        "EBIT": 249,
        "Net Income": 134
    },
    "2015-12-31": {
        "Diluted EPS": 0.57,
        "Total Revenue": 988,
        "Gross Profit": 272,
        "Operating Income": 209,
        "EBIT": 248,
        "Net Income": 137
    },
    "2015-09-30": {
        "Diluted EPS": 0.65,
        "Total Revenue": 999,
        "Gross Profit": 367,
        "Operating Income": 238,
        "EBIT": 275,
        "Net Income": 156
    },
    "2015-06-30": {
        "Diluted EPS": 0.64,
        "Total Revenue": NaN,
        "Gross Profit": 370,
        "Operating Income": 240,
        "EBIT": 277,
        "Net Income": 156
    },
    "2015-03-31": {
        "Diluted EPS": 0.59,
        "Total Revenue": 984,
        "Gross Profit": 348,
        "Operating Income": 221,
        "EBIT": 256,
        "Net Income": 142
    },
    "2014-12-31": {
        "Diluted EPS": 0.62,
        "Total Revenue": NaN,
        "Gross Profit": 297,
        "Operating Income": 227,
        "EBIT": 263,
        "Net Income": 152
    },
    "2014-09-30": {
        "Diluted EPS": 0.57,
        "Total Revenue": NaN,
        "Gross Profit": 354,
        "Operating Income": 218,
        "EBIT": 255,
        "Net Income": 142
    },
    "2014-06-30": {
        "Diluted EPS": 0.61,
        "Total Revenue": 991,
        "Gross Profit": 360,
        "Operating Income": 232,
        "EBIT": 265,
        "Net Income": 150
    },
    "2014-03-31": {
        "Diluted EPS": 0.57,
        "Total Revenue": 975,
        "Gross Profit": 350,
        "Operating Income": 222,
        "EBIT": 255,
        "Net Income": 141
    },
    "2013-12-31": {
        "Diluted EPS": 0.55,
        "Total Revenue": 942,
        "Gross Profit": 333,
        "Operating Income": 211,
        "EBIT": 242,
        "Net Income": 136
    },
    "2013-09-30": {
        "Diluted EPS": 0.52,
        "Total Revenue": 890,
        "Gross Profit": 318,
        "Operating Income": 205,
        "EBIT": 234,
        "Net Income": 128
    },
    "2013-06-30": {
        "Diluted EPS": 0.52,
        "Total Revenue": 879,
        "Gross Profit": 311,
        "Operating Income": 203,
        "EBIT": 231,
        "Net Income": 128
    },
    "2013-03-31": {
        "Diluted EPS": 0.51,
        "Total Revenue": 883,
        "Gross Profit": 309,
        "Operating Income": 197,
        "EBIT": 226,
        "Net Income": 125
    },
    "2012-12-31": {
        "Diluted EPS": 0.49,
        "Total Revenue": 842,
        "Gross Profit": 297,
        "Operating Income": 190,
        "EBIT": 218,
        "Net Income": 120
    },
    "2012-09-30": {
        "Diluted EPS": 0.47,
        "Total Revenue": 839,
        "Gross Profit": 298,
        "Operating Income": 188,
        "EBIT": 215,
        "Net Income": 115
    },
    "2012-06-30": {
        "Diluted EPS": 0.47,
        "Total Revenue": 826,
        "Gross Profit": 294,
        "Operating Income": 185,
        "EBIT": 211,
        "Net Income": 114
    },
    "2012-03-31": {
        "Diluted EPS": 0.45,
        "Total Revenue": 827,
        "Gross Profit": 291,
        "Operating Income": 183,
        "EBIT": 208,
        "Net Income": 110
    },
    "2011-12-31": {
        "Diluted EPS": 0.42,
        "Total Revenue": 763,
        "Gross Profit": 273,
        "Operating Income": 167,
        "EBIT": 191,
        "Net Income": 102
    },
    "2011-09-30": {
        "Diluted EPS": 0.4,
        "Total Revenue": 751,
        "Gross Profit": 257,
        "Operating Income": 160,
        "EBIT": 181,
        "Net Income": 98
    },
    "2011-06-30": {
        "Diluted EPS": 0.39,
        "Total Revenue": 759,
        "Gross Profit": 259,
        "Operating Income": 157,
        "EBIT": 178,
        "Net Income": 94
    },
    "2011-03-31": {
        "Diluted EPS": 0.37,
        "Total Revenue": 718,
        "Gross Profit": 245,
        "Operating Income": 152,
        "EBIT": 172,
        "Net Income": 90
    },
    "2010-12-31": {
        "Diluted EPS": 0.34,
        "Total Revenue": 678,
        "Gross Profit": 231,
        "Operating Income": 136,
        "EBIT": 156,
        "Net Income": 81
    },
    "2010-09-30": {
        "Diluted EPS": 0.32,
        "Total Revenue": 644,
        "Gross Profit": 215,
        "Operating Income": 129,
        "EBIT": 147,
        "Net Income": 77
    },
    "2010-06-30": {
        "Diluted EPS": 0.28,
        "Total Revenue": 592,
        "Gross Profit": 196,
        "Operating Income": 116,
        "EBIT": 132,
        "Net Income": 67
    },
    "2010-03-31": {
        "Diluted EPS": 0.24,
        "Total Revenue": 557,
        "Gross Profit": 181,
        "Operating Income": 102,
        "EBIT": 119,
        "Net Income": 58
    },
    "2009-12-31": {
        "Diluted EPS": 0.21,
        "Total Revenue": 524,
        "Gross Profit": 164,
        "Operating Income": 89,
        "EBIT": 106,
        "Net Income": 52
    },
    "2009-09-30": {
        "Diluted EPS": 0.18,
        "Total Revenue": 497,
        "Gross Profit": 152,
        "Operating Income": 77,
        "EBIT": 94,
        "Net Income": 43
    },
    "2009-06-30": {
        "Diluted EPS": 0.21,
        "Total Revenue": 525,
        "Gross Profit": 163,
        "Operating Income": 93,
        "EBIT": 108,
        "Net Income": 52
    },
    "2009-03-31": {
        "Diluted EPS": 0.24,
        "Total Revenue": 553,
        "Gross Profit": 182,
        "Operating Income": 106,
        "EBIT": 123,
        "Net Income": 59
    },
    "2023-09-30": {
        "Tax Effect Of Unusual Items": 0.0,
        "Tax Rate For Calcs": 0.177,
        "Normalized EBITDA": 513657000.0,
        "Net Income From Continuing Operation Net Minority Interest": 340370000.0,
        "Reconciled Depreciation": 81778000.0,
        "Reconciled Cost Of Revenue": 1020920000.0,
        "EBITDA": 513657000.0,
        "EBIT": 431879000.0,
        "Net Interest Income": -18386000.0,
        "Interest Expense": 18386000.0,
        "Normalized Income": 340370000.0,
        "Net Income From Continuing And Discontinued Operation": 340370000.0,
        "Total Expenses": 1184702000.0,
        "Total Operating Income As Reported": 438135000.0,
        "Diluted Average Shares": 231751000.0,
        "Basic Average Shares": 230691000.0,
        "Diluted EPS": 1.47,
        "Basic EPS": 1.48,
        "Diluted NI Availto Com Stockholders": 340370000.0,
        "Net Income Common Stockholders": 340370000.0,
        "Net Income": 340370000.0,
        "Net Income Including Noncontrolling Interests": 340370000.0,
        "Net Income Continuous Operations": 340370000.0,
        "Tax Provision": 73123000.0,
        "Pretax Income": 413493000.0,
        "Other Income Expense": -6256000.0,
        "Other Non Operating Income Expenses": -6256000.0,
        "Net Non Operating Interest Income Expense": -18386000.0,
        "Interest Expense Non Operating": 18386000.0,
        "Operating Income": 438135000.0,
        "Operating Expense": 163782000.0,
        "Selling General And Administration": 163782000.0,
        "Gross Profit": 601917000.0,
        "Cost Of Revenue": 1020920000.0,
        "Total Revenue": 1622837000.0,
        "Operating Revenue": 1622837000.0
    },
    "2023-12-31": {
        "Tax Effect Of Unusual Items": NaN,
        "Tax Rate For Calcs": NaN,
        "Normalized EBITDA": NaN,
        "Net Income From Continuing Operation Net Minority Interest": NaN,
        "Reconciled Depreciation": NaN,
        "Reconciled Cost Of Revenue": NaN,
        "EBITDA": NaN,
        "EBIT": NaN,
        "Net Interest Income": NaN,
        "Interest Expense": NaN,
        "Normalized Income": NaN,
        "Net Income From Continuing And Discontinued Operation": NaN,
        "Total Expenses": NaN,
        "Total Operating Income As Reported": NaN,
        "Diluted Average Shares": 231794000.0,
        "Basic Average Shares": 230782000.0,
        "Diluted EPS": 1.48,
        "Basic EPS": 1.49,
        "Diluted NI Availto Com Stockholders": NaN,
        "Net Income Common Stockholders": NaN,
        "Net Income": NaN,
        "Net Income Including Noncontrolling Interests": NaN,
        "Net Income Continuous Operations": NaN,
        "Tax Provision": NaN,
        "Pretax Income": NaN,
        "Other Income Expense": NaN,
        "Other Non Operating Income Expenses": NaN,
        "Net Non Operating Interest Income Expense": NaN,
        "Interest Expense Non Operating": NaN,
        "Operating Income": NaN,
        "Operating Expense": NaN,
        "Selling General And Administration": NaN,
        "Gross Profit": NaN,
        "Cost Of Revenue": NaN,
        "Total Revenue": NaN,
        "Operating Revenue": NaN
    }
}