{
    "2023-06-30": {
        "Tax Effect Of Unusual Items": 5326500.0,
        "Tax Rate For Calcs": 0.201,
        "Normalized EBITDA": 240400000.0,
        "Total Unusual Items": 26500000.0,
        "Total Unusual Items Excluding Goodwill": 26500000.0,
        "Net Income From Continuing Operation Net Minority Interest": 125300000.0,
        "Reconciled Depreciation": 15800000.0,
        "Reconciled Cost Of Revenue": 228900000.0,
        "EBITDA": 266900000.0,
        "EBIT": 251100000.0,
        "Net Interest Income": -30900000.0,
        "Interest Expense": 30900000.0,
        "Normalized Income": 104126500.0,
        "Net Income From Continuing And Discontinued Operation": 125300000.0,
        "Total Expenses": 329900000.0,
        "Diluted Average Shares": 42100000.0,
        "Basic Average Shares": 35900000.0,
        "Diluted EPS": 3.25,
        "Basic EPS": 3.49,
        "Diluted NI Availto Com Stockholders": 136900000.0,
        "Average Dilution Earnings": 11600000.0,
        "Net Income Common Stockholders": 125300000.0,
        "Net Income": 125300000.0,
        "Minority Interests": -62100000.0,
        "Net Income Including Noncontrolling Interests": 187400000.0,
        "Net Income Continuous Operations": 187400000.0,
        "Tax Provision": 32800000.0,
        "Pretax Income": 220200000.0,
        "Other Income Expense": 68500000.0,
        "Other Non Operating Income Expenses": -13800000.0,
        "Earnings From Equity Interest": 55800000.0,
        "Gain On Sale Of Security": 26500000.0,
        "Net Non Operating Interest Income Expense": -30900000.0,
        "Interest Expense Non Operating": 30900000.0,
        "Operating Income": 182600000.0,
        "Operating Expense": 101000000.0,
        "Depreciation Amortization Depletion Income Statement": 15800000.0,
        "Depreciation And Amortization In Income Statement": 15800000.0,
        "Amortization": 12500000.0,
        "Amortization Of Intangibles Income Statement": 12500000.0,
        "Depreciation Income Statement": 3300000.0,
        "Selling General And Administration": 85200000.0,
        "Gross Profit": 283600000.0,
        "Cost Of Revenue": 228900000.0,
        "Total Revenue": 512500000.0,
        "Operating Revenue": 512500000.0
    },
    "2023-03-31": {
        "Tax Effect Of Unusual Items": 9120000.0,
        "Tax Rate For Calcs": 0.24,
        "Normalized EBITDA": 242200000.0,
        "Total Unusual Items": 38000000.0,
        "Total Unusual Items Excluding Goodwill": 38000000.0,
        "Net Income From Continuing Operation Net Minority Interest": 134500000.0,
        "Reconciled Depreciation": 16200000.0,
        "Reconciled Cost Of Revenue": 222300000.0,
        "EBITDA": 280200000.0,
        "EBIT": 264000000.0,
        "Net Interest Income": -30500000.0,
        "Interest Expense": 30500000.0,
        "Normalized Income": 105620000.0,
        "Net Income From Continuing And Discontinued Operation": 134500000.0,
        "Total Expenses": 335600000.0,
        "Diluted Average Shares": 39900000.0,
        "Basic Average Shares": 35900000.0,
        "Diluted EPS": 3.47,
        "Basic EPS": 3.74,
        "Diluted NI Availto Com Stockholders": 138600000.0,
        "Average Dilution Earnings": 4100000.0,
        "Net Income Common Stockholders": 134500000.0,
        "Net Income": 134500000.0,
        "Minority Interests": -54000000.0,
        "Net Income Including Noncontrolling Interests": 188500000.0,
        "Net Income Continuous Operations": 188500000.0,
        "Tax Provision": 45000000.0,
        "Pretax Income": 233500000.0,
        "Other Income Expense": 82200000.0,
        "Other Non Operating Income Expenses": -14400000.0,
        "Earnings From Equity Interest": 58600000.0,
        "Gain On Sale Of Security": 38000000.0,
        "Net Non Operating Interest Income Expense": -30500000.0,
        "Interest Expense Non Operating": 30500000.0,
        "Operating Income": 181800000.0,
        "Operating Expense": 113300000.0,
        "Depreciation Amortization Depletion Income Statement": 16200000.0,
        "Depreciation And Amortization In Income Statement": 16200000.0,
        "Amortization": 12500000.0,
        "Amortization Of Intangibles Income Statement": 12500000.0,
        "Depreciation Income Statement": 3700000.0,
        "Selling General And Administration": 97100000.0,
        "Gross Profit": 295100000.0,
        "Cost Of Revenue": 222300000.0,
        "Total Revenue": 517400000.0,
        "Operating Revenue": 517400000.0
    },
    "2022-12-31": {
        "Tax Effect Of Unusual Items": NaN,
        "Tax Rate For Calcs": NaN,
        "Normalized EBITDA": NaN,
        "Total Unusual Items": NaN,
        "Total Unusual Items Excluding Goodwill": NaN,
        "Net Income From Continuing Operation Net Minority Interest": NaN,
        "Reconciled Depreciation": NaN,
        "Reconciled Cost Of Revenue": NaN,
        "EBITDA": NaN,
        "EBIT": NaN,
        "Net Interest Income": NaN,
        "Interest Expense": NaN,
        "Normalized Income": NaN,
        "Net Income From Continuing And Discontinued Operation": NaN,
        "Total Expenses": NaN,
        "Diluted Average Shares": NaN,
        "Basic Average Shares": NaN,
        "Diluted EPS": NaN,
        "Basic EPS": NaN,
        "Diluted NI Availto Com Stockholders": NaN,
        "Average Dilution Earnings": 42900000.0,
        "Net Income Common Stockholders": NaN,
        "Net Income": NaN,
        "Minority Interests": NaN,
        "Net Income Including Noncontrolling Interests": NaN,
        "Net Income Continuous Operations": NaN,
        "Tax Provision": NaN,
        "Pretax Income": NaN,
        "Other Income Expense": NaN,
        "Other Non Operating Income Expenses": NaN,
        "Earnings From Equity Interest": NaN,
        "Gain On Sale Of Security": NaN,
        "Net Non Operating Interest Income Expense": NaN,
        "Interest Expense Non Operating": NaN,
        "Operating Income": NaN,
        "Operating Expense": NaN,
        "Depreciation Amortization Depletion Income Statement": NaN,
        "Depreciation And Amortization In Income Statement": NaN,
        "Amortization": NaN,
        "Amortization Of Intangibles Income Statement": NaN,
        "Depreciation Income Statement": NaN,
        "Selling General And Administration": NaN,
        "Gross Profit": NaN,
        "Cost Of Revenue": NaN,
        "Total Revenue": NaN,
        "Operating Revenue": NaN
    },
    "2022-09-30": {
        "Tax Effect Of Unusual Items": NaN,
        "Tax Rate For Calcs": NaN,
        "Normalized EBITDA": NaN,
        "Total Unusual Items": NaN,
        "Total Unusual Items Excluding Goodwill": NaN,
        "Net Income From Continuing Operation Net Minority Interest": NaN,
        "Reconciled Depreciation": NaN,
        "Reconciled Cost Of Revenue": NaN,
        "EBITDA": NaN,
        "EBIT": NaN,
        "Net Interest Income": NaN,
        "Interest Expense": NaN,
        "Normalized Income": NaN,
        "Net Income From Continuing And Discontinued Operation": NaN,
        "Total Expenses": NaN,
        "Diluted Average Shares": NaN,
        "Basic Average Shares": NaN,
        "Diluted EPS": NaN,
        "Basic EPS": NaN,
        "Diluted NI Availto Com Stockholders": NaN,
        "Average Dilution Earnings": 9200000.0,
        "Net Income Common Stockholders": NaN,
        "Net Income": NaN,
        "Minority Interests": NaN,
        "Net Income Including Noncontrolling Interests": NaN,
        "Net Income Continuous Operations": NaN,
        "Tax Provision": NaN,
        "Pretax Income": NaN,
        "Other Income Expense": NaN,
        "Other Non Operating Income Expenses": NaN,
        "Earnings From Equity Interest": NaN,
        "Gain On Sale Of Security": NaN,
        "Net Non Operating Interest Income Expense": NaN,
        "Interest Expense Non Operating": NaN,
        "Operating Income": NaN,
        "Operating Expense": NaN,
        "Depreciation Amortization Depletion Income Statement": NaN,
        "Depreciation And Amortization In Income Statement": NaN,
        "Amortization": NaN,
        "Amortization Of Intangibles Income Statement": NaN,
        "Depreciation Income Statement": NaN,
        "Selling General And Administration": NaN,
        "Gross Profit": NaN,
        "Cost Of Revenue": NaN,
        "Total Revenue": NaN,
        "Operating Revenue": NaN
    },
    "2022-06-30": {
        "Tax Effect Of Unusual Items": -3943396.226415,
        "Tax Rate For Calcs": 0.179245,
        "Normalized EBITDA": 278500000.0,
        "Total Unusual Items": -22000000.0,
        "Total Unusual Items Excluding Goodwill": -22000000.0,
        "Net Income From Continuing Operation Net Minority Interest": 109400000.0,
        "Reconciled Depreciation": 17200000.0,
        "Reconciled Cost Of Revenue": 268200000.0,
        "EBITDA": 256500000.0,
        "EBIT": 239300000.0,
        "Net Interest Income": -27300000.0,
        "Interest Expense": 27300000.0,
        "Normalized Income": 127456603.773585,
        "Net Income From Continuing And Discontinued Operation": 109400000.0,
        "Total Expenses": 378500000.0,
        "Diluted Average Shares": 44500000.0,
        "Basic Average Shares": 38700000.0,
        "Diluted EPS": 2.68,
        "Basic EPS": 2.83,
        "Diluted NI Availto Com Stockholders": 119500000.0,
        "Average Dilution Earnings": 10100000.0,
        "Net Income Common Stockholders": 109400000.0,
        "Net Income": 109400000.0,
        "Minority Interests": -64600000.0,
        "Net Income Including Noncontrolling Interests": 174000000.0,
        "Net Income Continuous Operations": 174000000.0,
        "Tax Provision": 38000000.0,
        "Pretax Income": 212000000.0,
        "Other Income Expense": 13700000.0,
        "Other Non Operating Income Expenses": 5200000.0,
        "Earnings From Equity Interest": 30500000.0,
        "Gain On Sale Of Security": -22000000.0,
        "Net Non Operating Interest Income Expense": -27300000.0,
        "Interest Expense Non Operating": 27300000.0,
        "Operating Income": 225600000.0,
        "Operating Expense": 110300000.0,
        "Depreciation Amortization Depletion Income Statement": 17200000.0,
        "Depreciation And Amortization In Income Statement": 17200000.0,
        "Amortization": 12500000.0,
        "Amortization Of Intangibles Income Statement": 12500000.0,
        "Depreciation Income Statement": 4700000.0,
        "Selling General And Administration": 93100000.0,
        "Gross Profit": 335900000.0,
        "Cost Of Revenue": 268200000.0,
        "Total Revenue": 604100000.0,
        "Operating Revenue": 604100000.0
    },
    "2022-03-31": {
        "Diluted EPS": 3.44,
        "Total Revenue": 607,
        "Gross Profit": 607,
        "Operating Income": 241,
        "EBIT": 257,
        "Net Income": 146
    },
    "2021-12-31": {
        "Diluted EPS": 4.2,
        "Total Revenue": 692,
        "Gross Profit": 692,
        "Operating Income": 253,
        "EBIT": 267,
        "Net Income": 178
    },
    "2021-09-30": {
        "Diluted EPS": 3.0,
        "Total Revenue": 575,
        "Gross Profit": 575,
        "Operating Income": 208,
        "EBIT": 221,
        "Net Income": 128
    },
    "2021-06-30": {
        "Diluted EPS": 2.55,
        "Total Revenue": 586,
        "Gross Profit": 586,
        "Operating Income": 223,
        "EBIT": 236,
        "Net Income": 109
    },
    "2021-03-31": {
        "Diluted EPS": 3.3,
        "Total Revenue": 559,
        "Gross Profit": 559,
        "Operating Income": 208,
        "EBIT": 220,
        "Net Income": 150
    },
    "2020-12-31": {
        "Diluted EPS": 2.48,
        "Total Revenue": 554,
        "Gross Profit": 554,
        "Operating Income": 194,
        "EBIT": 206,
        "Net Income": 116
    },
    "2020-09-30": {
        "Diluted EPS": 1.53,
        "Total Revenue": 495,
        "Gross Profit": 495,
        "Operating Income": 159,
        "EBIT": 196,
        "Net Income": 71
    },
    "2020-06-30": {
        "Diluted EPS": 0.65,
        "Total Revenue": 471,
        "Gross Profit": 471,
        "Operating Income": 84,
        "EBIT": 170,
        "Net Income": 31
    },
    "2020-03-31": {
        "Diluted EPS": -0.33,
        "Total Revenue": 507,
        "Gross Profit": 507,
        "Operating Income": 173,
        "EBIT": 198,
        "Net Income": -16
    },
    "2019-12-31": {
        "Diluted EPS": 0.36,
        "Total Revenue": 556,
        "Gross Profit": 556,
        "Operating Income": 129,
        "EBIT": 207,
        "Net Income": 23
    },
    "2019-09-30": {
        "Diluted EPS": 1.71,
        "Total Revenue": 549,
        "Gross Profit": 549,
        "Operating Income": 195,
        "EBIT": 222,
        "Net Income": 86
    },
    "2019-06-30": {
        "Diluted EPS": 2.11,
        "Total Revenue": 592,
        "Gross Profit": 592,
        "Operating Income": 199,
        "EBIT": 226,
        "Net Income": 108
    },
    "2019-03-31": {
        "Diluted EPS": -3.87,
        "Total Revenue": 543,
        "Gross Profit": 543,
        "Operating Income": 174,
        "EBIT": 208,
        "Net Income": -201
    },
    "2018-12-31": {
        "Diluted EPS": -2.75,
        "Total Revenue": 565,
        "Gross Profit": 565,
        "Operating Income": 155,
        "EBIT": 199,
        "Net Income": -151
    },
    "2018-09-30": {
        "Diluted EPS": 2.34,
        "Total Revenue": 601,
        "Gross Profit": 601,
        "Operating Income": 199,
        "EBIT": 235,
        "Net Income": 125
    },
    "2018-06-30": {
        "Diluted EPS": 2.16,
        "Total Revenue": 600,
        "Gross Profit": 600,
        "Operating Income": 214,
        "EBIT": 243,
        "Net Income": 117
    },
    "2018-03-31": {
        "Diluted EPS": 2.77,
        "Total Revenue": 612,
        "Gross Profit": 612,
        "Operating Income": 199,
        "EBIT": 227,
        "Net Income": 153
    },
    "2017-12-31": {
        "Diluted EPS": 5.46,
        "Total Revenue": 604,
        "Gross Profit": 604,
        "Operating Income": 196,
        "EBIT": 223,
        "Net Income": 315
    },
    "2017-09-30": {
        "Diluted EPS": 2.22,
        "Total Revenue": 586,
        "Gross Profit": 586,
        "Operating Income": 218,
        "EBIT": 244,
        "Net Income": 125
    },
    "2017-06-30": {
        "Diluted EPS": 2.22,
        "Total Revenue": 571,
        "Gross Profit": 571,
        "Operating Income": 199,
        "EBIT": 226,
        "Net Income": 126
    },
    "2017-03-31": {
        "Diluted EPS": 2.13,
        "Total Revenue": 544,
        "Gross Profit": 544,
        "Operating Income": 175,
        "EBIT": 202,
        "Net Income": 123
    },
    "2016-12-31": {
        "Diluted EPS": 2.67,
        "Total Revenue": 550,
        "Gross Profit": 550,
        "Operating Income": 27,
        "EBIT": 56,
        "Net Income": 150
    },
    "2016-09-30": {
        "Diluted EPS": 2.02,
        "Total Revenue": 545,
        "Gross Profit": 545,
        "Operating Income": 239,
        "EBIT": 272,
        "Net Income": 110
    },
    "2016-06-30": {
        "Diluted EPS": 1.98,
        "Total Revenue": 554,
        "Gross Profit": 554,
        "Operating Income": 247,
        "EBIT": 282,
        "Net Income": 108
    },
    "2016-03-31": {
        "Diluted EPS": 1.9,
        "Total Revenue": 545,
        "Gross Profit": 545,
        "Operating Income": 179,
        "EBIT": 212,
        "Net Income": 104
    },
    "2015-12-31": {
        "Diluted EPS": 2.62,
        "Total Revenue": 590,
        "Gross Profit": 590,
        "Operating Income": 193,
        "EBIT": 221,
        "Net Income": 145
    },
    "2015-09-30": {
        "Diluted EPS": 1.96,
        "Total Revenue": 613,
        "Gross Profit": 613,
        "Operating Income": 215,
        "EBIT": 253,
        "Net Income": 108
    },
    "2015-06-30": {
        "Diluted EPS": 2.31,
        "Total Revenue": 647,
        "Gross Profit": 647,
        "Operating Income": 195,
        "EBIT": 230,
        "Net Income": 129
    },
    "2015-03-31": {
        "Diluted EPS": 2.28,
        "Total Revenue": 635,
        "Gross Profit": 635,
        "Operating Income": 231,
        "EBIT": 266,
        "Net Income": 128
    },
    "2014-12-31": {
        "Diluted EPS": 2.73,
        "Total Revenue": 641,
        "Gross Profit": 641,
        "Operating Income": 199,
        "EBIT": 243,
        "Net Income": 154
    },
    "2014-09-30": {
        "Diluted EPS": 1.82,
        "Total Revenue": 640,
        "Gross Profit": 640,
        "Operating Income": 224,
        "EBIT": 263,
        "Net Income": 103
    },
    "2014-06-30": {
        "Diluted EPS": 1.75,
        "Total Revenue": 636,
        "Gross Profit": 636,
        "Operating Income": 198,
        "EBIT": 231,
        "Net Income": 99
    },
    "2014-03-31": {
        "Diluted EPS": 1.4,
        "Total Revenue": 593,
        "Gross Profit": 593,
        "Operating Income": 194,
        "EBIT": 225,
        "Net Income": 77
    },
    "2013-12-31": {
        "Diluted EPS": 2.85,
        "Total Revenue": 594,
        "Gross Profit": 594,
        "Operating Income": 153,
        "EBIT": 197,
        "Net Income": 158
    },
    "2013-09-30": {
        "Diluted EPS": 1.37,
        "Total Revenue": 552,
        "Gross Profit": 552,
        "Operating Income": 169,
        "EBIT": 205,
        "Net Income": 75
    },
    "2013-06-30": {
        "Diluted EPS": 1.18,
        "Total Revenue": 541,
        "Gross Profit": 541,
        "Operating Income": 161,
        "EBIT": 197,
        "Net Income": 65
    },
    "2013-03-31": {
        "Diluted EPS": 1.15,
        "Total Revenue": 502,
        "Gross Profit": 502,
        "Operating Income": 151,
        "EBIT": 187,
        "Net Income": 62
    },
    "2012-12-31": {
        "Diluted EPS": 1.41,
        "Total Revenue": 491,
        "Gross Profit": 491,
        "Operating Income": 127,
        "EBIT": 156,
        "Net Income": 75
    },
    "2012-09-30": {
        "Diluted EPS": 1.04,
        "Total Revenue": 467,
        "Gross Profit": 467,
        "Operating Income": 140,
        "EBIT": 169,
        "Net Income": 55
    },
    "2012-06-30": {
        "Diluted EPS": 0.12,
        "Total Revenue": 430,
        "Gross Profit": 430,
        "Operating Income": 25,
        "EBIT": 145,
        "Net Income": 7
    },
    "2012-03-31": {
        "Diluted EPS": 0.71,
        "Total Revenue": 418,
        "Gross Profit": 418,
        "Operating Income": 109,
        "EBIT": 144,
        "Net Income": 37
    },
    "2011-12-31": {
        "Diluted EPS": 0.76,
        "Total Revenue": 402,
        "Gross Profit": 402,
        "Operating Income": 95,
        "EBIT": 124,
        "Net Income": 40
    },
    "2011-09-30": {
        "Diluted EPS": 0.76,
        "Total Revenue": 414,
        "Gross Profit": 414,
        "Operating Income": 126,
        "EBIT": 154,
        "Net Income": 40
    },
    "2011-06-30": {
        "Diluted EPS": 0.85,
        "Total Revenue": 462,
        "Gross Profit": 462,
        "Operating Income": 140,
        "EBIT": 168,
        "Net Income": 46
    },
    "2011-03-31": {
        "Diluted EPS": 0.74,
        "Total Revenue": 426,
        "Gross Profit": 426,
        "Operating Income": 125,
        "EBIT": 153,
        "Net Income": 39
    },
    "2010-12-31": {
        "Diluted EPS": 1.25,
        "Total Revenue": 421,
        "Gross Profit": 421,
        "Operating Income": 114,
        "EBIT": 141,
        "Net Income": 62
    },
    "2010-09-30": {
        "Diluted EPS": 0.65,
        "Total Revenue": 354,
        "Gross Profit": 354,
        "Operating Income": 96,
        "EBIT": 122,
        "Net Income": 34
    },
    "2010-06-30": {
        "Diluted EPS": 0.53,
        "Total Revenue": 332,
        "Gross Profit": 332,
        "Operating Income": 96,
        "EBIT": 111,
        "Net Income": 25
    },
    "2010-03-31": {
        "Diluted EPS": 0.38,
        "Total Revenue": 251,
        "Gross Profit": 251,
        "Operating Income": 69,
        "EBIT": 82,
        "Net Income": 18
    },
    "2009-12-31": {
        "Diluted EPS": 0.57,
        "Total Revenue": 245,
        "Gross Profit": 245,
        "Operating Income": 81,
        "EBIT": 95,
        "Net Income": 25
    },
    "2009-09-30": {
        "Diluted EPS": 0.4,
        "Total Revenue": 217,
        "Gross Profit": 217,
        "Operating Income": 63,
        "EBIT": 76,
        "Net Income": 18
    },
    "2009-06-30": {
        "Diluted EPS": 0.26,
        "Total Revenue": 201,
        "Gross Profit": 201,
        "Operating Income": 51,
        "EBIT": 61,
        "Net Income": 11
    },
    "2009-03-31": {
        "Diluted EPS": 0.15,
        "Total Revenue": 178,
        "Gross Profit": 178,
        "Operating Income": 45,
        "EBIT": 61,
        "Net Income": 6
    },
    "2023-09-30": {
        "Tax Effect Of Unusual Items": 5957000.0,
        "Tax Rate For Calcs": 0.259,
        "Normalized EBITDA": 387300000.0,
        "Total Unusual Items": 23000000.0,
        "Total Unusual Items Excluding Goodwill": 23000000.0,
        "Net Income From Continuing Operation Net Minority Interest": 217000000.0,
        "Reconciled Depreciation": 15500000.0,
        "Reconciled Cost Of Revenue": 211800000.0,
        "EBITDA": 410300000.0,
        "EBIT": 394800000.0,
        "Net Interest Income": -31100000.0,
        "Interest Expense": 31100000.0,
        "Normalized Income": 199957000.0,
        "Net Income From Continuing And Discontinued Operation": 217000000.0,
        "Total Expenses": 318400000.0,
        "Diluted Average Shares": 43400000.0,
        "Basic Average Shares": 34900000.0,
        "Diluted EPS": 5.48,
        "Basic EPS": 6.22,
        "Diluted NI Availto Com Stockholders": 217000000.0,
        "Average Dilution Earnings": NaN,
        "Net Income Common Stockholders": 217000000.0,
        "Net Income": 217000000.0,
        "Minority Interests": -69000000.0,
        "Net Income Including Noncontrolling Interests": 286000000.0,
        "Net Income Continuous Operations": 286000000.0,
        "Tax Provision": 77700000.0,
        "Pretax Income": 363700000.0,
        "Other Income Expense": 188000000.0,
        "Other Non Operating Income Expenses": 125200000.0,
        "Earnings From Equity Interest": 39800000.0,
        "Gain On Sale Of Security": 23000000.0,
        "Net Non Operating Interest Income Expense": -31100000.0,
        "Interest Expense Non Operating": 31100000.0,
        "Operating Income": 206800000.0,
        "Operating Expense": 106600000.0,
        "Depreciation Amortization Depletion Income Statement": 15500000.0,
        "Depreciation And Amortization In Income Statement": 15500000.0,
        "Amortization": 12500000.0,
        "Amortization Of Intangibles Income Statement": 12500000.0,
        "Depreciation Income Statement": 3000000.0,
        "Selling General And Administration": 91100000.0,
        "Gross Profit": 313400000.0,
        "Cost Of Revenue": 211800000.0,
        "Total Revenue": 525200000.0,
        "Operating Revenue": 525200000.0
    },
    "2023-12-31": {
        "Tax Effect Of Unusual Items": 17780736.957315,
        "Tax Rate For Calcs": 0.109084,
        "Normalized EBITDA": 156300000.0,
        "Total Unusual Items": 163000000.0,
        "Total Unusual Items Excluding Goodwill": 163000000.0,
        "Net Income From Continuing Operation Net Minority Interest": 196100000.0,
        "Reconciled Depreciation": 13800000.0,
        "Reconciled Cost Of Revenue": 244500000.0,
        "EBITDA": 319300000.0,
        "EBIT": 305500000.0,
        "Net Interest Income": -31400000.0,
        "Interest Expense": 31400000.0,
        "Normalized Income": 50880736.957315,
        "Net Income From Continuing And Discontinued Operation": 196100000.0,
        "Total Expenses": 343100000.0,
        "Diluted Average Shares": 41300000.0,
        "Basic Average Shares": 33700000.0,
        "Diluted EPS": 5.15,
        "Basic EPS": 5.83,
        "Diluted NI Availto Com Stockholders": 258500000.0,
        "Average Dilution Earnings": NaN,
        "Net Income Common Stockholders": 196100000.0,
        "Net Income": 196100000.0,
        "Minority Interests": -48100000.0,
        "Net Income Including Noncontrolling Interests": 244200000.0,
        "Net Income Continuous Operations": 244200000.0,
        "Tax Provision": 29900000.0,
        "Pretax Income": 274100000.0,
        "Other Income Expense": 146000000.0,
        "Other Non Operating Income Expenses": -142700000.0,
        "Earnings From Equity Interest": 125700000.0,
        "Gain On Sale Of Security": 29900000.0,
        "Net Non Operating Interest Income Expense": -31400000.0,
        "Interest Expense Non Operating": 31400000.0,
        "Operating Income": 159500000.0,
        "Operating Expense": 98600000.0,
        "Depreciation Amortization Depletion Income Statement": 13800000.0,
        "Depreciation And Amortization In Income Statement": 13800000.0,
        "Amortization": 10800000.0,
        "Amortization Of Intangibles Income Statement": 10800000.0,
        "Depreciation Income Statement": 3000000.0,
        "Selling General And Administration": 84800000.0,
        "Gross Profit": 258100000.0,
        "Cost Of Revenue": 244500000.0,
        "Total Revenue": 502600000.0,
        "Operating Revenue": 502600000.0
    },
    "2024-03-31": {
        "Tax Effect Of Unusual Items": 4716000.0,
        "Tax Rate For Calcs": 0.262,
        "Normalized EBITDA": 276300000.0,
        "Total Unusual Items": 18000000.0,
        "Total Unusual Items Excluding Goodwill": 18000000.0,
        "Net Income From Continuing Operation Net Minority Interest": 149800000.0,
        "Reconciled Depreciation": 10300000.0,
        "Reconciled Cost Of Revenue": 240400000.0,
        "EBITDA": 294300000.0,
        "EBIT": 284000000.0,
        "Net Interest Income": -29900000.0,
        "Interest Expense": 29900000.0,
        "Normalized Income": 136516000.0,
        "Net Income From Continuing And Discontinued Operation": 149800000.0,
        "Total Expenses": 342400000.0,
        "Diluted Average Shares": 40100000.0,
        "Basic Average Shares": 32800000.0,
        "Diluted EPS": 4.14,
        "Basic EPS": 4.56,
        "Diluted NI Availto Com Stockholders": 166200000.0,
        "Average Dilution Earnings": 16400000.0,
        "Net Income Common Stockholders": 149800000.0,
        "Net Income": 149800000.0,
        "Minority Interests": -48900000.0,
        "Net Income Including Noncontrolling Interests": 198700000.0,
        "Net Income Continuous Operations": 198700000.0,
        "Tax Provision": 55400000.0,
        "Pretax Income": 254100000.0,
        "Other Income Expense": 126500000.0,
        "Other Non Operating Income Expenses": -9000000.0,
        "Earnings From Equity Interest": 117500000.0,
        "Gain On Sale Of Security": 18000000.0,
        "Net Non Operating Interest Income Expense": -29900000.0,
        "Interest Expense Non Operating": 29900000.0,
        "Operating Income": 157500000.0,
        "Operating Expense": 102000000.0,
        "Depreciation Amortization Depletion Income Statement": 10300000.0,
        "Depreciation And Amortization In Income Statement": 10300000.0,
        "Amortization": 7300000.0,
        "Amortization Of Intangibles Income Statement": 7300000.0,
        "Depreciation Income Statement": 3000000.0,
        "Selling General And Administration": 91700000.0,
        "Gross Profit": 259500000.0,
        "Cost Of Revenue": 240400000.0,
        "Total Revenue": 499900000.0,
        "Operating Revenue": 499900000.0
    },
    "2024-06-30": {
        "Tax Effect Of Unusual Items": 4686988.222098,
        "Tax Rate For Calcs": 0.242849,
        "Normalized EBITDA": 202900000.0,
        "Total Unusual Items": 19300000.0,
        "Total Unusual Items Excluding Goodwill": 19300000.0,
        "Net Income From Continuing Operation Net Minority Interest": 76000000.0,
        "Reconciled Depreciation": 10300000.0,
        "Reconciled Cost Of Revenue": 215400000.0,
        "EBITDA": 222200000.0,
        "EBIT": 211800000.0,
        "Net Interest Income": -33500000.0,
        "Interest Expense": 33500000.0,
        "Normalized Income": 61386988.222098,
        "Net Income From Continuing And Discontinued Operation": 76000000.0,
        "Total Expenses": 315100000.0,
        "Diluted Average Shares": NaN,
        "Basic Average Shares": NaN,
        "Diluted EPS": NaN,
        "Basic EPS": NaN,
        "Diluted NI Availto Com Stockholders": 79700000.0,
        "Average Dilution Earnings": 3700000.0,
        "Net Income Common Stockholders": 76000000.0,
        "Net Income": 76000000.0,
        "Minority Interests": -59000000.0,
        "Net Income Including Noncontrolling Interests": 135000000.0,
        "Net Income Continuous Operations": 135000000.0,
        "Tax Provision": 43300000.0,
        "Pretax Income": 178300000.0,
        "Other Income Expense": 26600000.0,
        "Other Non Operating Income Expenses": -10800000.0,
        "Earnings From Equity Interest": 18100000.0,
        "Gain On Sale Of Security": 19300000.0,
        "Net Non Operating Interest Income Expense": -33500000.0,
        "Interest Expense Non Operating": 33500000.0,
        "Operating Income": 185200000.0,
        "Operating Expense": 99800000.0,
        "Depreciation Amortization Depletion Income Statement": 10400000.0,
        "Depreciation And Amortization In Income Statement": 10400000.0,
        "Amortization": 7300000.0,
        "Amortization Of Intangibles Income Statement": 7300000.0,
        "Depreciation Income Statement": 3100000.0,
        "Selling General And Administration": 89400000.0,
        "Gross Profit": 285000000.0,
        "Cost Of Revenue": 215300000.0,
        "Total Revenue": 500300000.0,
        "Operating Revenue": 500300000.0
    }
}