{
    "2023-03-31": {
        "Tax Effect Of Unusual Items": 0.0,
        "Tax Rate For Calcs": 0.280558,
        "Normalized EBITDA": 34713000.0,
        "Net Income From Continuing Operation Net Minority Interest": 17222000.0,
        "Reconciled Depreciation": 8428000.0,
        "Reconciled Cost Of Revenue": 90902000.0,
        "EBITDA": 34713000.0,
        "EBIT": 26285000.0,
        "Net Interest Income": -2347000.0,
        "Interest Expense": 2347000.0,
        "Normalized Income": 17222000.0,
        "Net Income From Continuing And Discontinued Operation": 17222000.0,
        "Total Expenses": 130412000.0,
        "Diluted Average Shares": 74370353.0,
        "Basic Average Shares": 73890162.0,
        "Diluted EPS": 0.23,
        "Basic EPS": 0.23,
        "Diluted NI Availto Com Stockholders": 17222000.0,
        "Net Income Common Stockholders": 17222000.0,
        "Net Income": 17222000.0,
        "Net Income Including Noncontrolling Interests": 17222000.0,
        "Net Income Continuous Operations": 17222000.0,
        "Tax Provision": 6716000.0,
        "Pretax Income": 23938000.0,
        "Other Income Expense": -19865000.0,
        "Other Non Operating Income Expenses": -19865000.0,
        "Net Non Operating Interest Income Expense": -2347000.0,
        "Interest Expense Non Operating": 2347000.0,
        "Operating Income": 46150000.0,
        "Operating Expense": 39510000.0,
        "Depreciation Amortization Depletion Income Statement": 8428000.0,
        "Depreciation And Amortization In Income Statement": 8428000.0,
        "Selling General And Administration": 31082000.0,
        "General And Administrative Expense": 31082000.0,
        "Other Gand A": 31082000.0,
        "Gross Profit": 85660000.0,
        "Cost Of Revenue": 90902000.0,
        "Total Revenue": 176562000.0,
        "Operating Revenue": 172846000.0
    },
    "2022-12-31": {
        "Tax Effect Of Unusual Items": 0.0,
        "Tax Rate For Calcs": 0.30173,
        "Normalized EBITDA": 46973000.0,
        "Net Income From Continuing Operation Net Minority Interest": 25593000.0,
        "Reconciled Depreciation": 8008000.0,
        "Reconciled Cost Of Revenue": 85143000.0,
        "EBITDA": 46973000.0,
        "EBIT": 38965000.0,
        "Net Interest Income": -2313000.0,
        "Interest Expense": 2313000.0,
        "Normalized Income": 25593000.0,
        "Net Income From Continuing And Discontinued Operation": 25593000.0,
        "Total Expenses": 125406000.0,
        "Diluted Average Shares": 73943318.0,
        "Basic Average Shares": 73847371.0,
        "Diluted EPS": 0.35,
        "Basic EPS": 0.35,
        "Diluted NI Availto Com Stockholders": 25593000.0,
        "Net Income Common Stockholders": 25593000.0,
        "Net Income": 25593000.0,
        "Net Income Including Noncontrolling Interests": 25593000.0,
        "Net Income Continuous Operations": 25593000.0,
        "Tax Provision": 11059000.0,
        "Pretax Income": 36652000.0,
        "Other Income Expense": 238000.0,
        "Other Non Operating Income Expenses": 238000.0,
        "Net Non Operating Interest Income Expense": -2313000.0,
        "Interest Expense Non Operating": 2313000.0,
        "Operating Income": 38727000.0,
        "Operating Expense": 40263000.0,
        "Depreciation Amortization Depletion Income Statement": 8008000.0,
        "Depreciation And Amortization In Income Statement": 8008000.0,
        "Selling General And Administration": 32255000.0,
        "General And Administrative Expense": 32255000.0,
        "Other Gand A": 32255000.0,
        "Gross Profit": 78990000.0,
        "Cost Of Revenue": 85143000.0,
        "Total Revenue": 164133000.0,
        "Operating Revenue": 161145000.0
    },
    "2022-09-30": {
        "Tax Effect Of Unusual Items": 0.0,
        "Tax Rate For Calcs": 0.19499,
        "Normalized EBITDA": 46923000.0,
        "Net Income From Continuing Operation Net Minority Interest": 30109000.0,
        "Reconciled Depreciation": 7961000.0,
        "Reconciled Cost Of Revenue": 80207000.0,
        "EBITDA": 46923000.0,
        "EBIT": 38962000.0,
        "Net Interest Income": -1560000.0,
        "Interest Expense": 1560000.0,
        "Normalized Income": 30109000.0,
        "Net Income From Continuing And Discontinued Operation": 30109000.0,
        "Total Expenses": 115712000.0,
        "Diluted Average Shares": 73844689.0,
        "Basic Average Shares": 73842297.0,
        "Diluted EPS": 0.41,
        "Basic EPS": 0.41,
        "Diluted NI Availto Com Stockholders": 30109000.0,
        "Net Income Common Stockholders": 30109000.0,
        "Net Income": 30109000.0,
        "Net Income Including Noncontrolling Interests": 30109000.0,
        "Net Income Continuous Operations": 30109000.0,
        "Tax Provision": 7293000.0,
        "Pretax Income": 37402000.0,
        "Other Income Expense": 11000.0,
        "Other Non Operating Income Expenses": 11000.0,
        "Net Non Operating Interest Income Expense": -1560000.0,
        "Interest Expense Non Operating": 1560000.0,
        "Operating Income": 38951000.0,
        "Operating Expense": 35505000.0,
        "Depreciation Amortization Depletion Income Statement": 7961000.0,
        "Depreciation And Amortization In Income Statement": 7961000.0,
        "Selling General And Administration": 27544000.0,
        "General And Administrative Expense": 27544000.0,
        "Other Gand A": 27544000.0,
        "Gross Profit": 74456000.0,
        "Cost Of Revenue": 80207000.0,
        "Total Revenue": 154663000.0,
        "Operating Revenue": 152459000.0
    },
    "2022-06-30": {
        "Tax Effect Of Unusual Items": 0.0,
        "Tax Rate For Calcs": 0.239792,
        "Normalized EBITDA": 42532000.0,
        "Net Income From Continuing Operation Net Minority Interest": 25340000.0,
        "Reconciled Depreciation": 7711000.0,
        "Reconciled Cost Of Revenue": 80880000.0,
        "EBITDA": 42532000.0,
        "EBIT": 34821000.0,
        "Net Interest Income": -1488000.0,
        "Interest Expense": 1488000.0,
        "Normalized Income": 25340000.0,
        "Net Income From Continuing And Discontinued Operation": 25340000.0,
        "Total Expenses": 116308000.0,
        "Diluted Average Shares": 73692278.0,
        "Basic Average Shares": 73631588.0,
        "Diluted EPS": 0.34,
        "Basic EPS": 0.34,
        "Diluted NI Availto Com Stockholders": 25340000.0,
        "Net Income Common Stockholders": 25340000.0,
        "Net Income": 25340000.0,
        "Net Income Including Noncontrolling Interests": 25340000.0,
        "Net Income Continuous Operations": 25340000.0,
        "Tax Provision": 7993000.0,
        "Pretax Income": 33333000.0,
        "Other Income Expense": -78000.0,
        "Other Non Operating Income Expenses": -78000.0,
        "Net Non Operating Interest Income Expense": -1488000.0,
        "Interest Expense Non Operating": 1488000.0,
        "Operating Income": 34899000.0,
        "Operating Expense": 35428000.0,
        "Depreciation Amortization Depletion Income Statement": 7711000.0,
        "Depreciation And Amortization In Income Statement": 7711000.0,
        "Selling General And Administration": 27717000.0,
        "General And Administrative Expense": 27717000.0,
        "Other Gand A": 27717000.0,
        "Gross Profit": 70327000.0,
        "Cost Of Revenue": 80880000.0,
        "Total Revenue": 151207000.0,
        "Operating Revenue": 149658000.0
    },
    "2023-06-30": {
        "Tax Effect Of Unusual Items": 0.0,
        "Tax Rate For Calcs": 0.261639,
        "Normalized EBITDA": 55348000.0,
        "Net Income From Continuing Operation Net Minority Interest": 32877000.0,
        "Reconciled Depreciation": 8684000.0,
        "Reconciled Cost Of Revenue": 95446000.0,
        "EBITDA": 55348000.0,
        "EBIT": 46664000.0,
        "Net Interest Income": -2137000.0,
        "Interest Expense": 2137000.0,
        "Normalized Income": 32877000.0,
        "Net Income From Continuing And Discontinued Operation": 32877000.0,
        "Total Expenses": 136856000.0,
        "Diluted Average Shares": 74505158.0,
        "Basic Average Shares": 73986326.0,
        "Diluted EPS": 0.44,
        "Basic EPS": 0.44,
        "Diluted NI Availto Com Stockholders": 32877000.0,
        "Net Income Common Stockholders": 32877000.0,
        "Net Income": 32877000.0,
        "Net Income Including Noncontrolling Interests": 32877000.0,
        "Net Income Continuous Operations": 32877000.0,
        "Tax Provision": 11650000.0,
        "Pretax Income": 44527000.0,
        "Other Income Expense": 288000.0,
        "Other Non Operating Income Expenses": 288000.0,
        "Net Non Operating Interest Income Expense": -2137000.0,
        "Interest Expense Non Operating": 2137000.0,
        "Operating Income": 46376000.0,
        "Operating Expense": 41410000.0,
        "Depreciation Amortization Depletion Income Statement": 8684000.0,
        "Depreciation And Amortization In Income Statement": 8684000.0,
        "Selling General And Administration": 32726000.0,
        "General And Administrative Expense": 32726000.0,
        "Other Gand A": 32726000.0,
        "Gross Profit": 87786000.0,
        "Cost Of Revenue": 95446000.0,
        "Total Revenue": 183232000.0,
        "Operating Revenue": 178300000.0
    },
    "2022-03-31": {
        "Diluted EPS": 0.3,
        "Total Revenue": 148,
        "Gross Profit": 148,
        "Operating Income": 30,
        "EBIT": 38,
        "Net Income": 22
    },
    "2021-12-31": {
        "Diluted EPS": 0.17,
        "Total Revenue": 144,
        "Gross Profit": 144,
        "Operating Income": 20,
        "EBIT": 29,
        "Net Income": 12
    },
    "2021-09-30": {
        "Diluted EPS": 0.17,
        "Total Revenue": 140,
        "Gross Profit": 140,
        "Operating Income": 22,
        "EBIT": 34,
        "Net Income": 12
    },
    "2021-06-30": {
        "Diluted EPS": 0.14,
        "Total Revenue": 128,
        "Gross Profit": 128,
        "Operating Income": 20,
        "EBIT": 31,
        "Net Income": 10
    },
    "2021-03-31": {
        "Diluted EPS": -0.13,
        "Total Revenue": 119,
        "Gross Profit": 119,
        "Operating Income": -17,
        "EBIT": -7,
        "Net Income": -9
    },
    "2020-12-31": {
        "Diluted EPS": -0.14,
        "Total Revenue": 111,
        "Gross Profit": 111,
        "Operating Income": 3,
        "EBIT": 13,
        "Net Income": -10
    },
    "2020-09-30": {
        "Diluted EPS": 0.12,
        "Total Revenue": 107,
        "Gross Profit": 107,
        "Operating Income": 1,
        "EBIT": 11,
        "Net Income": 9
    },
    "2020-06-30": {
        "Diluted EPS": -0.14,
        "Total Revenue": 99,
        "Gross Profit": 99,
        "Operating Income": -4,
        "EBIT": 7,
        "Net Income": -9
    },
    "2020-03-31": {
        "Diluted EPS": 0.04,
        "Total Revenue": 115,
        "Gross Profit": 115,
        "Operating Income": 2,
        "EBIT": 12,
        "Net Income": 3
    },
    "2019-12-31": {
        "Diluted EPS": -0.05,
        "Total Revenue": 111,
        "Gross Profit": 111,
        "Operating Income": 1,
        "EBIT": 11,
        "Net Income": -3
    },
    "2019-09-30": {
        "Diluted EPS": -0.05,
        "Total Revenue": 110,
        "Gross Profit": 110,
        "Operating Income": 3,
        "EBIT": 13,
        "Net Income": -4
    },
    "2019-06-30": {
        "Diluted EPS": 0.05,
        "Total Revenue": 104,
        "Gross Profit": 104,
        "Operating Income": 7,
        "EBIT": 18,
        "Net Income": 3
    },
    "2019-03-31": {
        "Diluted EPS": 0.04,
        "Total Revenue": 92,
        "Gross Profit": 92,
        "Operating Income": 6,
        "EBIT": 17,
        "Net Income": 3
    },
    "2018-12-31": {
        "Diluted EPS": 0.0,
        "Total Revenue": NaN,
        "Gross Profit": NaN,
        "Operating Income": NaN,
        "EBIT": NaN,
        "Net Income": NaN
    },
    "2018-09-30": {
        "Diluted EPS": 0.16,
        "Total Revenue": 93,
        "Gross Profit": 93,
        "Operating Income": 15,
        "EBIT": 22,
        "Net Income": 10
    },
    "2018-06-30": {
        "Diluted EPS": 0.14,
        "Total Revenue": 89,
        "Gross Profit": 89,
        "Operating Income": 14,
        "EBIT": 14,
        "Net Income": 9
    },
    "2017-12-31": {
        "Diluted EPS": 0.0,
        "Total Revenue": NaN,
        "Gross Profit": NaN,
        "Operating Income": NaN,
        "EBIT": NaN,
        "Net Income": NaN
    },
    "2023-09-30": {
        "Tax Effect Of Unusual Items": 0.0,
        "Tax Rate For Calcs": 0.277989,
        "Normalized EBITDA": 64434000.0,
        "Net Income From Continuing Operation Net Minority Interest": 38385000.0,
        "Reconciled Depreciation": 8965000.0,
        "Reconciled Cost Of Revenue": 98197000.0,
        "EBITDA": 64434000.0,
        "EBIT": 55469000.0,
        "Net Interest Income": -2305000.0,
        "Interest Expense": 2305000.0,
        "Normalized Income": 38385000.0,
        "Net Income From Continuing And Discontinued Operation": 38385000.0,
        "Total Expenses": 137245000.0,
        "Diluted Average Shares": 74695260.0,
        "Basic Average Shares": 74261667.0,
        "Diluted EPS": 0.51,
        "Basic EPS": 0.52,
        "Diluted NI Availto Com Stockholders": 38385000.0,
        "Net Income Common Stockholders": 38385000.0,
        "Net Income": 38385000.0,
        "Net Income Including Noncontrolling Interests": 38385000.0,
        "Net Income Continuous Operations": 38385000.0,
        "Tax Provision": 14779000.0,
        "Pretax Income": 53164000.0,
        "Other Income Expense": 2192000.0,
        "Other Non Operating Income Expenses": 2192000.0,
        "Net Non Operating Interest Income Expense": -2305000.0,
        "Interest Expense Non Operating": 2305000.0,
        "Operating Income": 53277000.0,
        "Operating Expense": 39048000.0,
        "Depreciation Amortization Depletion Income Statement": 8965000.0,
        "Depreciation And Amortization In Income Statement": 8965000.0,
        "Selling General And Administration": 30083000.0,
        "General And Administrative Expense": 30083000.0,
        "Other Gand A": 30083000.0,
        "Gross Profit": 92325000.0,
        "Cost Of Revenue": 98197000.0,
        "Total Revenue": 190522000.0,
        "Operating Revenue": 185060000.0
    }
}