{
    "2023-06-30": {
        "Tax Effect Of Unusual Items": 0.0,
        "Tax Rate For Calcs": 0.127378,
        "Normalized EBITDA": 246090000.0,
        "Total Unusual Items": -49000.0,
        "Total Unusual Items Excluding Goodwill": -49000.0,
        "Net Income From Continuing Operation Net Minority Interest": 64286000.0,
        "Reconciled Depreciation": 157885000.0,
        "Reconciled Cost Of Revenue": 1271052000.0,
        "EBITDA": 246090000.0,
        "EBIT": 88205000.0,
        "Net Interest Income": -14354000.0,
        "Interest Expense": 14354000.0,
        "Interest Income": 12019000.0,
        "Normalized Income": 64286000.0,
        "Net Income From Continuing And Discontinued Operation": 64286000.0,
        "Total Expenses": 1381600000.0,
        "Total Operating Income As Reported": 76322000.0,
        "Diluted Average Shares": 246964000.0,
        "Basic Average Shares": 245637000.0,
        "Diluted EPS": 0.26,
        "Basic EPS": 0.26,
        "Diluted NI Availto Com Stockholders": 64286000.0,
        "Net Income Common Stockholders": 64286000.0,
        "Net Income": 64286000.0,
        "Minority Interests": -158000.0,
        "Net Income Including Noncontrolling Interests": 64444000.0,
        "Net Income Continuous Operations": 64444000.0,
        "Tax Provision": 9407000.0,
        "Pretax Income": 73851000.0,
        "Other Income Expense": 11883000.0,
        "Other Non Operating Income Expenses": 11883000.0,
        "Special Income Charges": 0.0,
        "Other Special Charges": NaN,
        "Gain On Sale Of Security": -49000.0,
        "Net Non Operating Interest Income Expense": -14354000.0,
        "Interest Expense Non Operating": 14354000.0,
        "Interest Income Non Operating": 12019000.0,
        "Operating Income": 76322000.0,
        "Operating Expense": 110548000.0,
        "Research And Development": 45688000.0,
        "Selling General And Administration": 64860000.0,
        "Gross Profit": 186870000.0,
        "Cost Of Revenue": 1271052000.0,
        "Total Revenue": 1457922000.0,
        "Operating Revenue": 1457922000.0
    },
    "2023-03-31": {
        "Tax Effect Of Unusual Items": 0.0,
        "Tax Rate For Calcs": 0.193696,
        "Normalized EBITDA": 229017000.0,
        "Total Unusual Items": -6763000.0,
        "Total Unusual Items Excluding Goodwill": -6763000.0,
        "Net Income From Continuing Operation Net Minority Interest": 45351000.0,
        "Reconciled Depreciation": 156762000.0,
        "Reconciled Cost Of Revenue": 1277118000.0,
        "EBITDA": 229017000.0,
        "EBIT": 72255000.0,
        "Net Interest Income": -16167000.0,
        "Interest Expense": 16167000.0,
        "Interest Income": 10433000.0,
        "Normalized Income": 45351000.0,
        "Net Income From Continuing And Discontinued Operation": 45351000.0,
        "Total Expenses": 1402836000.0,
        "Total Operating Income As Reported": 68703000.0,
        "Diluted Average Shares": 247087000.0,
        "Basic Average Shares": 245330000.0,
        "Diluted EPS": 0.18,
        "Basic EPS": 0.18,
        "Diluted NI Availto Com Stockholders": 45351000.0,
        "Net Income Common Stockholders": 45351000.0,
        "Net Income": 45351000.0,
        "Minority Interests": 127000.0,
        "Net Income Including Noncontrolling Interests": 45224000.0,
        "Net Income Continuous Operations": 45224000.0,
        "Tax Provision": 10864000.0,
        "Pretax Income": 56088000.0,
        "Other Income Expense": 3552000.0,
        "Other Non Operating Income Expenses": 3552000.0,
        "Special Income Charges": 0.0,
        "Other Special Charges": NaN,
        "Gain On Sale Of Security": -6763000.0,
        "Net Non Operating Interest Income Expense": -16167000.0,
        "Interest Expense Non Operating": 16167000.0,
        "Interest Income Non Operating": 10433000.0,
        "Operating Income": 68703000.0,
        "Operating Expense": 125718000.0,
        "Research And Development": 47047000.0,
        "Selling General And Administration": 78671000.0,
        "Gross Profit": 194421000.0,
        "Cost Of Revenue": 1277118000.0,
        "Total Revenue": 1471539000.0,
        "Operating Revenue": 1471539000.0
    },
    "2022-12-31": {
        "Tax Effect Of Unusual Items": 0.0,
        "Tax Rate For Calcs": 0.218162,
        "Normalized EBITDA": 381585000.0,
        "Total Unusual Items": -9996000.0,
        "Total Unusual Items Excluding Goodwill": -9996000.0,
        "Net Income From Continuing Operation Net Minority Interest": 164301000.0,
        "Reconciled Depreciation": 157023000.0,
        "Reconciled Cost Of Revenue": 1571936000.0,
        "EBITDA": 381585000.0,
        "EBIT": 224562000.0,
        "Net Interest Income": -14943000.0,
        "Interest Expense": 14943000.0,
        "Interest Income": 6184000.0,
        "Normalized Income": 164301000.0,
        "Net Income From Continuing And Discontinued Operation": 164301000.0,
        "Total Expenses": 1681128000.0,
        "Total Operating Income As Reported": 225082000.0,
        "Diluted Average Shares": 246693000.0,
        "Basic Average Shares": 244957000.0,
        "Diluted EPS": 0.67,
        "Basic EPS": 0.67,
        "Diluted NI Availto Com Stockholders": 164301000.0,
        "Net Income Common Stockholders": 164301000.0,
        "Net Income": 164301000.0,
        "Minority Interests": 413000.0,
        "Net Income Including Noncontrolling Interests": 163888000.0,
        "Net Income Continuous Operations": 163888000.0,
        "Tax Provision": 45731000.0,
        "Pretax Income": 209619000.0,
        "Other Income Expense": -520000.0,
        "Other Non Operating Income Expenses": -520000.0,
        "Special Income Charges": 0.0,
        "Other Special Charges": 0.0,
        "Gain On Sale Of Security": -9996000.0,
        "Net Non Operating Interest Income Expense": -14943000.0,
        "Interest Expense Non Operating": 14943000.0,
        "Interest Income Non Operating": 6184000.0,
        "Operating Income": 225082000.0,
        "Operating Expense": 109192000.0,
        "Research And Development": 39594000.0,
        "Selling General And Administration": 69598000.0,
        "Gross Profit": 334274000.0,
        "Cost Of Revenue": 1571936000.0,
        "Total Revenue": 1906210000.0,
        "Operating Revenue": 1906210000.0
    },
    "2022-09-30": {
        "Tax Effect Of Unusual Items": 0.0,
        "Tax Rate For Calcs": 0.011748,
        "Normalized EBITDA": 481317000.0,
        "Total Unusual Items": 1013000.0,
        "Total Unusual Items Excluding Goodwill": 1013000.0,
        "Net Income From Continuing Operation Net Minority Interest": 306081000.0,
        "Reconciled Depreciation": 156338000.0,
        "Reconciled Cost Of Revenue": 1662463000.0,
        "EBITDA": 481317000.0,
        "EBIT": 324979000.0,
        "Net Interest Income": -14879000.0,
        "Interest Expense": 14879000.0,
        "Interest Income": 4034000.0,
        "Normalized Income": 306081000.0,
        "Net Income From Continuing And Discontinued Operation": 306081000.0,
        "Total Expenses": 1764404000.0,
        "Total Operating Income As Reported": 319287000.0,
        "Diluted Average Shares": 246094000.0,
        "Basic Average Shares": 244744000.0,
        "Diluted EPS": 1.24,
        "Basic EPS": 1.25,
        "Diluted NI Availto Com Stockholders": 306081000.0,
        "Net Income Common Stockholders": 306081000.0,
        "Net Income": 306081000.0,
        "Minority Interests": -376000.0,
        "Net Income Including Noncontrolling Interests": 306457000.0,
        "Net Income Continuous Operations": 306457000.0,
        "Tax Provision": 3643000.0,
        "Pretax Income": 310100000.0,
        "Other Income Expense": 5692000.0,
        "Other Non Operating Income Expenses": 5692000.0,
        "Special Income Charges": 0.0,
        "Other Special Charges": NaN,
        "Gain On Sale Of Security": 1013000.0,
        "Net Non Operating Interest Income Expense": -14879000.0,
        "Interest Expense Non Operating": 14879000.0,
        "Interest Income Non Operating": 4034000.0,
        "Operating Income": 319287000.0,
        "Operating Expense": 101941000.0,
        "Research And Development": 33994000.0,
        "Selling General And Administration": 67947000.0,
        "Gross Profit": 421228000.0,
        "Cost Of Revenue": 1662463000.0,
        "Total Revenue": 2083691000.0,
        "Operating Revenue": 2083691000.0
    },
    "2022-06-30": {
        "Tax Effect Of Unusual Items": 0.0,
        "Tax Rate For Calcs": 0.079174,
        "Normalized EBITDA": 301999000.0,
        "Total Unusual Items": 5887000.0,
        "Total Unusual Items Excluding Goodwill": 5887000.0,
        "Net Income From Continuing Operation Net Minority Interest": 124778000.0,
        "Reconciled Depreciation": 151149000.0,
        "Reconciled Cost Of Revenue": 1255713000.0,
        "EBITDA": 301999000.0,
        "EBIT": 150850000.0,
        "Net Interest Income": -14593000.0,
        "Interest Expense": 14593000.0,
        "Interest Income": 1941000.0,
        "Normalized Income": 124778000.0,
        "Net Income From Continuing And Discontinued Operation": 124778000.0,
        "Total Expenses": 1362059000.0,
        "Total Operating Income As Reported": 142809000.0,
        "Diluted Average Shares": 245855000.0,
        "Basic Average Shares": 244592000.0,
        "Diluted EPS": 0.51,
        "Basic EPS": 0.51,
        "Diluted NI Availto Com Stockholders": 124778000.0,
        "Net Income Common Stockholders": 124778000.0,
        "Net Income": 124778000.0,
        "Minority Interests": -691000.0,
        "Net Income Including Noncontrolling Interests": 125469000.0,
        "Net Income Continuous Operations": 125469000.0,
        "Tax Provision": 10788000.0,
        "Pretax Income": 136257000.0,
        "Other Income Expense": 8041000.0,
        "Other Non Operating Income Expenses": 8041000.0,
        "Special Income Charges": -367000.0,
        "Other Special Charges": 367000.0,
        "Gain On Sale Of Security": 6254000.0,
        "Net Non Operating Interest Income Expense": -14593000.0,
        "Interest Expense Non Operating": 14593000.0,
        "Interest Income Non Operating": 1941000.0,
        "Operating Income": 142809000.0,
        "Operating Expense": 106346000.0,
        "Research And Development": 37478000.0,
        "Selling General And Administration": 68868000.0,
        "Gross Profit": 249155000.0,
        "Cost Of Revenue": 1255713000.0,
        "Total Revenue": 1504868000.0,
        "Operating Revenue": 1504868000.0
    },
    "2022-03-31": {
        "Diluted EPS": 0.69,
        "Total Revenue": NaN,
        "Gross Profit": 325,
        "Operating Income": 210,
        "EBIT": 358,
        "Net Income": 171
    },
    "2021-12-31": {
        "Diluted EPS": 0.88,
        "Total Revenue": NaN,
        "Gross Profit": 362,
        "Operating Income": 252,
        "EBIT": 398,
        "Net Income": 217
    },
    "2021-09-30": {
        "Diluted EPS": 0.74,
        "Total Revenue": NaN,
        "Gross Profit": 325,
        "Operating Income": 211,
        "EBIT": 357,
        "Net Income": 181
    },
    "2021-06-30": {
        "Diluted EPS": 0.51,
        "Total Revenue": NaN,
        "Gross Profit": 273,
        "Operating Income": 155,
        "EBIT": 295,
        "Net Income": 126
    },
    "2021-03-31": {
        "Diluted EPS": 0.49,
        "Total Revenue": NaN,
        "Gross Profit": 266,
        "Operating Income": 144,
        "EBIT": 280,
        "Net Income": 120
    },
    "2020-12-31": {
        "Diluted EPS": 0.53,
        "Total Revenue": NaN,
        "Gross Profit": 279,
        "Operating Income": 159,
        "EBIT": 294,
        "Net Income": 127
    },
    "2020-09-30": {
        "Diluted EPS": 0.38,
        "Total Revenue": NaN,
        "Gross Profit": 241,
        "Operating Income": 127,
        "EBIT": 257,
        "Net Income": 92
    },
    "2020-06-30": {
        "Diluted EPS": 0.23,
        "Total Revenue": NaN,
        "Gross Profit": 192,
        "Operating Income": 87,
        "EBIT": 211,
        "Net Income": 55
    },
    "2020-03-31": {
        "Diluted EPS": 0.26,
        "Total Revenue": NaN,
        "Gross Profit": 189,
        "Operating Income": 84,
        "EBIT": 208,
        "Net Income": 64
    },
    "2019-12-31": {
        "Diluted EPS": 0.41,
        "Total Revenue": NaN,
        "Gross Profit": 223,
        "Operating Income": 118,
        "EBIT": 246,
        "Net Income": 99
    },
    "2019-09-30": {
        "Diluted EPS": 0.23,
        "Total Revenue": NaN,
        "Gross Profit": 182,
        "Operating Income": 79,
        "EBIT": 208,
        "Net Income": 54
    },
    "2019-06-30": {
        "Diluted EPS": -0.04,
        "Total Revenue": 895,
        "Gross Profit": 123,
        "Operating Income": 23,
        "EBIT": 155,
        "Net Income": -9
    },
    "2019-03-31": {
        "Diluted EPS": -0.1,
        "Total Revenue": 895,
        "Gross Profit": 121,
        "Operating Income": 13,
        "EBIT": 149,
        "Net Income": -23
    },
    "2018-12-31": {
        "Diluted EPS": 0.11,
        "Total Revenue": NaN,
        "Gross Profit": 182,
        "Operating Income": 75,
        "EBIT": 219,
        "Net Income": 28
    },
    "2018-09-30": {
        "Diluted EPS": 0.24,
        "Total Revenue": NaN,
        "Gross Profit": 201,
        "Operating Income": 93,
        "EBIT": 236,
        "Net Income": 57
    },
    "2018-06-30": {
        "Diluted EPS": 0.14,
        "Total Revenue": NaN,
        "Gross Profit": 170,
        "Operating Income": 54,
        "EBIT": 197,
        "Net Income": 33
    },
    "2018-03-31": {
        "Diluted EPS": 0.04,
        "Total Revenue": NaN,
        "Gross Profit": 158,
        "Operating Income": 36,
        "EBIT": 179,
        "Net Income": 10
    },
    "2017-12-31": {
        "Diluted EPS": 0.41,
        "Total Revenue": NaN,
        "Gross Profit": 224,
        "Operating Income": 109,
        "EBIT": 257,
        "Net Income": 100
    },
    "2017-09-30": {
        "Diluted EPS": 0.25,
        "Total Revenue": NaN,
        "Gross Profit": 224,
        "Operating Income": 105,
        "EBIT": 254,
        "Net Income": 59
    },
    "2017-06-30": {
        "Diluted EPS": 0.5,
        "Total Revenue": NaN,
        "Gross Profit": 177,
        "Operating Income": 173,
        "EBIT": 318,
        "Net Income": 119
    },
    "2017-03-31": {
        "Diluted EPS": -0.06,
        "Total Revenue": 899,
        "Gross Profit": 136,
        "Operating Income": 18,
        "EBIT": 160,
        "Net Income": -15
    },
    "2016-12-31": {
        "Diluted EPS": 0.47,
        "Total Revenue": NaN,
        "Gross Profit": 242,
        "Operating Income": 141,
        "EBIT": 281,
        "Net Income": 112
    },
    "2016-09-30": {
        "Diluted EPS": 0.25,
        "Total Revenue": NaN,
        "Gross Profit": 214,
        "Operating Income": 115,
        "EBIT": 256,
        "Net Income": 60
    },
    "2016-06-30": {
        "Diluted EPS": 0.02,
        "Total Revenue": 917,
        "Gross Profit": 132,
        "Operating Income": 31,
        "EBIT": 169,
        "Net Income": 5
    },
    "2016-03-31": {
        "Diluted EPS": 0.0,
        "Total Revenue": 869,
        "Gross Profit": 123,
        "Operating Income": 22,
        "EBIT": 159,
        "Net Income": -1
    },
    "2015-12-31": {
        "Diluted EPS": -0.05,
        "Total Revenue": 671,
        "Gross Profit": 103,
        "Operating Income": 21,
        "EBIT": 145,
        "Net Income": -13
    },
    "2015-09-30": {
        "Diluted EPS": 0.12,
        "Total Revenue": 734,
        "Gross Profit": 127,
        "Operating Income": 51,
        "EBIT": 175,
        "Net Income": 28
    },
    "2015-06-30": {
        "Diluted EPS": 0.03,
        "Total Revenue": 737,
        "Gross Profit": 115,
        "Operating Income": 39,
        "EBIT": 163,
        "Net Income": 7
    },
    "2015-03-31": {
        "Diluted EPS": 0.12,
        "Total Revenue": 743,
        "Gross Profit": 135,
        "Operating Income": 54,
        "EBIT": 178,
        "Net Income": 29
    },
    "2014-12-31": {
        "Diluted EPS": 0.05,
        "Total Revenue": 853,
        "Gross Profit": 120,
        "Operating Income": 40,
        "EBIT": 167,
        "Net Income": 12
    },
    "2014-09-30": {
        "Diluted EPS": 0.2,
        "Total Revenue": 813,
        "Gross Profit": 153,
        "Operating Income": 75,
        "EBIT": 195,
        "Net Income": 47
    },
    "2014-06-30": {
        "Diluted EPS": 0.21,
        "Total Revenue": 767,
        "Gross Profit": 151,
        "Operating Income": 61,
        "EBIT": 173,
        "Net Income": 49
    },
    "2014-03-31": {
        "Diluted EPS": 0.09,
        "Total Revenue": 696,
        "Gross Profit": 129,
        "Operating Income": 45,
        "EBIT": 154,
        "Net Income": 21
    },
    "2013-12-31": {
        "Diluted EPS": 0.18,
        "Total Revenue": 755,
        "Gross Profit": 150,
        "Operating Income": 75,
        "EBIT": 186,
        "Net Income": 41
    },
    "2013-09-30": {
        "Diluted EPS": 0.11,
        "Total Revenue": 768,
        "Gross Profit": 141,
        "Operating Income": 58,
        "EBIT": 164,
        "Net Income": 25
    },
    "2013-06-30": {
        "Diluted EPS": 0.14,
        "Total Revenue": 746,
        "Gross Profit": 138,
        "Operating Income": 58,
        "EBIT": 157,
        "Net Income": 30
    },
    "2013-03-31": {
        "Diluted EPS": 0.07,
        "Total Revenue": 688,
        "Gross Profit": 115,
        "Operating Income": 41,
        "EBIT": 138,
        "Net Income": 13
    },
    "2012-12-31": {
        "Diluted EPS": 0.07,
        "Total Revenue": 723,
        "Gross Profit": 113,
        "Operating Income": 42,
        "EBIT": 144,
        "Net Income": 7
    },
    "2012-09-30": {
        "Diluted EPS": 0.11,
        "Total Revenue": 695,
        "Gross Profit": 117,
        "Operating Income": 54,
        "EBIT": 148,
        "Net Income": 22
    },
    "2012-06-30": {
        "Diluted EPS": 0.0,
        "Total Revenue": 687,
        "Gross Profit": 89,
        "Operating Income": 22,
        "EBIT": 113,
        "Net Income": 1
    },
    "2012-03-31": {
        "Diluted EPS": 0.06,
        "Total Revenue": 655,
        "Gross Profit": 105,
        "Operating Income": 34,
        "EBIT": 123,
        "Net Income": 12
    },
    "2011-12-31": {
        "Diluted EPS": 0.11,
        "Total Revenue": 684,
        "Gross Profit": 112,
        "Operating Income": 44,
        "EBIT": 134,
        "Net Income": 25
    },
    "2011-09-30": {
        "Diluted EPS": 0.11,
        "Total Revenue": 740,
        "Gross Profit": 122,
        "Operating Income": 44,
        "EBIT": 127,
        "Net Income": 27
    },
    "2011-06-30": {
        "Diluted EPS": 0.07,
        "Total Revenue": 688,
        "Gross Profit": 130,
        "Operating Income": 56,
        "EBIT": 139,
        "Net Income": 14
    },
    "2011-03-31": {
        "Diluted EPS": 0.1,
        "Total Revenue": 665,
        "Gross Profit": 127,
        "Operating Income": 50,
        "EBIT": 133,
        "Net Income": 25
    },
    "2010-12-31": {
        "Diluted EPS": 0.2,
        "Total Revenue": 751,
        "Gross Profit": 159,
        "Operating Income": 86,
        "EBIT": 177,
        "Net Income": 50
    },
    "2010-09-30": {
        "Diluted EPS": 0.3,
        "Total Revenue": 794,
        "Gross Profit": 188,
        "Operating Income": 118,
        "EBIT": 201,
        "Net Income": 78
    },
    "2010-06-30": {
        "Diluted EPS": 0.23,
        "Total Revenue": 749,
        "Gross Profit": 179,
        "Operating Income": 101,
        "EBIT": 179,
        "Net Income": 59
    },
    "2010-03-31": {
        "Diluted EPS": 0.18,
        "Total Revenue": 646,
        "Gross Profit": 137,
        "Operating Income": 69,
        "EBIT": 145,
        "Net Income": 44
    },
    "2009-12-31": {
        "Diluted EPS": 0.43,
        "Total Revenue": 668,
        "Gross Profit": 175,
        "Operating Income": 110,
        "EBIT": 189,
        "Net Income": 88
    },
    "2009-09-30": {
        "Diluted EPS": 0.31,
        "Total Revenue": 616,
        "Gross Profit": 155,
        "Operating Income": 88,
        "EBIT": 162,
        "Net Income": 81
    },
    "2009-06-30": {
        "Diluted EPS": 0.05,
        "Total Revenue": 507,
        "Gross Profit": 102,
        "Operating Income": 40,
        "EBIT": 116,
        "Net Income": 9
    },
    "2009-03-31": {
        "Diluted EPS": -0.12,
        "Total Revenue": 389,
        "Gross Profit": 48,
        "Operating Income": -12,
        "EBIT": 68,
        "Net Income": -22
    },
    "2023-09-30": {
        "Tax Effect Of Unusual Items": 0.0,
        "Tax Rate For Calcs": 0.178126,
        "Normalized EBITDA": 333124000.0,
        "Total Unusual Items": NaN,
        "Total Unusual Items Excluding Goodwill": NaN,
        "Net Income From Continuing Operation Net Minority Interest": 132614000.0,
        "Reconciled Depreciation": 157749000.0,
        "Reconciled Cost Of Revenue": 1539040000.0,
        "EBITDA": 333124000.0,
        "EBIT": 175375000.0,
        "Net Interest Income": -13001000.0,
        "Interest Expense": 13001000.0,
        "Interest Income": NaN,
        "Normalized Income": 132614000.0,
        "Net Income From Continuing And Discontinued Operation": 132614000.0,
        "Total Expenses": 1655195000.0,
        "Total Operating Income As Reported": 166598000.0,
        "Diluted Average Shares": 247129000.0,
        "Basic Average Shares": 245740000.0,
        "Diluted EPS": 0.54,
        "Basic EPS": 0.54,
        "Diluted NI Availto Com Stockholders": 132614000.0,
        "Net Income Common Stockholders": 132614000.0,
        "Net Income": 132614000.0,
        "Minority Interests": -837000.0,
        "Net Income Including Noncontrolling Interests": 133451000.0,
        "Net Income Continuous Operations": 133451000.0,
        "Tax Provision": 28923000.0,
        "Pretax Income": 162374000.0,
        "Other Income Expense": 8777000.0,
        "Other Non Operating Income Expenses": 8777000.0,
        "Special Income Charges": NaN,
        "Other Special Charges": NaN,
        "Gain On Sale Of Security": NaN,
        "Net Non Operating Interest Income Expense": -13001000.0,
        "Interest Expense Non Operating": 13001000.0,
        "Interest Income Non Operating": NaN,
        "Operating Income": 166598000.0,
        "Operating Expense": 116155000.0,
        "Research And Development": 43135000.0,
        "Selling General And Administration": 73020000.0,
        "Gross Profit": 282753000.0,
        "Cost Of Revenue": 1539040000.0,
        "Total Revenue": 1821793000.0,
        "Operating Revenue": 1821793000.0
    }
}