{
    "2023-06-30": {
        "Tax Effect Of Unusual Items": -1690.4,
        "Tax Rate For Calcs": 0.2113,
        "Total Unusual Items": -8000.0,
        "Total Unusual Items Excluding Goodwill": -8000.0,
        "Net Income From Continuing Operation Net Minority Interest": 7140000.0,
        "Reconciled Depreciation": 272000.0,
        "Net Interest Income": 20952000.0,
        "Interest Expense": 8283000.0,
        "Interest Income": 29235000.0,
        "Normalized Income": 7146309.6,
        "Net Income From Continuing And Discontinued Operation": 7140000.0,
        "Diluted Average Shares": 10624859.0,
        "Basic Average Shares": 10623571.0,
        "Diluted EPS": 0.67,
        "Basic EPS": 0.67,
        "Diluted NI Availto Com Stockholders": 7140000.0,
        "Net Income Common Stockholders": 7140000.0,
        "Net Income": 7140000.0,
        "Net Income Including Noncontrolling Interests": 7140000.0,
        "Net Income Continuous Operations": 7140000.0,
        "Tax Provision": 1913000.0,
        "Pretax Income": 9053000.0,
        "Special Income Charges": -8000.0,
        "Other Special Charges": 8000.0,
        "Restructuring And Mergern Acquisition": NaN,
        "Gain On Sale Of Security": 108000.0,
        "Depreciation Amortization Depletion Income Statement": 272000.0,
        "Depreciation And Amortization In Income Statement": 272000.0,
        "Amortization": 272000.0,
        "Amortization Of Intangibles Income Statement": 272000.0,
        "Selling General And Administration": 8792000.0,
        "General And Administrative Expense": 8792000.0,
        "Insurance And Claims": 492000.0,
        "Salaries And Wages": 8300000.0,
        "Total Revenue": 25511000.0,
        "Operating Revenue": 25511000.0
    },
    "2023-03-31": {
        "Tax Effect Of Unusual Items": -22249.5,
        "Tax Rate For Calcs": 0.2119,
        "Total Unusual Items": -105000.0,
        "Total Unusual Items Excluding Goodwill": -105000.0,
        "Net Income From Continuing Operation Net Minority Interest": 9157000.0,
        "Reconciled Depreciation": 283000.0,
        "Net Interest Income": 23054000.0,
        "Interest Expense": 5078000.0,
        "Interest Income": 28132000.0,
        "Normalized Income": 9239750.5,
        "Net Income From Continuing And Discontinued Operation": 9157000.0,
        "Diluted Average Shares": 10632681.0,
        "Basic Average Shares": 10630571.0,
        "Diluted EPS": 0.86,
        "Basic EPS": 0.86,
        "Diluted NI Availto Com Stockholders": 9157000.0,
        "Net Income Common Stockholders": 9157000.0,
        "Net Income": 9157000.0,
        "Net Income Including Noncontrolling Interests": 9157000.0,
        "Net Income Continuous Operations": 9157000.0,
        "Tax Provision": 2462000.0,
        "Pretax Income": 11619000.0,
        "Special Income Charges": -105000.0,
        "Other Special Charges": 105000.0,
        "Restructuring And Mergern Acquisition": NaN,
        "Gain On Sale Of Security": 259000.0,
        "Depreciation Amortization Depletion Income Statement": 283000.0,
        "Depreciation And Amortization In Income Statement": 283000.0,
        "Amortization": 283000.0,
        "Amortization Of Intangibles Income Statement": 283000.0,
        "Selling General And Administration": 9379000.0,
        "General And Administrative Expense": 9379000.0,
        "Insurance And Claims": 207000.0,
        "Salaries And Wages": 9172000.0,
        "Total Revenue": 27701000.0,
        "Operating Revenue": 27701000.0
    },
    "2022-12-31": {
        "Tax Effect Of Unusual Items": -27594.0,
        "Tax Rate For Calcs": 0.189,
        "Total Unusual Items": -146000.0,
        "Total Unusual Items Excluding Goodwill": -146000.0,
        "Net Income From Continuing Operation Net Minority Interest": 8033000.0,
        "Reconciled Depreciation": 300000.0,
        "Net Interest Income": 24162000.0,
        "Interest Expense": 2628000.0,
        "Interest Income": 26790000.0,
        "Normalized Income": 8151406.0,
        "Net Income From Continuing And Discontinued Operation": 8033000.0,
        "Diluted Average Shares": 10609937.0,
        "Basic Average Shares": 10607678.0,
        "Diluted EPS": 0.76,
        "Basic EPS": 0.76,
        "Diluted NI Availto Com Stockholders": 8033000.0,
        "Net Income Common Stockholders": 8033000.0,
        "Net Income": 8033000.0,
        "Net Income Including Noncontrolling Interests": 8033000.0,
        "Net Income Continuous Operations": 8033000.0,
        "Tax Provision": 1872000.0,
        "Pretax Income": 9905000.0,
        "Special Income Charges": -146000.0,
        "Other Special Charges": 146000.0,
        "Restructuring And Mergern Acquisition": NaN,
        "Gain On Sale Of Security": -263000.0,
        "Depreciation Amortization Depletion Income Statement": 300000.0,
        "Depreciation And Amortization In Income Statement": 300000.0,
        "Amortization": 300000.0,
        "Amortization Of Intangibles Income Statement": 300000.0,
        "Selling General And Administration": 9655000.0,
        "General And Administrative Expense": 9655000.0,
        "Insurance And Claims": 209000.0,
        "Salaries And Wages": 9446000.0,
        "Total Revenue": 28044000.0,
        "Operating Revenue": 28044000.0
    },
    "2022-09-30": {
        "Tax Effect Of Unusual Items": -418.4,
        "Tax Rate For Calcs": 0.2092,
        "Total Unusual Items": -2000.0,
        "Total Unusual Items Excluding Goodwill": -2000.0,
        "Net Income From Continuing Operation Net Minority Interest": 9256000.0,
        "Reconciled Depreciation": 310000.0,
        "Net Interest Income": 23889000.0,
        "Interest Expense": 1144000.0,
        "Interest Income": 25033000.0,
        "Normalized Income": 9257581.6,
        "Net Income From Continuing And Discontinued Operation": 9256000.0,
        "Diluted Average Shares": 10643073.0,
        "Basic Average Shares": 10640952.0,
        "Diluted EPS": 0.87,
        "Basic EPS": 0.87,
        "Diluted NI Availto Com Stockholders": 9256000.0,
        "Net Income Common Stockholders": 9256000.0,
        "Net Income": 9256000.0,
        "Net Income Including Noncontrolling Interests": 9256000.0,
        "Net Income Continuous Operations": 9256000.0,
        "Tax Provision": 2448000.0,
        "Pretax Income": 11704000.0,
        "Special Income Charges": -2000.0,
        "Other Special Charges": 2000.0,
        "Restructuring And Mergern Acquisition": NaN,
        "Gain On Sale Of Security": 501000.0,
        "Depreciation Amortization Depletion Income Statement": 310000.0,
        "Depreciation And Amortization In Income Statement": 310000.0,
        "Amortization": 310000.0,
        "Amortization Of Intangibles Income Statement": 310000.0,
        "Selling General And Administration": 9845000.0,
        "General And Administrative Expense": 9845000.0,
        "Other Gand A": 1180000.0,
        "Insurance And Claims": 227000.0,
        "Salaries And Wages": 9618000.0,
        "Total Revenue": 28769000.0,
        "Operating Revenue": 28769000.0
    },
    "2022-06-30": {
        "Tax Effect Of Unusual Items": -17556.0,
        "Tax Rate For Calcs": 0.209,
        "Total Unusual Items": -84000.0,
        "Total Unusual Items Excluding Goodwill": -84000.0,
        "Net Income From Continuing Operation Net Minority Interest": 8140000.0,
        "Reconciled Depreciation": 320000.0,
        "Net Interest Income": 21374000.0,
        "Interest Expense": 1040000.0,
        "Interest Income": 22414000.0,
        "Normalized Income": 8206444.0,
        "Net Income From Continuing And Discontinued Operation": 8140000.0,
        "Diluted Average Shares": 10690496.0,
        "Basic Average Shares": 10688294.0,
        "Diluted EPS": 0.76,
        "Basic EPS": 0.76,
        "Diluted NI Availto Com Stockholders": 8140000.0,
        "Net Income Common Stockholders": 8140000.0,
        "Net Income": 8140000.0,
        "Net Income Including Noncontrolling Interests": 8140000.0,
        "Net Income Continuous Operations": 8140000.0,
        "Tax Provision": 2151000.0,
        "Pretax Income": 10291000.0,
        "Special Income Charges": -84000.0,
        "Other Special Charges": 84000.0,
        "Gain On Sale Of Security": 678000.0,
        "Depreciation Amortization Depletion Income Statement": 320000.0,
        "Depreciation And Amortization In Income Statement": 320000.0,
        "Amortization": 320000.0,
        "Amortization Of Intangibles Income Statement": 320000.0,
        "Selling General And Administration": 8948000.0,
        "General And Administrative Expense": 8948000.0,
        "Other Gand A": 1144000.0,
        "Insurance And Claims": 228000.0,
        "Salaries And Wages": 8720000.0,
        "Total Revenue": 26411000.0,
        "Operating Revenue": 26411000.0
    },
    "2022-03-31": {
        "Diluted EPS": 0.84,
        "Total Revenue": 27,
        "Gross Profit": 26,
        "Operating Income": 11,
        "EBIT": NaN,
        "Net Income": 9
    },
    "2021-12-31": {
        "Diluted EPS": 1.04,
        "Total Revenue": 29,
        "Gross Profit": 28,
        "Operating Income": 14,
        "EBIT": NaN,
        "Net Income": 11
    },
    "2021-09-30": {
        "Diluted EPS": 0.94,
        "Total Revenue": 29,
        "Gross Profit": 28,
        "Operating Income": 13,
        "EBIT": NaN,
        "Net Income": 10
    },
    "2021-06-30": {
        "Diluted EPS": 0.99,
        "Total Revenue": 28,
        "Gross Profit": 27,
        "Operating Income": 14,
        "EBIT": NaN,
        "Net Income": 11
    },
    "2021-03-31": {
        "Diluted EPS": 1.03,
        "Total Revenue": 30,
        "Gross Profit": 28,
        "Operating Income": 14,
        "EBIT": NaN,
        "Net Income": 11
    },
    "2020-12-31": {
        "Diluted EPS": 0.8,
        "Total Revenue": 29,
        "Gross Profit": 26,
        "Operating Income": 11,
        "EBIT": NaN,
        "Net Income": 9
    },
    "2020-09-30": {
        "Diluted EPS": 0.66,
        "Total Revenue": 28,
        "Gross Profit": 26,
        "Operating Income": 9,
        "EBIT": NaN,
        "Net Income": 7
    },
    "2020-06-30": {
        "Diluted EPS": 0.5,
        "Total Revenue": 27,
        "Gross Profit": 24,
        "Operating Income": 7,
        "EBIT": NaN,
        "Net Income": 5
    },
    "2020-03-31": {
        "Diluted EPS": 0.77,
        "Total Revenue": 28,
        "Gross Profit": 24,
        "Operating Income": 10,
        "EBIT": NaN,
        "Net Income": 9
    },
    "2019-12-31": {
        "Diluted EPS": 0.62,
        "Total Revenue": 28,
        "Gross Profit": 24,
        "Operating Income": 9,
        "EBIT": NaN,
        "Net Income": 7
    },
    "2019-09-30": {
        "Diluted EPS": 0.78,
        "Total Revenue": 29,
        "Gross Profit": 25,
        "Operating Income": 11,
        "EBIT": NaN,
        "Net Income": 9
    },
    "2019-06-30": {
        "Diluted EPS": -0.11,
        "Total Revenue": 29,
        "Gross Profit": 25,
        "Operating Income": 9,
        "EBIT": NaN,
        "Net Income": -1
    },
    "2019-03-31": {
        "Diluted EPS": 0.69,
        "Total Revenue": 22,
        "Gross Profit": 19,
        "Operating Income": 8,
        "EBIT": NaN,
        "Net Income": 6
    },
    "2018-12-31": {
        "Diluted EPS": 0.57,
        "Total Revenue": 21,
        "Gross Profit": 18,
        "Operating Income": 7,
        "EBIT": NaN,
        "Net Income": 5
    },
    "2018-09-30": {
        "Diluted EPS": 0.66,
        "Total Revenue": 21,
        "Gross Profit": 18,
        "Operating Income": 7,
        "EBIT": NaN,
        "Net Income": 6
    },
    "2018-06-30": {
        "Diluted EPS": 0.69,
        "Total Revenue": 21,
        "Gross Profit": 18,
        "Operating Income": 7,
        "EBIT": NaN,
        "Net Income": 6
    },
    "2018-03-31": {
        "Diluted EPS": 0.67,
        "Total Revenue": 20,
        "Gross Profit": 18,
        "Operating Income": 7,
        "EBIT": NaN,
        "Net Income": 6
    },
    "2017-12-31": {
        "Diluted EPS": 0.25,
        "Total Revenue": 20,
        "Gross Profit": 18,
        "Operating Income": 7,
        "EBIT": NaN,
        "Net Income": 2
    },
    "2017-09-30": {
        "Diluted EPS": 0.55,
        "Total Revenue": 20,
        "Gross Profit": 18,
        "Operating Income": 7,
        "EBIT": NaN,
        "Net Income": 5
    },
    "2017-06-30": {
        "Diluted EPS": 0.49,
        "Total Revenue": 19,
        "Gross Profit": 17,
        "Operating Income": 6,
        "EBIT": NaN,
        "Net Income": 4
    },
    "2017-03-31": {
        "Diluted EPS": 0.47,
        "Total Revenue": 18,
        "Gross Profit": 16,
        "Operating Income": 6,
        "EBIT": NaN,
        "Net Income": 4
    },
    "2016-12-31": {
        "Diluted EPS": 0.48,
        "Total Revenue": 18,
        "Gross Profit": 16,
        "Operating Income": 6,
        "EBIT": NaN,
        "Net Income": 4
    },
    "2016-09-30": {
        "Diluted EPS": 0.46,
        "Total Revenue": 17,
        "Gross Profit": 16,
        "Operating Income": 6,
        "EBIT": NaN,
        "Net Income": 4
    },
    "2016-06-30": {
        "Diluted EPS": 0.47,
        "Total Revenue": 17,
        "Gross Profit": 16,
        "Operating Income": 6,
        "EBIT": NaN,
        "Net Income": 4
    },
    "2016-03-31": {
        "Diluted EPS": 0.48,
        "Total Revenue": 17,
        "Gross Profit": 16,
        "Operating Income": 6,
        "EBIT": NaN,
        "Net Income": 4
    },
    "2015-12-31": {
        "Diluted EPS": 0.53,
        "Total Revenue": 18,
        "Gross Profit": 16,
        "Operating Income": 7,
        "EBIT": NaN,
        "Net Income": 5
    },
    "2015-09-30": {
        "Diluted EPS": 0.47,
        "Total Revenue": 17,
        "Gross Profit": 15,
        "Operating Income": 6,
        "EBIT": NaN,
        "Net Income": 4
    },
    "2015-06-30": {
        "Diluted EPS": 0.33,
        "Total Revenue": 17,
        "Gross Profit": 16,
        "Operating Income": 5,
        "EBIT": NaN,
        "Net Income": 3
    },
    "2015-03-31": {
        "Diluted EPS": 0.4,
        "Total Revenue": 17,
        "Gross Profit": 16,
        "Operating Income": 5,
        "EBIT": NaN,
        "Net Income": 4
    },
    "2014-12-31": {
        "Diluted EPS": 0.37,
        "Total Revenue": 15,
        "Gross Profit": 13,
        "Operating Income": 5,
        "EBIT": NaN,
        "Net Income": 3
    },
    "2014-09-30": {
        "Diluted EPS": 0.4,
        "Total Revenue": 15,
        "Gross Profit": 13,
        "Operating Income": 5,
        "EBIT": NaN,
        "Net Income": 3
    },
    "2014-06-30": {
        "Diluted EPS": 0.41,
        "Total Revenue": 14,
        "Gross Profit": 13,
        "Operating Income": 5,
        "EBIT": NaN,
        "Net Income": 3
    },
    "2014-03-31": {
        "Diluted EPS": 0.44,
        "Total Revenue": 15,
        "Gross Profit": 13,
        "Operating Income": 5,
        "EBIT": NaN,
        "Net Income": 3
    },
    "2013-12-31": {
        "Diluted EPS": 0.4,
        "Total Revenue": 16,
        "Gross Profit": 14,
        "Operating Income": 4,
        "EBIT": NaN,
        "Net Income": 3
    },
    "2013-09-30": {
        "Diluted EPS": 0.54,
        "Total Revenue": 16,
        "Gross Profit": 14,
        "Operating Income": 6,
        "EBIT": NaN,
        "Net Income": 4
    },
    "2013-06-30": {
        "Diluted EPS": 0.53,
        "Total Revenue": 16,
        "Gross Profit": 14,
        "Operating Income": 6,
        "EBIT": NaN,
        "Net Income": 4
    },
    "2013-03-31": {
        "Diluted EPS": 0.53,
        "Total Revenue": 16,
        "Gross Profit": 14,
        "Operating Income": 6,
        "EBIT": NaN,
        "Net Income": 4
    },
    "2012-12-31": {
        "Diluted EPS": 0.51,
        "Total Revenue": 17,
        "Gross Profit": 15,
        "Operating Income": 5,
        "EBIT": NaN,
        "Net Income": 4
    },
    "2012-09-30": {
        "Diluted EPS": 0.46,
        "Total Revenue": 16,
        "Gross Profit": 14,
        "Operating Income": 5,
        "EBIT": NaN,
        "Net Income": 4
    },
    "2012-06-30": {
        "Diluted EPS": 0.54,
        "Total Revenue": 18,
        "Gross Profit": 16,
        "Operating Income": 6,
        "EBIT": NaN,
        "Net Income": 4
    },
    "2012-03-31": {
        "Diluted EPS": 0.53,
        "Total Revenue": 19,
        "Gross Profit": 16,
        "Operating Income": 6,
        "EBIT": NaN,
        "Net Income": 4
    },
    "2011-12-31": {
        "Diluted EPS": 0.67,
        "Total Revenue": 20,
        "Gross Profit": 17,
        "Operating Income": 7,
        "EBIT": NaN,
        "Net Income": 5
    },
    "2011-09-30": {
        "Diluted EPS": 0.52,
        "Total Revenue": 17,
        "Gross Profit": 15,
        "Operating Income": 6,
        "EBIT": NaN,
        "Net Income": 4
    },
    "2011-06-30": {
        "Diluted EPS": 0.16,
        "Total Revenue": 11,
        "Gross Profit": 9,
        "Operating Income": 2,
        "EBIT": NaN,
        "Net Income": 1
    },
    "2011-03-31": {
        "Diluted EPS": 0.29,
        "Total Revenue": 11,
        "Gross Profit": 9,
        "Operating Income": 3,
        "EBIT": NaN,
        "Net Income": 2
    },
    "2010-12-31": {
        "Diluted EPS": 0.3,
        "Total Revenue": 12,
        "Gross Profit": 10,
        "Operating Income": 3,
        "EBIT": NaN,
        "Net Income": 2
    },
    "2010-09-30": {
        "Diluted EPS": 0.36,
        "Total Revenue": 11,
        "Gross Profit": 9,
        "Operating Income": 3,
        "EBIT": NaN,
        "Net Income": 2
    },
    "2010-06-30": {
        "Diluted EPS": 0.33,
        "Total Revenue": 11,
        "Gross Profit": 9,
        "Operating Income": 3,
        "EBIT": NaN,
        "Net Income": 2
    },
    "2010-03-31": {
        "Diluted EPS": 0.36,
        "Total Revenue": 11,
        "Gross Profit": 9,
        "Operating Income": 3,
        "EBIT": NaN,
        "Net Income": 2
    },
    "2009-12-31": {
        "Diluted EPS": 0.36,
        "Total Revenue": 13,
        "Gross Profit": 10,
        "Operating Income": 5,
        "EBIT": NaN,
        "Net Income": 2
    },
    "2009-09-30": {
        "Diluted EPS": 0.35,
        "Total Revenue": 12,
        "Gross Profit": 9,
        "Operating Income": 3,
        "EBIT": NaN,
        "Net Income": 2
    },
    "2009-06-30": {
        "Diluted EPS": 0.28,
        "Total Revenue": 12,
        "Gross Profit": 9,
        "Operating Income": 2,
        "EBIT": NaN,
        "Net Income": 2
    },
    "2009-03-31": {
        "Diluted EPS": 0.13,
        "Total Revenue": 10,
        "Gross Profit": 7,
        "Operating Income": 1,
        "EBIT": NaN,
        "Net Income": 1
    },
    "2023-09-30": {
        "Tax Effect Of Unusual Items": -411203.2,
        "Tax Rate For Calcs": 0.2416,
        "Total Unusual Items": -1702000.0,
        "Total Unusual Items Excluding Goodwill": -1702000.0,
        "Net Income From Continuing Operation Net Minority Interest": 5788000.0,
        "Reconciled Depreciation": 262000.0,
        "Net Interest Income": 20500000.0,
        "Interest Expense": 10397000.0,
        "Interest Income": 30897000.0,
        "Normalized Income": 7078796.8,
        "Net Income From Continuing And Discontinued Operation": 5788000.0,
        "Diluted Average Shares": 10625709.0,
        "Basic Average Shares": 10625709.0,
        "Diluted EPS": 0.54,
        "Basic EPS": 0.54,
        "Diluted NI Availto Com Stockholders": 5788000.0,
        "Net Income Common Stockholders": 5788000.0,
        "Net Income": 5788000.0,
        "Net Income Including Noncontrolling Interests": 5788000.0,
        "Net Income Continuous Operations": 5788000.0,
        "Tax Provision": 1844000.0,
        "Pretax Income": 7632000.0,
        "Special Income Charges": -1702000.0,
        "Other Special Charges": NaN,
        "Restructuring And Mergern Acquisition": 1702000.0,
        "Gain On Sale Of Security": 453000.0,
        "Depreciation Amortization Depletion Income Statement": 262000.0,
        "Depreciation And Amortization In Income Statement": 262000.0,
        "Amortization": 262000.0,
        "Amortization Of Intangibles Income Statement": 262000.0,
        "Selling General And Administration": 9583000.0,
        "General And Administrative Expense": 9583000.0,
        "Insurance And Claims": 354000.0,
        "Salaries And Wages": 9229000.0,
        "Total Revenue": 25437000.0,
        "Operating Revenue": 25437000.0
    }
}