{
    "2023-03-31": {
        "Tax Effect Of Unusual Items": 0.0,
        "Tax Rate For Calcs": 0.231658,
        "Normalized EBITDA": 17347000.0,
        "Net Income From Continuing Operation Net Minority Interest": 6315000.0,
        "Reconciled Depreciation": 6145000.0,
        "Reconciled Cost Of Revenue": 96579000.0,
        "EBIT": 11202000.0,
        "Net Interest Income": -2983000.0,
        "Interest Expense": 2983000.0,
        "Normalized Income": 6315000.0,
        "Net Income From Continuing And Discontinued Operation": 6315000.0,
        "Total Expenses": 134160000.0,
        "Total Operating Income As Reported": 11389000.0,
        "Diluted Average Shares": 16137000.0,
        "Basic Average Shares": 15872000.0,
        "Diluted EPS": 0.39,
        "Basic EPS": 0.4,
        "Diluted NI Availto Com Stockholders": 6315000.0,
        "Net Income Common Stockholders": 6315000.0,
        "Net Income": 6315000.0,
        "Net Income Including Noncontrolling Interests": 6315000.0,
        "Net Income Continuous Operations": 6315000.0,
        "Tax Provision": 1904000.0,
        "Pretax Income": 8219000.0,
        "Other Income Expense": -187000.0,
        "Other Non Operating Income Expenses": -187000.0,
        "Net Non Operating Interest Income Expense": -2983000.0,
        "Interest Expense Non Operating": 2983000.0,
        "Operating Income": 11389000.0,
        "Operating Expense": 34445000.0,
        "Depreciation Amortization Depletion Income Statement": 3009000.0,
        "Depreciation And Amortization In Income Statement": 3009000.0,
        "Amortization": 3009000.0,
        "Amortization Of Intangibles Income Statement": 3009000.0,
        "Research And Development": 10584000.0,
        "Selling General And Administration": 20852000.0,
        "Selling And Marketing Expense": 6032000.0,
        "General And Administrative Expense": 14820000.0,
        "Other Gand A": 14820000.0,
        "Gross Profit": 45834000.0,
        "Cost Of Revenue": 99715000.0,
        "Total Revenue": 145549000.0,
        "Operating Revenue": 145549000.0
    },
    "2022-12-31": {
        "Tax Effect Of Unusual Items": 0.0,
        "Tax Rate For Calcs": 0.276712,
        "Normalized EBITDA": 14166000.0,
        "Net Income From Continuing Operation Net Minority Interest": 3696000.0,
        "Reconciled Depreciation": 6264000.0,
        "Reconciled Cost Of Revenue": 87120000.0,
        "EBIT": 7902000.0,
        "Net Interest Income": -2792000.0,
        "Interest Expense": 2792000.0,
        "Normalized Income": 3696000.0,
        "Net Income From Continuing And Discontinued Operation": 3696000.0,
        "Total Expenses": 122900000.0,
        "Total Operating Income As Reported": 8176000.0,
        "Diluted Average Shares": NaN,
        "Basic Average Shares": NaN,
        "Diluted EPS": NaN,
        "Basic EPS": NaN,
        "Diluted NI Availto Com Stockholders": 3696000.0,
        "Net Income Common Stockholders": 3696000.0,
        "Net Income": 3696000.0,
        "Net Income Including Noncontrolling Interests": 3696000.0,
        "Net Income Continuous Operations": 3696000.0,
        "Tax Provision": 1414000.0,
        "Pretax Income": 5110000.0,
        "Other Income Expense": -274000.0,
        "Other Non Operating Income Expenses": -274000.0,
        "Net Non Operating Interest Income Expense": -2792000.0,
        "Interest Expense Non Operating": 2792000.0,
        "Operating Income": 8176000.0,
        "Operating Expense": 32552000.0,
        "Depreciation Amortization Depletion Income Statement": 3036000.0,
        "Depreciation And Amortization In Income Statement": 3036000.0,
        "Amortization": 3036000.0,
        "Amortization Of Intangibles Income Statement": 3036000.0,
        "Research And Development": 10537000.0,
        "Selling General And Administration": 18979000.0,
        "Selling And Marketing Expense": 5541000.0,
        "General And Administrative Expense": 13438000.0,
        "Other Gand A": 13438000.0,
        "Gross Profit": 40728000.0,
        "Cost Of Revenue": 90348000.0,
        "Total Revenue": 131076000.0,
        "Operating Revenue": 131076000.0
    },
    "2022-09-30": {
        "Tax Effect Of Unusual Items": 0.0,
        "Tax Rate For Calcs": 0.275,
        "Normalized EBITDA": 18145000.0,
        "Net Income From Continuing Operation Net Minority Interest": 6609000.0,
        "Reconciled Depreciation": 6691000.0,
        "Reconciled Cost Of Revenue": 87471000.0,
        "EBIT": 11454000.0,
        "Net Interest Income": -2337000.0,
        "Interest Expense": 2337000.0,
        "Normalized Income": 6609000.0,
        "Net Income From Continuing And Discontinued Operation": 6609000.0,
        "Total Expenses": 122708000.0,
        "Total Operating Income As Reported": 11697000.0,
        "Diluted Average Shares": 16169000.0,
        "Basic Average Shares": 15661000.0,
        "Diluted EPS": 0.41,
        "Basic EPS": 0.42,
        "Diluted NI Availto Com Stockholders": 6609000.0,
        "Net Income Common Stockholders": 6609000.0,
        "Net Income": 6609000.0,
        "Net Income Including Noncontrolling Interests": 6609000.0,
        "Net Income Continuous Operations": 6609000.0,
        "Tax Provision": 2508000.0,
        "Pretax Income": 9117000.0,
        "Other Income Expense": -243000.0,
        "Other Non Operating Income Expenses": -243000.0,
        "Net Non Operating Interest Income Expense": -2337000.0,
        "Interest Expense Non Operating": 2337000.0,
        "Operating Income": 11697000.0,
        "Operating Expense": 31600000.0,
        "Depreciation Amortization Depletion Income Statement": 3054000.0,
        "Depreciation And Amortization In Income Statement": 3054000.0,
        "Amortization": 3054000.0,
        "Amortization Of Intangibles Income Statement": 3054000.0,
        "Research And Development": 9901000.0,
        "Selling General And Administration": 18645000.0,
        "Selling And Marketing Expense": 5497000.0,
        "General And Administrative Expense": 13148000.0,
        "Other Gand A": 13148000.0,
        "Gross Profit": 43297000.0,
        "Cost Of Revenue": 91108000.0,
        "Total Revenue": 134405000.0,
        "Operating Revenue": 134405000.0
    },
    "2022-06-30": {
        "Tax Effect Of Unusual Items": 0.0,
        "Tax Rate For Calcs": 0.27,
        "Normalized EBITDA": 14671000.0,
        "Net Income From Continuing Operation Net Minority Interest": 4581000.0,
        "Reconciled Depreciation": 6874000.0,
        "Reconciled Cost Of Revenue": 78719000.0,
        "EBIT": 7797000.0,
        "Net Interest Income": -1525000.0,
        "Interest Expense": 1525000.0,
        "Normalized Income": 4581000.0,
        "Net Income From Continuing And Discontinued Operation": 4581000.0,
        "Total Expenses": 115204000.0,
        "Total Operating Income As Reported": 7518000.0,
        "Diluted Average Shares": 15932000.0,
        "Basic Average Shares": 15355000.0,
        "Diluted EPS": 0.29,
        "Basic EPS": 0.3,
        "Diluted NI Availto Com Stockholders": 4581000.0,
        "Net Income Common Stockholders": 4581000.0,
        "Net Income": 4581000.0,
        "Net Income Including Noncontrolling Interests": 4581000.0,
        "Net Income Continuous Operations": 4581000.0,
        "Tax Provision": 1691000.0,
        "Pretax Income": 6272000.0,
        "Other Income Expense": 279000.0,
        "Other Non Operating Income Expenses": 279000.0,
        "Net Non Operating Interest Income Expense": -1525000.0,
        "Interest Expense Non Operating": 1525000.0,
        "Operating Income": 7518000.0,
        "Operating Expense": 32256000.0,
        "Depreciation Amortization Depletion Income Statement": 2645000.0,
        "Depreciation And Amortization In Income Statement": 2645000.0,
        "Amortization": 2645000.0,
        "Amortization Of Intangibles Income Statement": 2645000.0,
        "Research And Development": 11208000.0,
        "Selling General And Administration": 18403000.0,
        "Selling And Marketing Expense": 5808000.0,
        "General And Administrative Expense": 12595000.0,
        "Other Gand A": 12595000.0,
        "Gross Profit": 39774000.0,
        "Cost Of Revenue": 82948000.0,
        "Total Revenue": 122722000.0,
        "Operating Revenue": 122722000.0
    },
    "2023-06-30": {
        "Tax Effect Of Unusual Items": 0.0,
        "Tax Rate For Calcs": 0.239,
        "Normalized EBITDA": 18452000.0,
        "Net Income From Continuing Operation Net Minority Interest": 6769000.0,
        "Reconciled Depreciation": 6390000.0,
        "Reconciled Cost Of Revenue": 97544000.0,
        "EBIT": 12062000.0,
        "Net Interest Income": -3162000.0,
        "Interest Expense": 3162000.0,
        "Normalized Income": 6769000.0,
        "Net Income From Continuing And Discontinued Operation": 6769000.0,
        "Total Expenses": 134749000.0,
        "Total Operating Income As Reported": 12020000.0,
        "Diluted Average Shares": 16219000.0,
        "Basic Average Shares": 15969000.0,
        "Diluted EPS": 0.42,
        "Basic EPS": 0.42,
        "Diluted NI Availto Com Stockholders": 6769000.0,
        "Net Income Common Stockholders": 6769000.0,
        "Net Income": 6769000.0,
        "Net Income Including Noncontrolling Interests": 6769000.0,
        "Net Income Continuous Operations": 6769000.0,
        "Tax Provision": 2131000.0,
        "Pretax Income": 8900000.0,
        "Other Income Expense": 42000.0,
        "Other Non Operating Income Expenses": 42000.0,
        "Net Non Operating Interest Income Expense": -3162000.0,
        "Interest Expense Non Operating": 3162000.0,
        "Operating Income": 12020000.0,
        "Operating Expense": 33957000.0,
        "Depreciation Amortization Depletion Income Statement": 3142000.0,
        "Depreciation And Amortization In Income Statement": 3142000.0,
        "Amortization": 3142000.0,
        "Amortization Of Intangibles Income Statement": 3142000.0,
        "Research And Development": 10352000.0,
        "Selling General And Administration": 20463000.0,
        "Selling And Marketing Expense": 6301000.0,
        "General And Administrative Expense": 14162000.0,
        "Other Gand A": 14162000.0,
        "Gross Profit": 45977000.0,
        "Cost Of Revenue": 100792000.0,
        "Total Revenue": 146769000.0,
        "Operating Revenue": 146769000.0
    },
    "2022-03-31": {
        "Diluted EPS": 0.16,
        "Total Revenue": 115,
        "Gross Profit": 33,
        "Operating Income": 4,
        "EBIT": 10,
        "Net Income": 3
    },
    "2021-12-31": {
        "Diluted EPS": 0.1,
        "Total Revenue": 97,
        "Gross Profit": 28,
        "Operating Income": 4,
        "EBIT": 9,
        "Net Income": 2
    },
    "2021-09-30": {
        "Diluted EPS": 0.41,
        "Total Revenue": 104,
        "Gross Profit": 32,
        "Operating Income": 9,
        "EBIT": 13,
        "Net Income": 6
    },
    "2021-06-30": {
        "Diluted EPS": 0.32,
        "Total Revenue": 102,
        "Gross Profit": 31,
        "Operating Income": 7,
        "EBIT": 11,
        "Net Income": 5
    },
    "2021-03-31": {
        "Diluted EPS": 0.83,
        "Total Revenue": 102,
        "Gross Profit": 30,
        "Operating Income": 7,
        "EBIT": 11,
        "Net Income": 12
    },
    "2020-12-31": {
        "Diluted EPS": 0.19,
        "Total Revenue": 93,
        "Gross Profit": 26,
        "Operating Income": 5,
        "EBIT": 9,
        "Net Income": 3
    },
    "2020-09-30": {
        "Diluted EPS": 0.28,
        "Total Revenue": 95,
        "Gross Profit": 28,
        "Operating Income": 6,
        "EBIT": 11,
        "Net Income": 4
    },
    "2020-06-30": {
        "Diluted EPS": 0.2,
        "Total Revenue": 87,
        "Gross Profit": 26,
        "Operating Income": 5,
        "EBIT": 9,
        "Net Income": 3
    },
    "2020-03-31": {
        "Diluted EPS": 0.28,
        "Total Revenue": 92,
        "Gross Profit": 28,
        "Operating Income": 7,
        "EBIT": 11,
        "Net Income": 4
    },
    "2019-12-31": {
        "Diluted EPS": 0.24,
        "Total Revenue": 88,
        "Gross Profit": 26,
        "Operating Income": 6,
        "EBIT": 10,
        "Net Income": 3
    },
    "2019-09-30": {
        "Diluted EPS": 0.33,
        "Total Revenue": 97,
        "Gross Profit": 30,
        "Operating Income": 9,
        "EBIT": 13,
        "Net Income": 5
    },
    "2019-06-30": {
        "Diluted EPS": 0.31,
        "Total Revenue": 93,
        "Gross Profit": 28,
        "Operating Income": 8,
        "EBIT": 11,
        "Net Income": 4
    },
    "2019-03-31": {
        "Diluted EPS": 0.32,
        "Total Revenue": 94,
        "Gross Profit": 28,
        "Operating Income": 7,
        "EBIT": 11,
        "Net Income": 4
    },
    "2018-12-31": {
        "Diluted EPS": 0.19,
        "Total Revenue": 74,
        "Gross Profit": 22,
        "Operating Income": 3,
        "EBIT": 7,
        "Net Income": 3
    },
    "2018-09-30": {
        "Diluted EPS": 0.35,
        "Total Revenue": 80,
        "Gross Profit": 24,
        "Operating Income": 7,
        "EBIT": 10,
        "Net Income": 5
    },
    "2018-06-30": {
        "Diluted EPS": 0.3,
        "Total Revenue": 80,
        "Gross Profit": 24,
        "Operating Income": 6,
        "EBIT": 9,
        "Net Income": 4
    },
    "2018-03-31": {
        "Diluted EPS": 0.3,
        "Total Revenue": 77,
        "Gross Profit": 23,
        "Operating Income": 6,
        "EBIT": 9,
        "Net Income": 4
    },
    "2017-12-31": {
        "Diluted EPS": 0.01,
        "Total Revenue": 65,
        "Gross Profit": 21,
        "Operating Income": 5,
        "EBIT": 8,
        "Net Income": 0
    },
    "2017-09-30": {
        "Diluted EPS": 0.22,
        "Total Revenue": 65,
        "Gross Profit": 20,
        "Operating Income": 5,
        "EBIT": 8,
        "Net Income": 3
    },
    "2017-06-30": {
        "Diluted EPS": 0.16,
        "Total Revenue": 60,
        "Gross Profit": 18,
        "Operating Income": 4,
        "EBIT": 7,
        "Net Income": 2
    },
    "2017-03-31": {
        "Diluted EPS": 0.19,
        "Total Revenue": 61,
        "Gross Profit": 18,
        "Operating Income": 4,
        "EBIT": 7,
        "Net Income": 3
    },
    "2016-12-31": {
        "Diluted EPS": 0.07,
        "Total Revenue": 55,
        "Gross Profit": 17,
        "Operating Income": 3,
        "EBIT": 5,
        "Net Income": 1
    },
    "2016-09-30": {
        "Diluted EPS": 0.2,
        "Total Revenue": 61,
        "Gross Profit": 18,
        "Operating Income": 5,
        "EBIT": 8,
        "Net Income": 3
    },
    "2016-06-30": {
        "Diluted EPS": 0.23,
        "Total Revenue": 66,
        "Gross Profit": 20,
        "Operating Income": 6,
        "EBIT": 9,
        "Net Income": 3
    },
    "2016-03-31": {
        "Diluted EPS": 0.17,
        "Total Revenue": 64,
        "Gross Profit": 19,
        "Operating Income": 5,
        "EBIT": 7,
        "Net Income": 2
    },
    "2015-12-31": {
        "Diluted EPS": 0.05,
        "Total Revenue": 51,
        "Gross Profit": 14,
        "Operating Income": 3,
        "EBIT": 4,
        "Net Income": 1
    },
    "2015-09-30": {
        "Diluted EPS": 0.31,
        "Total Revenue": 62,
        "Gross Profit": 19,
        "Operating Income": 7,
        "EBIT": 9,
        "Net Income": 4
    },
    "2015-06-30": {
        "Diluted EPS": 0.23,
        "Total Revenue": 60,
        "Gross Profit": 18,
        "Operating Income": 6,
        "EBIT": 8,
        "Net Income": 3
    },
    "2015-03-31": {
        "Diluted EPS": 0.21,
        "Total Revenue": 60,
        "Gross Profit": 18,
        "Operating Income": 6,
        "EBIT": 7,
        "Net Income": 3
    },
    "2014-12-31": {
        "Diluted EPS": 0.35,
        "Total Revenue": 62,
        "Gross Profit": 18,
        "Operating Income": 7,
        "EBIT": 9,
        "Net Income": 5
    },
    "2014-09-30": {
        "Diluted EPS": 0.3,
        "Total Revenue": 65,
        "Gross Profit": 20,
        "Operating Income": 7,
        "EBIT": 9,
        "Net Income": 4
    },
    "2014-06-30": {
        "Diluted EPS": 0.19,
        "Total Revenue": 62,
        "Gross Profit": 19,
        "Operating Income": 5,
        "EBIT": 7,
        "Net Income": 3
    },
    "2014-03-31": {
        "Diluted EPS": 0.16,
        "Total Revenue": 60,
        "Gross Profit": 17,
        "Operating Income": 5,
        "EBIT": 6,
        "Net Income": 2
    },
    "2013-12-31": {
        "Diluted EPS": 0.11,
        "Total Revenue": 50,
        "Gross Profit": 14,
        "Operating Income": 3,
        "EBIT": 5,
        "Net Income": 1
    },
    "2013-09-30": {
        "Diluted EPS": 0.06,
        "Total Revenue": 25,
        "Gross Profit": 7,
        "Operating Income": 1,
        "EBIT": 2,
        "Net Income": 1
    },
    "2013-06-30": {
        "Diluted EPS": 0.06,
        "Total Revenue": 25,
        "Gross Profit": 8,
        "Operating Income": 1,
        "EBIT": 1,
        "Net Income": 1
    },
    "2013-03-31": {
        "Diluted EPS": 0.07,
        "Total Revenue": 25,
        "Gross Profit": 8,
        "Operating Income": 1,
        "EBIT": 2,
        "Net Income": 1
    },
    "2012-12-31": {
        "Diluted EPS": 0.09,
        "Total Revenue": 24,
        "Gross Profit": 7,
        "Operating Income": 1,
        "EBIT": 2,
        "Net Income": 1
    },
    "2012-09-30": {
        "Diluted EPS": 0.1,
        "Total Revenue": 24,
        "Gross Profit": 7,
        "Operating Income": 2,
        "EBIT": 2,
        "Net Income": 1
    },
    "2012-06-30": {
        "Diluted EPS": 0.14,
        "Total Revenue": 27,
        "Gross Profit": 8,
        "Operating Income": 2,
        "EBIT": 3,
        "Net Income": 2
    },
    "2012-03-31": {
        "Diluted EPS": 0.09,
        "Total Revenue": 27,
        "Gross Profit": 8,
        "Operating Income": 2,
        "EBIT": 2,
        "Net Income": 1
    },
    "2011-12-31": {
        "Diluted EPS": 0.21,
        "Total Revenue": 28,
        "Gross Profit": 9,
        "Operating Income": 3,
        "EBIT": 4,
        "Net Income": 3
    },
    "2011-09-30": {
        "Diluted EPS": 0.12,
        "Total Revenue": 27,
        "Gross Profit": 8,
        "Operating Income": 2,
        "EBIT": 3,
        "Net Income": 2
    },
    "2011-06-30": {
        "Diluted EPS": 0.11,
        "Total Revenue": 29,
        "Gross Profit": 9,
        "Operating Income": 2,
        "EBIT": 3,
        "Net Income": 1
    },
    "2011-03-31": {
        "Diluted EPS": 0.09,
        "Total Revenue": 27,
        "Gross Profit": 8,
        "Operating Income": 2,
        "EBIT": 2,
        "Net Income": 1
    },
    "2010-12-31": {
        "Diluted EPS": 0.09,
        "Total Revenue": 21,
        "Gross Profit": 6,
        "Operating Income": 1,
        "EBIT": 2,
        "Net Income": 1
    },
    "2010-09-30": {
        "Diluted EPS": 0.09,
        "Total Revenue": 22,
        "Gross Profit": 7,
        "Operating Income": 2,
        "EBIT": 2,
        "Net Income": 1
    },
    "2010-06-30": {
        "Diluted EPS": 0.06,
        "Total Revenue": 20,
        "Gross Profit": 6,
        "Operating Income": 1,
        "EBIT": 2,
        "Net Income": 1
    },
    "2010-03-31": {
        "Diluted EPS": 0.06,
        "Total Revenue": 17,
        "Gross Profit": 4,
        "Operating Income": 1,
        "EBIT": 1,
        "Net Income": 1
    },
    "2009-12-31": {
        "Diluted EPS": 0.01,
        "Total Revenue": 17,
        "Gross Profit": 4,
        "Operating Income": 0,
        "EBIT": 1,
        "Net Income": 0
    },
    "2009-09-30": {
        "Diluted EPS": 0.03,
        "Total Revenue": 15,
        "Gross Profit": 4,
        "Operating Income": 0,
        "EBIT": 1,
        "Net Income": 0
    },
    "2009-06-30": {
        "Diluted EPS": -1.07,
        "Total Revenue": 14,
        "Gross Profit": 2,
        "Operating Income": -17,
        "EBIT": -16,
        "Net Income": -12
    },
    "2009-03-31": {
        "Diluted EPS": -0.07,
        "Total Revenue": 15,
        "Gross Profit": 3,
        "Operating Income": -1,
        "EBIT": 0,
        "Net Income": -1
    }
}