{
    "2023-03-31": {
        "Tax Effect Of Unusual Items": 0.0,
        "Tax Rate For Calcs": 0.2,
        "Normalized EBITDA": 41363000.0,
        "Net Income From Continuing Operation Net Minority Interest": 26032000.0,
        "Reconciled Depreciation": 7396000.0,
        "Reconciled Cost Of Revenue": 66182000.0,
        "EBITDA": 41363000.0,
        "EBIT": 33967000.0,
        "Net Interest Income": 526000.0,
        "Interest Expense": 398000.0,
        "Interest Income": 924000.0,
        "Normalized Income": 26032000.0,
        "Net Income From Continuing And Discontinued Operation": 26032000.0,
        "Total Expenses": 106589000.0,
        "Total Operating Income As Reported": 33433000.0,
        "Diluted Average Shares": 51970000.0,
        "Basic Average Shares": 48000000.0,
        "Diluted EPS": 0.5,
        "Basic EPS": 0.54,
        "Diluted NI Availto Com Stockholders": 26032000.0,
        "Net Income Common Stockholders": 26032000.0,
        "Net Income": 26032000.0,
        "Minority Interests": NaN,
        "Net Income Including Noncontrolling Interests": 26032000.0,
        "Net Income Continuous Operations": 26032000.0,
        "Earnings From Equity Interest Net Of Tax": -785000.0,
        "Tax Provision": 6752000.0,
        "Pretax Income": 33569000.0,
        "Other Income Expense": -390000.0,
        "Other Non Operating Income Expenses": -390000.0,
        "Net Non Operating Interest Income Expense": 526000.0,
        "Interest Expense Non Operating": 398000.0,
        "Interest Income Non Operating": 924000.0,
        "Operating Income": 33433000.0,
        "Operating Expense": 40407000.0,
        "Research And Development": 19815000.0,
        "Selling General And Administration": 20592000.0,
        "Selling And Marketing Expense": 7109000.0,
        "General And Administrative Expense": 13483000.0,
        "Other Gand A": 13483000.0,
        "Gross Profit": 73840000.0,
        "Cost Of Revenue": 66182000.0,
        "Total Revenue": 140022000.0,
        "Operating Revenue": 140022000.0
    },
    "2022-12-31": {
        "Tax Effect Of Unusual Items": NaN,
        "Tax Rate For Calcs": NaN,
        "Normalized EBITDA": NaN,
        "Net Income From Continuing Operation Net Minority Interest": NaN,
        "Reconciled Depreciation": NaN,
        "Reconciled Cost Of Revenue": NaN,
        "EBITDA": NaN,
        "EBIT": NaN,
        "Net Interest Income": NaN,
        "Interest Expense": NaN,
        "Interest Income": NaN,
        "Normalized Income": NaN,
        "Net Income From Continuing And Discontinued Operation": NaN,
        "Total Expenses": NaN,
        "Total Operating Income As Reported": NaN,
        "Diluted Average Shares": NaN,
        "Basic Average Shares": NaN,
        "Diluted EPS": NaN,
        "Basic EPS": NaN,
        "Diluted NI Availto Com Stockholders": NaN,
        "Net Income Common Stockholders": NaN,
        "Net Income": NaN,
        "Minority Interests": 0.0,
        "Net Income Including Noncontrolling Interests": NaN,
        "Net Income Continuous Operations": NaN,
        "Earnings From Equity Interest Net Of Tax": NaN,
        "Tax Provision": NaN,
        "Pretax Income": NaN,
        "Other Income Expense": NaN,
        "Other Non Operating Income Expenses": NaN,
        "Net Non Operating Interest Income Expense": NaN,
        "Interest Expense Non Operating": NaN,
        "Interest Income Non Operating": NaN,
        "Operating Income": NaN,
        "Operating Expense": NaN,
        "Research And Development": NaN,
        "Selling General And Administration": NaN,
        "Selling And Marketing Expense": NaN,
        "General And Administrative Expense": NaN,
        "Other Gand A": NaN,
        "Gross Profit": NaN,
        "Cost Of Revenue": NaN,
        "Total Revenue": NaN,
        "Operating Revenue": NaN
    },
    "2022-09-30": {
        "Tax Effect Of Unusual Items": NaN,
        "Tax Rate For Calcs": NaN,
        "Normalized EBITDA": NaN,
        "Net Income From Continuing Operation Net Minority Interest": NaN,
        "Reconciled Depreciation": NaN,
        "Reconciled Cost Of Revenue": NaN,
        "EBITDA": NaN,
        "EBIT": NaN,
        "Net Interest Income": NaN,
        "Interest Expense": NaN,
        "Interest Income": NaN,
        "Normalized Income": NaN,
        "Net Income From Continuing And Discontinued Operation": NaN,
        "Total Expenses": NaN,
        "Total Operating Income As Reported": NaN,
        "Diluted Average Shares": NaN,
        "Basic Average Shares": NaN,
        "Diluted EPS": NaN,
        "Basic EPS": NaN,
        "Diluted NI Availto Com Stockholders": NaN,
        "Net Income Common Stockholders": NaN,
        "Net Income": NaN,
        "Minority Interests": 0.0,
        "Net Income Including Noncontrolling Interests": NaN,
        "Net Income Continuous Operations": NaN,
        "Earnings From Equity Interest Net Of Tax": NaN,
        "Tax Provision": NaN,
        "Pretax Income": NaN,
        "Other Income Expense": NaN,
        "Other Non Operating Income Expenses": NaN,
        "Net Non Operating Interest Income Expense": NaN,
        "Interest Expense Non Operating": NaN,
        "Interest Income Non Operating": NaN,
        "Operating Income": NaN,
        "Operating Expense": NaN,
        "Research And Development": NaN,
        "Selling General And Administration": NaN,
        "Selling And Marketing Expense": NaN,
        "General And Administrative Expense": NaN,
        "Other Gand A": NaN,
        "Gross Profit": NaN,
        "Cost Of Revenue": NaN,
        "Total Revenue": NaN,
        "Operating Revenue": NaN
    },
    "2022-06-30": {
        "Tax Effect Of Unusual Items": 0.0,
        "Tax Rate For Calcs": 0.239774,
        "Normalized EBITDA": 24823000.0,
        "Net Income From Continuing Operation Net Minority Interest": 17346000.0,
        "Reconciled Depreciation": 7021000.0,
        "Reconciled Cost Of Revenue": 60111000.0,
        "EBITDA": 24823000.0,
        "EBIT": 24823000.0,
        "Net Interest Income": -168000.0,
        "Interest Expense": 397000.0,
        "Interest Income": 229000.0,
        "Normalized Income": 17346000.0,
        "Net Income From Continuing And Discontinued Operation": 17346000.0,
        "Total Expenses": 98644000.0,
        "Total Operating Income As Reported": 24823000.0,
        "Diluted Average Shares": 53227000.0,
        "Basic Average Shares": 48864000.0,
        "Diluted EPS": 0.33,
        "Basic EPS": 0.35,
        "Diluted NI Availto Com Stockholders": 17346000.0,
        "Net Income Common Stockholders": 17346000.0,
        "Net Income": 17346000.0,
        "Minority Interests": 0.0,
        "Net Income Including Noncontrolling Interests": 17346000.0,
        "Net Income Continuous Operations": 17346000.0,
        "Earnings From Equity Interest Net Of Tax": -254000.0,
        "Tax Provision": 5551000.0,
        "Pretax Income": 23151000.0,
        "Other Income Expense": -1672000.0,
        "Other Non Operating Income Expenses": -1672000.0,
        "Net Non Operating Interest Income Expense": -168000.0,
        "Interest Expense Non Operating": 397000.0,
        "Interest Income Non Operating": 229000.0,
        "Operating Income": 24823000.0,
        "Operating Expense": 38533000.0,
        "Research And Development": 22798000.0,
        "Selling General And Administration": 15735000.0,
        "Selling And Marketing Expense": 5756000.0,
        "General And Administrative Expense": 9979000.0,
        "Other Gand A": 9979000.0,
        "Gross Profit": 63356000.0,
        "Cost Of Revenue": 60111000.0,
        "Total Revenue": 123467000.0,
        "Operating Revenue": 123467000.0
    },
    "2022-03-31": {
        "Diluted EPS": 0.47,
        "Total Revenue": 120,
        "Gross Profit": 56,
        "Operating Income": 22,
        "EBIT": 28,
        "Net Income": 24
    },
    "2021-12-31": {
        "Diluted EPS": 0.4,
        "Total Revenue": 121,
        "Gross Profit": 56,
        "Operating Income": 24,
        "EBIT": 30,
        "Net Income": 20
    },
    "2021-09-30": {
        "Diluted EPS": 0.59,
        "Total Revenue": 112,
        "Gross Profit": 51,
        "Operating Income": 25,
        "EBIT": 30,
        "Net Income": 30
    },
    "2021-06-30": {
        "Diluted EPS": 0.16,
        "Total Revenue": 102,
        "Gross Profit": 47,
        "Operating Income": 11,
        "EBIT": 17,
        "Net Income": 8
    },
    "2021-03-31": {
        "Diluted EPS": 0.1,
        "Total Revenue": 103,
        "Gross Profit": 45,
        "Operating Income": 10,
        "EBIT": 16,
        "Net Income": 5
    },
    "2020-12-31": {
        "Diluted EPS": -0.13,
        "Total Revenue": 96,
        "Gross Profit": 37,
        "Operating Income": 3,
        "EBIT": 9,
        "Net Income": -6
    },
    "2020-09-30": {
        "Diluted EPS": 0.08,
        "Total Revenue": 83,
        "Gross Profit": 37,
        "Operating Income": 4,
        "EBIT": 9,
        "Net Income": 4
    },
    "2020-06-30": {
        "Diluted EPS": 0.0,
        "Total Revenue": 86,
        "Gross Profit": 33,
        "Operating Income": -3,
        "EBIT": 2,
        "Net Income": 0
    },
    "2020-03-31": {
        "Diluted EPS": 0.08,
        "Total Revenue": 85,
        "Gross Profit": 37,
        "Operating Income": 7,
        "EBIT": 12,
        "Net Income": 4
    },
    "2019-12-31": {
        "Diluted EPS": -0.03,
        "Total Revenue": 83,
        "Gross Profit": 33,
        "Operating Income": 0,
        "EBIT": 5,
        "Net Income": -1
    },
    "2019-09-30": {
        "Diluted EPS": 0.03,
        "Total Revenue": 80,
        "Gross Profit": 35,
        "Operating Income": 2,
        "EBIT": 7,
        "Net Income": 1
    },
    "2019-06-30": {
        "Diluted EPS": 0.96,
        "Total Revenue": 79,
        "Gross Profit": 32,
        "Operating Income": 1,
        "EBIT": 5,
        "Net Income": 48
    },
    "2019-03-31": {
        "Diluted EPS": 0.02,
        "Total Revenue": 80,
        "Gross Profit": 31,
        "Operating Income": -3,
        "EBIT": 1,
        "Net Income": 1
    },
    "2018-12-31": {
        "Diluted EPS": 0.04,
        "Total Revenue": 90,
        "Gross Profit": 35,
        "Operating Income": 2,
        "EBIT": 6,
        "Net Income": 2
    },
    "2018-09-30": {
        "Diluted EPS": 0.05,
        "Total Revenue": 76,
        "Gross Profit": 29,
        "Operating Income": 3,
        "EBIT": 7,
        "Net Income": 2
    },
    "2018-06-30": {
        "Diluted EPS": -0.06,
        "Total Revenue": 71,
        "Gross Profit": 26,
        "Operating Income": -3,
        "EBIT": 1,
        "Net Income": -3
    },
    "2018-03-31": {
        "Diluted EPS": -0.15,
        "Total Revenue": 58,
        "Gross Profit": 17,
        "Operating Income": -10,
        "EBIT": -6,
        "Net Income": -7
    },
    "2017-12-31": {
        "Diluted EPS": 0.02,
        "Total Revenue": 60,
        "Gross Profit": 20,
        "Operating Income": -2,
        "EBIT": 2,
        "Net Income": 1
    },
    "2017-09-30": {
        "Diluted EPS": 0.0,
        "Total Revenue": 58,
        "Gross Profit": 21,
        "Operating Income": -3,
        "EBIT": 1,
        "Net Income": 0
    },
    "2017-06-30": {
        "Diluted EPS": 0.04,
        "Total Revenue": 65,
        "Gross Profit": 27,
        "Operating Income": 2,
        "EBIT": 6,
        "Net Income": 2
    },
    "2017-03-31": {
        "Diluted EPS": 0.02,
        "Total Revenue": 57,
        "Gross Profit": 23,
        "Operating Income": 1,
        "EBIT": 5,
        "Net Income": 1
    },
    "2016-12-31": {
        "Diluted EPS": -0.07,
        "Total Revenue": 64,
        "Gross Profit": 20,
        "Operating Income": -5,
        "EBIT": -1,
        "Net Income": -3
    },
    "2016-09-30": {
        "Diluted EPS": 0.08,
        "Total Revenue": 64,
        "Gross Profit": 28,
        "Operating Income": 6,
        "EBIT": 10,
        "Net Income": 4
    },
    "2016-06-30": {
        "Diluted EPS": 0.15,
        "Total Revenue": 68,
        "Gross Profit": 32,
        "Operating Income": 10,
        "EBIT": 14,
        "Net Income": 7
    },
    "2016-03-31": {
        "Diluted EPS": 0.05,
        "Total Revenue": 59,
        "Gross Profit": 25,
        "Operating Income": 4,
        "EBIT": 8,
        "Net Income": 2
    },
    "2015-12-31": {
        "Diluted EPS": 0.17,
        "Total Revenue": 77,
        "Gross Profit": 33,
        "Operating Income": 14,
        "EBIT": 18,
        "Net Income": 8
    },
    "2015-09-30": {
        "Diluted EPS": -0.07,
        "Total Revenue": 64,
        "Gross Profit": 18,
        "Operating Income": -4,
        "EBIT": 0,
        "Net Income": -3
    },
    "2015-06-30": {
        "Diluted EPS": -0.15,
        "Total Revenue": 54,
        "Gross Profit": 13,
        "Operating Income": -10,
        "EBIT": -7,
        "Net Income": -7
    },
    "2015-03-31": {
        "Diluted EPS": -0.01,
        "Total Revenue": 57,
        "Gross Profit": 13,
        "Operating Income": -7,
        "EBIT": -4,
        "Net Income": -1
    },
    "2014-12-31": {
        "Diluted EPS": -0.06,
        "Total Revenue": 56,
        "Gross Profit": 12,
        "Operating Income": -7,
        "EBIT": -3,
        "Net Income": -3
    },
    "2014-09-30": {
        "Diluted EPS": -0.12,
        "Total Revenue": 60,
        "Gross Profit": 12,
        "Operating Income": -8,
        "EBIT": -4,
        "Net Income": -5
    },
    "2014-06-30": {
        "Diluted EPS": -0.03,
        "Total Revenue": 49,
        "Gross Profit": 15,
        "Operating Income": -1,
        "EBIT": 2,
        "Net Income": -1
    },
    "2014-03-31": {
        "Diluted EPS": -0.04,
        "Total Revenue": 46,
        "Gross Profit": 13,
        "Operating Income": -2,
        "EBIT": 1,
        "Net Income": -2
    },
    "2013-12-31": {
        "Diluted EPS": 0.05,
        "Total Revenue": 55,
        "Gross Profit": 20,
        "Operating Income": 3,
        "EBIT": 6,
        "Net Income": 2
    },
    "2013-09-30": {
        "Diluted EPS": 0.0,
        "Total Revenue": 59,
        "Gross Profit": 20,
        "Operating Income": 0,
        "EBIT": 3,
        "Net Income": 0
    },
    "2013-06-30": {
        "Diluted EPS": 0.2,
        "Total Revenue": 63,
        "Gross Profit": 27,
        "Operating Income": 12,
        "EBIT": 15,
        "Net Income": 8
    },
    "2013-03-31": {
        "Diluted EPS": 0.06,
        "Total Revenue": 53,
        "Gross Profit": 20,
        "Operating Income": 2,
        "EBIT": 5,
        "Net Income": 2
    },
    "2012-12-31": {
        "Diluted EPS": 0.11,
        "Total Revenue": 52,
        "Gross Profit": 52,
        "Operating Income": 52,
        "EBIT": 52,
        "Net Income": 4
    },
    "2012-09-30": {
        "Diluted EPS": 0.08,
        "Total Revenue": 57,
        "Gross Profit": 57,
        "Operating Income": 57,
        "EBIT": 57,
        "Net Income": 3
    },
    "2012-06-30": {
        "Diluted EPS": 0.13,
        "Total Revenue": 49,
        "Gross Profit": 49,
        "Operating Income": 49,
        "EBIT": 49,
        "Net Income": 5
    },
    "2012-03-31": {
        "Diluted EPS": 0.14,
        "Total Revenue": 46,
        "Gross Profit": 46,
        "Operating Income": 46,
        "EBIT": 46,
        "Net Income": 6
    },
    "2011-12-31": {
        "Diluted EPS": 0.0,
        "Total Revenue": NaN,
        "Gross Profit": NaN,
        "Operating Income": NaN,
        "EBIT": NaN,
        "Net Income": NaN
    },
    "2023-06-30": {
        "Tax Effect Of Unusual Items": 0.0,
        "Tax Rate For Calcs": 0.194556,
        "Normalized EBITDA": 43431000.0,
        "Net Income From Continuing Operation Net Minority Interest": 26124000.0,
        "Reconciled Depreciation": 7021000.0,
        "Reconciled Cost Of Revenue": 72974000.0,
        "EBITDA": 43431000.0,
        "EBIT": 36410000.0,
        "Net Interest Income": -2572000.0,
        "Interest Expense": 3602000.0,
        "Interest Income": 1030000.0,
        "Normalized Income": 26124000.0,
        "Net Income From Continuing And Discontinued Operation": 26124000.0,
        "Total Expenses": 108816000.0,
        "Total Operating Income As Reported": 36896000.0,
        "Diluted Average Shares": 53102000.0,
        "Basic Average Shares": 48404000.0,
        "Diluted EPS": 0.49,
        "Basic EPS": 0.54,
        "Diluted NI Availto Com Stockholders": 26124000.0,
        "Net Income Common Stockholders": 26124000.0,
        "Net Income": 26124000.0,
        "Net Income Including Noncontrolling Interests": 26124000.0,
        "Net Income Continuous Operations": 26124000.0,
        "Earnings From Equity Interest Net Of Tax": -301000.0,
        "Tax Provision": 6383000.0,
        "Pretax Income": 32808000.0,
        "Other Income Expense": -1516000.0,
        "Other Non Operating Income Expenses": -1516000.0,
        "Net Non Operating Interest Income Expense": -2572000.0,
        "Interest Expense Non Operating": 3602000.0,
        "Interest Income Non Operating": 1030000.0,
        "Operating Income": 36896000.0,
        "Operating Expense": 35842000.0,
        "Research And Development": 16843000.0,
        "Selling General And Administration": 18999000.0,
        "Selling And Marketing Expense": 6718000.0,
        "General And Administrative Expense": 12281000.0,
        "Other Gand A": 12281000.0,
        "Gross Profit": 72738000.0,
        "Cost Of Revenue": 72974000.0,
        "Total Revenue": 145712000.0,
        "Operating Revenue": 145712000.0
    },
    "2023-09-30": {
        "Tax Effect Of Unusual Items": 0.0,
        "Tax Rate For Calcs": 0.220391,
        "Normalized EBITDA": 90910000.0,
        "Net Income From Continuing Operation Net Minority Interest": 49222000.0,
        "Reconciled Depreciation": 13571000.0,
        "Reconciled Cost Of Revenue": 72153000.0,
        "EBITDA": 90910000.0,
        "EBIT": 77339000.0,
        "Net Interest Income": -12500000.0,
        "Interest Expense": 13702000.0,
        "Interest Income": 1202000.0,
        "Normalized Income": 49222000.0,
        "Net Income From Continuing And Discontinued Operation": 49222000.0,
        "Total Expenses": 107878000.0,
        "Total Operating Income As Reported": 72678000.0,
        "Diluted Average Shares": 53921000.0,
        "Basic Average Shares": 48701000.0,
        "Diluted EPS": 0.91,
        "Basic EPS": 1.01,
        "Diluted NI Availto Com Stockholders": 49222000.0,
        "Net Income Common Stockholders": 49222000.0,
        "Net Income": 49222000.0,
        "Net Income Including Noncontrolling Interests": 49222000.0,
        "Net Income Continuous Operations": 49222000.0,
        "Earnings From Equity Interest Net Of Tax": -390000.0,
        "Tax Provision": 14025000.0,
        "Pretax Income": 63637000.0,
        "Other Income Expense": 3459000.0,
        "Other Non Operating Income Expenses": 3459000.0,
        "Net Non Operating Interest Income Expense": -12500000.0,
        "Interest Expense Non Operating": 13702000.0,
        "Interest Income Non Operating": 1202000.0,
        "Operating Income": 72678000.0,
        "Operating Expense": 35725000.0,
        "Research And Development": 16664000.0,
        "Selling General And Administration": 19061000.0,
        "Selling And Marketing Expense": 6407000.0,
        "General And Administrative Expense": 12654000.0,
        "Other Gand A": 12654000.0,
        "Gross Profit": 108403000.0,
        "Cost Of Revenue": 72153000.0,
        "Total Revenue": 180556000.0,
        "Operating Revenue": 151855000.0
    },
    "2023-12-31": {
        "Tax Effect Of Unusual Items": 0.0,
        "Tax Rate For Calcs": 0.113025,
        "Normalized EBITDA": 64590000.0,
        "Net Income From Continuing Operation Net Minority Interest": 36167000.0,
        "Reconciled Depreciation": 13789000.0,
        "Reconciled Cost Of Revenue": 81965000.0,
        "EBITDA": 64590000.0,
        "EBIT": 50801000.0,
        "Net Interest Income": -7153000.0,
        "Interest Expense": 9456000.0,
        "Interest Income": 2303000.0,
        "Normalized Income": 36167000.0,
        "Net Income From Continuing And Discontinued Operation": 36167000.0,
        "Total Expenses": 124125000.0,
        "Total Operating Income As Reported": 53980000.0,
        "Diluted Average Shares": 53014000.0,
        "Basic Average Shares": 47957000.0,
        "Diluted EPS": 0.68,
        "Basic EPS": 0.75,
        "Diluted NI Availto Com Stockholders": 36167000.0,
        "Net Income Common Stockholders": 36167000.0,
        "Net Income": 36167000.0,
        "Net Income Including Noncontrolling Interests": 36167000.0,
        "Net Income Continuous Operations": 36167000.0,
        "Earnings From Equity Interest Net Of Tax": -505000.0,
        "Tax Provision": 4673000.0,
        "Pretax Income": 41345000.0,
        "Other Income Expense": -5482000.0,
        "Other Non Operating Income Expenses": -5482000.0,
        "Net Non Operating Interest Income Expense": -7153000.0,
        "Interest Expense Non Operating": 9456000.0,
        "Interest Income Non Operating": 2303000.0,
        "Operating Income": 53980000.0,
        "Operating Expense": 42160000.0,
        "Research And Development": 20419000.0,
        "Selling General And Administration": 21741000.0,
        "Selling And Marketing Expense": 8619000.0,
        "General And Administrative Expense": 13122000.0,
        "Other Gand A": 13122000.0,
        "Gross Profit": 96140000.0,
        "Cost Of Revenue": 81965000.0,
        "Total Revenue": 178105000.0,
        "Operating Revenue": 155649000.0
    },
    "2024-03-31": {
        "Tax Effect Of Unusual Items": 0.0,
        "Tax Rate For Calcs": 0.09,
        "Normalized EBITDA": 70450000.0,
        "Net Income From Continuing Operation Net Minority Interest": 43177000.0,
        "Reconciled Depreciation": 13963000.0,
        "Reconciled Cost Of Revenue": 81736000.0,
        "EBITDA": 70450000.0,
        "EBIT": 56487000.0,
        "Net Interest Income": -6055000.0,
        "Interest Expense": 8611000.0,
        "Interest Income": 2556000.0,
        "Normalized Income": 43177000.0,
        "Net Income From Continuing And Discontinued Operation": 43177000.0,
        "Total Expenses": 123826000.0,
        "Total Operating Income As Reported": 48010000.0,
        "Diluted Average Shares": 53013000.0,
        "Basic Average Shares": 48212000.0,
        "Diluted EPS": 0.81,
        "Basic EPS": 0.9,
        "Diluted NI Availto Com Stockholders": 43177000.0,
        "Net Income Common Stockholders": 43177000.0,
        "Net Income": 43177000.0,
        "Net Income Including Noncontrolling Interests": 43177000.0,
        "Net Income Continuous Operations": 43177000.0,
        "Earnings From Equity Interest Net Of Tax": -573000.0,
        "Tax Provision": 4126000.0,
        "Pretax Income": 47876000.0,
        "Other Income Expense": 5921000.0,
        "Other Non Operating Income Expenses": 5921000.0,
        "Net Non Operating Interest Income Expense": -6055000.0,
        "Interest Expense Non Operating": 8611000.0,
        "Interest Income Non Operating": 2556000.0,
        "Operating Income": 48010000.0,
        "Operating Expense": 42090000.0,
        "Research And Development": 17043000.0,
        "Selling General And Administration": 25047000.0,
        "Selling And Marketing Expense": 9371000.0,
        "General And Administrative Expense": 15676000.0,
        "Other Gand A": 15676000.0,
        "Gross Profit": 90100000.0,
        "Cost Of Revenue": 81736000.0,
        "Total Revenue": 171836000.0,
        "Operating Revenue": 157629000.0
    },
    "2024-06-30": {
        "Tax Effect Of Unusual Items": 0.0,
        "Tax Rate For Calcs": 0.24,
        "Normalized EBITDA": 72997000.0,
        "Net Income From Continuing Operation Net Minority Interest": 37949000.0,
        "Reconciled Depreciation": 14145000.0,
        "Reconciled Cost Of Revenue": 87228000.0,
        "EBITDA": 72997000.0,
        "EBIT": 58852000.0,
        "Net Interest Income": -5272000.0,
        "Interest Expense": 8609000.0,
        "Interest Income": 3337000.0,
        "Normalized Income": 37949000.0,
        "Net Income From Continuing And Discontinued Operation": 37949000.0,
        "Total Expenses": 127177000.0,
        "Total Operating Income As Reported": 55217000.0,
        "Diluted Average Shares": 52046000.0,
        "Basic Average Shares": 48907000.0,
        "Diluted EPS": 0.73,
        "Basic EPS": 0.77,
        "Diluted NI Availto Com Stockholders": 37949000.0,
        "Net Income Common Stockholders": 37949000.0,
        "Net Income": 37949000.0,
        "Net Income Including Noncontrolling Interests": 37949000.0,
        "Net Income Continuous Operations": 37949000.0,
        "Earnings From Equity Interest Net Of Tax": 0.0,
        "Tax Provision": 12294000.0,
        "Pretax Income": 50243000.0,
        "Other Income Expense": 298000.0,
        "Other Non Operating Income Expenses": 298000.0,
        "Net Non Operating Interest Income Expense": -5272000.0,
        "Interest Expense Non Operating": 8609000.0,
        "Interest Income Non Operating": 3337000.0,
        "Operating Income": 55217000.0,
        "Operating Expense": 39949000.0,
        "Research And Development": 17652000.0,
        "Selling General And Administration": 22297000.0,
        "Selling And Marketing Expense": 9012000.0,
        "General And Administrative Expense": 13285000.0,
        "Other Gand A": 13285000.0,
        "Gross Profit": 95166000.0,
        "Cost Of Revenue": 87228000.0,
        "Total Revenue": 182394000.0,
        "Operating Revenue": 179388000.0
    },
    "2024-09-30": {
        "Tax Effect Of Unusual Items": 0.0,
        "Tax Rate For Calcs": 0.15213,
        "Normalized EBITDA": 68814000.0,
        "Net Income From Continuing Operation Net Minority Interest": 40429000.0,
        "Reconciled Depreciation": 14433000.0,
        "Reconciled Cost Of Revenue": 89273000.0,
        "EBITDA": 68814000.0,
        "EBIT": 54381000.0,
        "Net Interest Income": -4271000.0,
        "Interest Expense": 6698000.0,
        "Interest Income": 2427000.0,
        "Normalized Income": 40429000.0,
        "Net Income From Continuing And Discontinued Operation": 40429000.0,
        "Total Expenses": 134166000.0,
        "Total Operating Income As Reported": 57048000.0,
        "Diluted Average Shares": 51862000.0,
        "Basic Average Shares": 48621000.0,
        "Diluted EPS": 0.78,
        "Basic EPS": 0.83,
        "Diluted NI Availto Com Stockholders": 40429000.0,
        "Net Income Common Stockholders": 40429000.0,
        "Net Income": 40429000.0,
        "Net Income Including Noncontrolling Interests": 40429000.0,
        "Net Income Continuous Operations": 40429000.0,
        "Earnings From Equity Interest Net Of Tax": 0.0,
        "Tax Provision": 7254000.0,
        "Pretax Income": 47683000.0,
        "Other Income Expense": -5094000.0,
        "Other Non Operating Income Expenses": -5094000.0,
        "Net Non Operating Interest Income Expense": -4271000.0,
        "Interest Expense Non Operating": 6698000.0,
        "Interest Income Non Operating": 2427000.0,
        "Operating Income": 57048000.0,
        "Operating Expense": 44893000.0,
        "Research And Development": 21077000.0,
        "Selling General And Administration": 23816000.0,
        "Selling And Marketing Expense": 8995000.0,
        "General And Administrative Expense": 14821000.0,
        "Other Gand A": 14821000.0,
        "Gross Profit": 101941000.0,
        "Cost Of Revenue": 89273000.0,
        "Total Revenue": 191214000.0,
        "Operating Revenue": 188819000.0
    }
}