{
    "2023-03-31": {
        "Tax Effect Of Unusual Items": NaN,
        "Tax Rate For Calcs": NaN,
        "Normalized EBITDA": NaN,
        "Total Unusual Items": NaN,
        "Total Unusual Items Excluding Goodwill": NaN,
        "Net Income From Continuing Operation Net Minority Interest": NaN,
        "Reconciled Depreciation": NaN,
        "Reconciled Cost Of Revenue": NaN,
        "EBITDA": NaN,
        "EBIT": NaN,
        "Normalized Income": NaN,
        "Net Income From Continuing And Discontinued Operation": NaN,
        "Total Expenses": NaN,
        "Diluted Average Shares": 114369000.0,
        "Basic Average Shares": 114369000.0,
        "Diluted EPS": -0.23,
        "Basic EPS": -0.23,
        "Diluted NI Availto Com Stockholders": NaN,
        "Net Income Common Stockholders": NaN,
        "Net Income": NaN,
        "Net Income Including Noncontrolling Interests": NaN,
        "Net Income Continuous Operations": NaN,
        "Tax Provision": NaN,
        "Pretax Income": NaN,
        "Other Income Expense": NaN,
        "Other Non Operating Income Expenses": NaN,
        "Special Income Charges": NaN,
        "Restructuring And Mergern Acquisition": NaN,
        "Operating Income": NaN,
        "Operating Expense": NaN,
        "Research And Development": NaN,
        "Selling General And Administration": NaN,
        "Selling And Marketing Expense": NaN,
        "General And Administrative Expense": NaN,
        "Other Gand A": NaN,
        "Gross Profit": NaN,
        "Cost Of Revenue": NaN,
        "Total Revenue": NaN,
        "Operating Revenue": NaN
    },
    "2022-12-31": {
        "Tax Effect Of Unusual Items": NaN,
        "Tax Rate For Calcs": NaN,
        "Normalized EBITDA": NaN,
        "Total Unusual Items": NaN,
        "Total Unusual Items Excluding Goodwill": NaN,
        "Net Income From Continuing Operation Net Minority Interest": NaN,
        "Reconciled Depreciation": NaN,
        "Reconciled Cost Of Revenue": NaN,
        "EBITDA": NaN,
        "EBIT": NaN,
        "Normalized Income": NaN,
        "Net Income From Continuing And Discontinued Operation": NaN,
        "Total Expenses": NaN,
        "Diluted Average Shares": 113104000.0,
        "Basic Average Shares": 113104000.0,
        "Diluted EPS": -0.21,
        "Basic EPS": -0.21,
        "Diluted NI Availto Com Stockholders": NaN,
        "Net Income Common Stockholders": NaN,
        "Net Income": NaN,
        "Net Income Including Noncontrolling Interests": NaN,
        "Net Income Continuous Operations": NaN,
        "Tax Provision": NaN,
        "Pretax Income": NaN,
        "Other Income Expense": NaN,
        "Other Non Operating Income Expenses": NaN,
        "Special Income Charges": NaN,
        "Restructuring And Mergern Acquisition": NaN,
        "Operating Income": NaN,
        "Operating Expense": NaN,
        "Research And Development": NaN,
        "Selling General And Administration": NaN,
        "Selling And Marketing Expense": NaN,
        "General And Administrative Expense": NaN,
        "Other Gand A": NaN,
        "Gross Profit": NaN,
        "Cost Of Revenue": NaN,
        "Total Revenue": NaN,
        "Operating Revenue": NaN
    },
    "2022-09-30": {
        "Tax Effect Of Unusual Items": NaN,
        "Tax Rate For Calcs": NaN,
        "Normalized EBITDA": NaN,
        "Total Unusual Items": 0.0,
        "Total Unusual Items Excluding Goodwill": 0.0,
        "Net Income From Continuing Operation Net Minority Interest": NaN,
        "Reconciled Depreciation": NaN,
        "Reconciled Cost Of Revenue": NaN,
        "EBITDA": NaN,
        "EBIT": NaN,
        "Normalized Income": NaN,
        "Net Income From Continuing And Discontinued Operation": NaN,
        "Total Expenses": NaN,
        "Diluted Average Shares": NaN,
        "Basic Average Shares": NaN,
        "Diluted EPS": NaN,
        "Basic EPS": NaN,
        "Diluted NI Availto Com Stockholders": NaN,
        "Net Income Common Stockholders": NaN,
        "Net Income": NaN,
        "Net Income Including Noncontrolling Interests": NaN,
        "Net Income Continuous Operations": NaN,
        "Tax Provision": NaN,
        "Pretax Income": NaN,
        "Other Income Expense": NaN,
        "Other Non Operating Income Expenses": NaN,
        "Special Income Charges": 0.0,
        "Restructuring And Mergern Acquisition": 0.0,
        "Operating Income": NaN,
        "Operating Expense": NaN,
        "Research And Development": NaN,
        "Selling General And Administration": NaN,
        "Selling And Marketing Expense": NaN,
        "General And Administrative Expense": NaN,
        "Other Gand A": NaN,
        "Gross Profit": NaN,
        "Cost Of Revenue": NaN,
        "Total Revenue": NaN,
        "Operating Revenue": NaN
    },
    "2022-06-30": {
        "Tax Effect Of Unusual Items": 0.0,
        "Tax Rate For Calcs": 0.4,
        "Normalized EBITDA": -23574000.0,
        "Total Unusual Items": NaN,
        "Total Unusual Items Excluding Goodwill": NaN,
        "Net Income From Continuing Operation Net Minority Interest": -24568000.0,
        "Reconciled Depreciation": 1009000.0,
        "Reconciled Cost Of Revenue": 17060000.0,
        "EBITDA": -23574000.0,
        "EBIT": -24583000.0,
        "Normalized Income": -24568000.0,
        "Net Income From Continuing And Discontinued Operation": -24568000.0,
        "Total Expenses": 82713000.0,
        "Total Operating Income As Reported": -24583000.0,
        "Diluted Average Shares": 111036000.0,
        "Basic Average Shares": 111036000.0,
        "Diluted EPS": -0.22,
        "Basic EPS": -0.22,
        "Diluted NI Availto Com Stockholders": -24568000.0,
        "Net Income Common Stockholders": -24568000.0,
        "Net Income": -24568000.0,
        "Net Income Including Noncontrolling Interests": -24568000.0,
        "Net Income Continuous Operations": -24568000.0,
        "Tax Provision": 278000.0,
        "Pretax Income": -24290000.0,
        "Other Income Expense": 293000.0,
        "Other Non Operating Income Expenses": 293000.0,
        "Special Income Charges": NaN,
        "Restructuring And Mergern Acquisition": NaN,
        "Operating Income": -24583000.0,
        "Operating Expense": 65653000.0,
        "Research And Development": 20306000.0,
        "Selling General And Administration": 45347000.0,
        "Selling And Marketing Expense": 34135000.0,
        "General And Administrative Expense": 11212000.0,
        "Other Gand A": 11212000.0,
        "Gross Profit": 41070000.0,
        "Cost Of Revenue": 17060000.0,
        "Total Revenue": 58130000.0,
        "Operating Revenue": 58130000.0
    },
    "2022-03-31": {
        "Diluted EPS": -0.2,
        "Total Revenue": 53,
        "Gross Profit": 37,
        "Operating Income": -22,
        "EBIT": -21,
        "Net Income": -22
    },
    "2021-12-31": {
        "Diluted EPS": 0.04,
        "Total Revenue": 49,
        "Gross Profit": 34,
        "Operating Income": -21,
        "EBIT": -21,
        "Net Income": -22
    },
    "2021-09-30": {
        "Diluted EPS": -0.93,
        "Total Revenue": 45,
        "Gross Profit": 31,
        "Operating Income": -37,
        "EBIT": -36,
        "Net Income": -37
    },
    "2021-06-30": {
        "Diluted EPS": -0.34,
        "Total Revenue": 39,
        "Gross Profit": 27,
        "Operating Income": -10,
        "EBIT": -9,
        "Net Income": -10
    },
    "2021-03-31": {
        "Diluted EPS": -0.23,
        "Total Revenue": 33,
        "Gross Profit": 23,
        "Operating Income": -6,
        "EBIT": -6,
        "Net Income": -6
    },
    "2020-12-31": {
        "Diluted EPS": 0.0,
        "Total Revenue": NaN,
        "Gross Profit": NaN,
        "Operating Income": NaN,
        "EBIT": NaN,
        "Net Income": NaN
    },
    "2020-09-30": {
        "Diluted EPS": -0.1,
        "Total Revenue": 26,
        "Gross Profit": 19,
        "Operating Income": -2,
        "EBIT": -2,
        "Net Income": -3
    },
    "2019-12-31": {
        "Diluted EPS": 0.0,
        "Total Revenue": NaN,
        "Gross Profit": NaN,
        "Operating Income": NaN,
        "EBIT": NaN,
        "Net Income": NaN
    },
    "2023-06-30": {
        "Tax Effect Of Unusual Items": -1720740.0,
        "Tax Rate For Calcs": 0.21,
        "Normalized EBITDA": -13096000.0,
        "Total Unusual Items": -8194000.0,
        "Total Unusual Items Excluding Goodwill": -8194000.0,
        "Net Income From Continuing Operation Net Minority Interest": -27758000.0,
        "Reconciled Depreciation": 1403000.0,
        "Reconciled Cost Of Revenue": 17180000.0,
        "EBITDA": -21290000.0,
        "EBIT": -22693000.0,
        "Normalized Income": -21284740.0,
        "Net Income From Continuing And Discontinued Operation": -27758000.0,
        "Total Expenses": 90460000.0,
        "Diluted Average Shares": 116174000.0,
        "Basic Average Shares": 116174000.0,
        "Diluted EPS": -0.24,
        "Basic EPS": -0.24,
        "Diluted NI Availto Com Stockholders": -27758000.0,
        "Net Income Common Stockholders": -27758000.0,
        "Net Income": -27758000.0,
        "Net Income Including Noncontrolling Interests": -27758000.0,
        "Net Income Continuous Operations": -27758000.0,
        "Tax Provision": 178000.0,
        "Pretax Income": -27580000.0,
        "Other Income Expense": -4887000.0,
        "Other Non Operating Income Expenses": 3307000.0,
        "Special Income Charges": -8194000.0,
        "Restructuring And Mergern Acquisition": 8194000.0,
        "Operating Income": -22693000.0,
        "Operating Expense": 73280000.0,
        "Research And Development": 22435000.0,
        "Selling General And Administration": 50845000.0,
        "Selling And Marketing Expense": 38326000.0,
        "General And Administrative Expense": 12519000.0,
        "Other Gand A": 12519000.0,
        "Gross Profit": 50587000.0,
        "Cost Of Revenue": 17180000.0,
        "Total Revenue": 67767000.0,
        "Operating Revenue": 67767000.0
    },
    "2023-09-30": {
        "Tax Effect Of Unusual Items": 0.0,
        "Tax Rate For Calcs": 0.21,
        "Normalized EBITDA": -19475000.0,
        "Total Unusual Items": 0.0,
        "Total Unusual Items Excluding Goodwill": 0.0,
        "Net Income From Continuing Operation Net Minority Interest": -17747000.0,
        "Reconciled Depreciation": 1448000.0,
        "Reconciled Cost Of Revenue": 17291000.0,
        "EBITDA": -19475000.0,
        "EBIT": -20923000.0,
        "Normalized Income": -17747000.0,
        "Net Income From Continuing And Discontinued Operation": -17747000.0,
        "Total Expenses": 91560000.0,
        "Diluted Average Shares": 117902000.0,
        "Basic Average Shares": 117902000.0,
        "Diluted EPS": -0.15,
        "Basic EPS": -0.15,
        "Diluted NI Availto Com Stockholders": -17747000.0,
        "Net Income Common Stockholders": -17747000.0,
        "Net Income": -17747000.0,
        "Net Income Including Noncontrolling Interests": -17747000.0,
        "Net Income Continuous Operations": -17747000.0,
        "Tax Provision": 268000.0,
        "Pretax Income": -17479000.0,
        "Other Income Expense": 3444000.0,
        "Other Non Operating Income Expenses": 3444000.0,
        "Special Income Charges": 0.0,
        "Restructuring And Mergern Acquisition": 0.0,
        "Operating Income": -20923000.0,
        "Operating Expense": 74269000.0,
        "Research And Development": 21797000.0,
        "Selling General And Administration": 52472000.0,
        "Selling And Marketing Expense": 38475000.0,
        "General And Administrative Expense": 13997000.0,
        "Other Gand A": 13997000.0,
        "Gross Profit": 53346000.0,
        "Cost Of Revenue": 17291000.0,
        "Total Revenue": 70637000.0,
        "Operating Revenue": 70637000.0
    },
    "2023-12-31": {
        "Tax Effect Of Unusual Items": 10920.0,
        "Tax Rate For Calcs": 0.21,
        "Normalized EBITDA": -20221000.0,
        "Total Unusual Items": 52000.0,
        "Total Unusual Items Excluding Goodwill": 52000.0,
        "Net Income From Continuing Operation Net Minority Interest": -18543000.0,
        "Reconciled Depreciation": 1420000.0,
        "Reconciled Cost Of Revenue": 18265000.0,
        "EBITDA": -20169000.0,
        "EBIT": -21589000.0,
        "Normalized Income": -18584080.0,
        "Net Income From Continuing And Discontinued Operation": -18543000.0,
        "Total Expenses": 92992000.0,
        "Diluted Average Shares": NaN,
        "Basic Average Shares": NaN,
        "Diluted EPS": NaN,
        "Basic EPS": NaN,
        "Diluted NI Availto Com Stockholders": -18543000.0,
        "Net Income Common Stockholders": -18543000.0,
        "Net Income": -18543000.0,
        "Net Income Including Noncontrolling Interests": -18543000.0,
        "Net Income Continuous Operations": -18543000.0,
        "Tax Provision": 543000.0,
        "Pretax Income": -18000000.0,
        "Other Income Expense": 3589000.0,
        "Other Non Operating Income Expenses": 3537000.0,
        "Special Income Charges": 52000.0,
        "Restructuring And Mergern Acquisition": -52000.0,
        "Operating Income": -21589000.0,
        "Operating Expense": 74727000.0,
        "Research And Development": 22198000.0,
        "Selling General And Administration": 52529000.0,
        "Selling And Marketing Expense": 37780000.0,
        "General And Administrative Expense": 14749000.0,
        "Other Gand A": 14749000.0,
        "Gross Profit": 53138000.0,
        "Cost Of Revenue": 18265000.0,
        "Total Revenue": 71403000.0,
        "Operating Revenue": 71403000.0
    },
    "2024-03-31": {
        "Tax Effect Of Unusual Items": 0.0,
        "Tax Rate For Calcs": 0.4,
        "Normalized EBITDA": -23255000.0,
        "Total Unusual Items": NaN,
        "Total Unusual Items Excluding Goodwill": NaN,
        "Net Income From Continuing Operation Net Minority Interest": -21460000.0,
        "Reconciled Depreciation": 1450000.0,
        "Reconciled Cost Of Revenue": 18889000.0,
        "EBITDA": -23255000.0,
        "EBIT": -24705000.0,
        "Normalized Income": -21460000.0,
        "Net Income From Continuing And Discontinued Operation": -21460000.0,
        "Total Expenses": 97329000.0,
        "Diluted Average Shares": 120826000.0,
        "Basic Average Shares": 120826000.0,
        "Diluted EPS": -0.18,
        "Basic EPS": -0.18,
        "Diluted NI Availto Com Stockholders": -21460000.0,
        "Net Income Common Stockholders": -21460000.0,
        "Net Income": -21460000.0,
        "Net Income Including Noncontrolling Interests": -21460000.0,
        "Net Income Continuous Operations": -21460000.0,
        "Tax Provision": 426000.0,
        "Pretax Income": -21034000.0,
        "Other Income Expense": 3671000.0,
        "Other Non Operating Income Expenses": 3671000.0,
        "Special Income Charges": NaN,
        "Restructuring And Mergern Acquisition": NaN,
        "Operating Income": -24705000.0,
        "Operating Expense": 78440000.0,
        "Research And Development": 22953000.0,
        "Selling General And Administration": 55487000.0,
        "Selling And Marketing Expense": 40817000.0,
        "General And Administrative Expense": 14670000.0,
        "Other Gand A": 14670000.0,
        "Gross Profit": 53735000.0,
        "Cost Of Revenue": 18889000.0,
        "Total Revenue": 72624000.0,
        "Operating Revenue": 72624000.0
    },
    "2024-06-30": {
        "Tax Effect Of Unusual Items": 0.0,
        "Tax Rate For Calcs": 0.21,
        "Normalized EBITDA": -25848000.0,
        "Total Unusual Items": 0.0,
        "Total Unusual Items Excluding Goodwill": 0.0,
        "Net Income From Continuing Operation Net Minority Interest": -23415000.0,
        "Reconciled Depreciation": 1312000.0,
        "Reconciled Cost Of Revenue": 19485000.0,
        "EBITDA": -25848000.0,
        "EBIT": -27160000.0,
        "Normalized Income": -23415000.0,
        "Net Income From Continuing And Discontinued Operation": -23415000.0,
        "Total Expenses": 100460000.0,
        "Diluted Average Shares": 122633000.0,
        "Basic Average Shares": 122633000.0,
        "Diluted EPS": -0.19,
        "Basic EPS": -0.19,
        "Diluted NI Availto Com Stockholders": -23415000.0,
        "Net Income Common Stockholders": -23415000.0,
        "Net Income": -23415000.0,
        "Net Income Including Noncontrolling Interests": -23415000.0,
        "Net Income Continuous Operations": -23415000.0,
        "Tax Provision": 205000.0,
        "Pretax Income": -23210000.0,
        "Other Income Expense": 3950000.0,
        "Other Non Operating Income Expenses": 3950000.0,
        "Special Income Charges": 0.0,
        "Restructuring And Mergern Acquisition": 0.0,
        "Operating Income": -27160000.0,
        "Operating Expense": 80975000.0,
        "Research And Development": 21145000.0,
        "Selling General And Administration": 59830000.0,
        "Selling And Marketing Expense": 44144000.0,
        "General And Administrative Expense": 15686000.0,
        "Other Gand A": 15686000.0,
        "Gross Profit": 53815000.0,
        "Cost Of Revenue": 19485000.0,
        "Total Revenue": 73300000.0,
        "Operating Revenue": 73300000.0
    }
}