{
    "2023-03-31": {
        "Tax Effect Of Unusual Items": NaN,
        "Tax Rate For Calcs": NaN,
        "Normalized EBITDA": NaN,
        "Total Unusual Items": NaN,
        "Total Unusual Items Excluding Goodwill": NaN,
        "Net Income From Continuing Operation Net Minority Interest": NaN,
        "Reconciled Depreciation": NaN,
        "Reconciled Cost Of Revenue": NaN,
        "EBITDA": NaN,
        "EBIT": NaN,
        "Net Interest Income": NaN,
        "Interest Expense": NaN,
        "Normalized Income": NaN,
        "Net Income From Continuing And Discontinued Operation": NaN,
        "Total Expenses": NaN,
        "Total Operating Income As Reported": NaN,
        "Diluted Average Shares": 161003402.0,
        "Basic Average Shares": 158621674.0,
        "Diluted EPS": 0.03,
        "Basic EPS": 0.04,
        "Diluted NI Availto Com Stockholders": NaN,
        "Net Income Common Stockholders": NaN,
        "Otherunder Preferred Stock Dividend": 36000.0,
        "Net Income": NaN,
        "Minority Interests": NaN,
        "Net Income Including Noncontrolling Interests": NaN,
        "Net Income Continuous Operations": NaN,
        "Tax Provision": NaN,
        "Pretax Income": NaN,
        "Other Income Expense": NaN,
        "Other Non Operating Income Expenses": NaN,
        "Special Income Charges": NaN,
        "Gain On Sale Of Ppe": NaN,
        "Restructuring And Mergern Acquisition": NaN,
        "Net Non Operating Interest Income Expense": NaN,
        "Interest Expense Non Operating": NaN,
        "Operating Income": NaN,
        "Operating Expense": NaN,
        "Depreciation Amortization Depletion Income Statement": NaN,
        "Depreciation And Amortization In Income Statement": NaN,
        "Selling General And Administration": NaN,
        "General And Administrative Expense": NaN,
        "Other Gand A": NaN,
        "Salaries And Wages": NaN,
        "Gross Profit": NaN,
        "Cost Of Revenue": NaN,
        "Total Revenue": NaN,
        "Operating Revenue": NaN
    },
    "2022-12-31": {
        "Tax Effect Of Unusual Items": NaN,
        "Tax Rate For Calcs": NaN,
        "Normalized EBITDA": NaN,
        "Total Unusual Items": NaN,
        "Total Unusual Items Excluding Goodwill": NaN,
        "Net Income From Continuing Operation Net Minority Interest": NaN,
        "Reconciled Depreciation": NaN,
        "Reconciled Cost Of Revenue": NaN,
        "EBITDA": NaN,
        "EBIT": NaN,
        "Net Interest Income": NaN,
        "Interest Expense": NaN,
        "Normalized Income": NaN,
        "Net Income From Continuing And Discontinued Operation": NaN,
        "Total Expenses": NaN,
        "Total Operating Income As Reported": NaN,
        "Diluted Average Shares": NaN,
        "Basic Average Shares": NaN,
        "Diluted EPS": NaN,
        "Basic EPS": NaN,
        "Diluted NI Availto Com Stockholders": NaN,
        "Net Income Common Stockholders": NaN,
        "Otherunder Preferred Stock Dividend": NaN,
        "Net Income": NaN,
        "Minority Interests": NaN,
        "Net Income Including Noncontrolling Interests": NaN,
        "Net Income Continuous Operations": NaN,
        "Tax Provision": NaN,
        "Pretax Income": NaN,
        "Other Income Expense": NaN,
        "Other Non Operating Income Expenses": NaN,
        "Special Income Charges": NaN,
        "Gain On Sale Of Ppe": NaN,
        "Restructuring And Mergern Acquisition": NaN,
        "Gain On Sale Of Security": 800000.0,
        "Net Non Operating Interest Income Expense": NaN,
        "Interest Expense Non Operating": NaN,
        "Operating Income": NaN,
        "Operating Expense": NaN,
        "Depreciation Amortization Depletion Income Statement": NaN,
        "Depreciation And Amortization In Income Statement": NaN,
        "Selling General And Administration": NaN,
        "General And Administrative Expense": NaN,
        "Other Gand A": NaN,
        "Salaries And Wages": NaN,
        "Gross Profit": NaN,
        "Cost Of Revenue": NaN,
        "Total Revenue": NaN,
        "Operating Revenue": NaN
    },
    "2022-09-30": {
        "Tax Effect Of Unusual Items": NaN,
        "Tax Rate For Calcs": NaN,
        "Normalized EBITDA": NaN,
        "Total Unusual Items": NaN,
        "Total Unusual Items Excluding Goodwill": NaN,
        "Net Income From Continuing Operation Net Minority Interest": NaN,
        "Reconciled Depreciation": NaN,
        "Reconciled Cost Of Revenue": NaN,
        "EBITDA": NaN,
        "EBIT": NaN,
        "Net Interest Income": NaN,
        "Interest Expense": NaN,
        "Normalized Income": NaN,
        "Net Income From Continuing And Discontinued Operation": NaN,
        "Total Expenses": NaN,
        "Total Operating Income As Reported": NaN,
        "Diluted Average Shares": NaN,
        "Basic Average Shares": NaN,
        "Diluted EPS": NaN,
        "Basic EPS": NaN,
        "Diluted NI Availto Com Stockholders": NaN,
        "Net Income Common Stockholders": NaN,
        "Otherunder Preferred Stock Dividend": NaN,
        "Net Income": NaN,
        "Minority Interests": NaN,
        "Net Income Including Noncontrolling Interests": NaN,
        "Net Income Continuous Operations": NaN,
        "Tax Provision": NaN,
        "Pretax Income": NaN,
        "Other Income Expense": NaN,
        "Other Non Operating Income Expenses": NaN,
        "Special Income Charges": NaN,
        "Gain On Sale Of Ppe": NaN,
        "Restructuring And Mergern Acquisition": NaN,
        "Gain On Sale Of Security": -29564000.0,
        "Net Non Operating Interest Income Expense": NaN,
        "Interest Expense Non Operating": NaN,
        "Operating Income": NaN,
        "Operating Expense": NaN,
        "Depreciation Amortization Depletion Income Statement": NaN,
        "Depreciation And Amortization In Income Statement": NaN,
        "Selling General And Administration": NaN,
        "General And Administrative Expense": NaN,
        "Other Gand A": NaN,
        "Salaries And Wages": NaN,
        "Gross Profit": NaN,
        "Cost Of Revenue": NaN,
        "Total Revenue": NaN,
        "Operating Revenue": NaN
    },
    "2022-06-30": {
        "Tax Effect Of Unusual Items": 183904.0,
        "Tax Rate For Calcs": 0.032,
        "Normalized EBITDA": 28570000.0,
        "Total Unusual Items": 5747000.0,
        "Total Unusual Items Excluding Goodwill": 5747000.0,
        "Net Income From Continuing Operation Net Minority Interest": 24115000.0,
        "Reconciled Depreciation": 6863000.0,
        "Reconciled Cost Of Revenue": 4290000.0,
        "EBITDA": 34317000.0,
        "EBIT": 27454000.0,
        "Net Interest Income": -5173000.0,
        "Interest Expense": 5173000.0,
        "Normalized Income": 18551904.0,
        "Net Income From Continuing And Discontinued Operation": 24115000.0,
        "Total Expenses": 20368000.0,
        "Total Operating Income As Reported": 5482000.0,
        "Diluted Average Shares": 153954843.0,
        "Basic Average Shares": 153310068.0,
        "Diluted EPS": 0.16,
        "Basic EPS": 0.16,
        "Diluted NI Availto Com Stockholders": 23925000.0,
        "Net Income Common Stockholders": 23925000.0,
        "Otherunder Preferred Stock Dividend": 190000.0,
        "Net Income": 24115000.0,
        "Minority Interests": 2541000.0,
        "Net Income Including Noncontrolling Interests": 21574000.0,
        "Net Income Continuous Operations": 21574000.0,
        "Tax Provision": 707000.0,
        "Pretax Income": 22281000.0,
        "Other Income Expense": 23060000.0,
        "Other Non Operating Income Expenses": 17313000.0,
        "Special Income Charges": 1088000.0,
        "Gain On Sale Of Ppe": NaN,
        "Other Special Charges": NaN,
        "Restructuring And Mergern Acquisition": -1088000.0,
        "Gain On Sale Of Security": 4659000.0,
        "Net Non Operating Interest Income Expense": -5173000.0,
        "Interest Expense Non Operating": 5173000.0,
        "Operating Income": 4394000.0,
        "Operating Expense": 16078000.0,
        "Depreciation Amortization Depletion Income Statement": 6863000.0,
        "Depreciation And Amortization In Income Statement": 6863000.0,
        "Selling General And Administration": 9215000.0,
        "General And Administrative Expense": 9215000.0,
        "Other Gand A": 6558000.0,
        "Salaries And Wages": 2657000.0,
        "Gross Profit": 20472000.0,
        "Cost Of Revenue": 4290000.0,
        "Total Revenue": 24762000.0,
        "Operating Revenue": 23607000.0
    },
    "2022-03-31": {
        "Diluted EPS": 0.39,
        "Total Revenue": 19,
        "Gross Profit": 15,
        "Operating Income": 0,
        "EBIT": 8,
        "Net Income": 60
    },
    "2021-12-31": {
        "Diluted EPS": 0.07,
        "Total Revenue": 22,
        "Gross Profit": 18,
        "Operating Income": 19,
        "EBIT": 26,
        "Net Income": 7
    },
    "2021-09-30": {
        "Diluted EPS": -0.01,
        "Total Revenue": 20,
        "Gross Profit": 16,
        "Operating Income": 6,
        "EBIT": 12,
        "Net Income": -1
    },
    "2021-06-30": {
        "Diluted EPS": -0.01,
        "Total Revenue": 18,
        "Gross Profit": 14,
        "Operating Income": 6,
        "EBIT": 12,
        "Net Income": -1
    },
    "2021-03-31": {
        "Diluted EPS": 0.01,
        "Total Revenue": 12,
        "Gross Profit": 10,
        "Operating Income": 3,
        "EBIT": 8,
        "Net Income": 1
    },
    "2020-12-31": {
        "Diluted EPS": 0.0,
        "Total Revenue": NaN,
        "Gross Profit": NaN,
        "Operating Income": NaN,
        "EBIT": NaN,
        "Net Income": NaN
    },
    "2023-06-30": {
        "Tax Effect Of Unusual Items": -346236.0,
        "Tax Rate For Calcs": 0.244,
        "Normalized EBITDA": 27401000.0,
        "Total Unusual Items": -1419000.0,
        "Total Unusual Items Excluding Goodwill": -1419000.0,
        "Net Income From Continuing Operation Net Minority Interest": 6825000.0,
        "Reconciled Depreciation": 12959000.0,
        "Reconciled Cost Of Revenue": 7581000.0,
        "EBITDA": 25982000.0,
        "EBIT": 13023000.0,
        "Net Interest Income": -8524000.0,
        "Interest Expense": 8524000.0,
        "Normalized Income": 7897764.0,
        "Net Income From Continuing And Discontinued Operation": 6825000.0,
        "Total Expenses": 33087000.0,
        "Total Operating Income As Reported": 12007000.0,
        "Diluted Average Shares": 158978275.0,
        "Basic Average Shares": 158719684.0,
        "Diluted EPS": 0.04,
        "Basic EPS": 0.04,
        "Diluted NI Availto Com Stockholders": 6782000.0,
        "Net Income Common Stockholders": 6782000.0,
        "Otherunder Preferred Stock Dividend": 43000.0,
        "Net Income": 6825000.0,
        "Minority Interests": 3455000.0,
        "Net Income Including Noncontrolling Interests": 3370000.0,
        "Net Income Continuous Operations": 3370000.0,
        "Tax Provision": 1129000.0,
        "Pretax Income": 4499000.0,
        "Other Income Expense": -403000.0,
        "Other Non Operating Income Expenses": 1016000.0,
        "Special Income Charges": -1419000.0,
        "Gain On Sale Of Ppe": 0.0,
        "Restructuring And Mergern Acquisition": 1419000.0,
        "Net Non Operating Interest Income Expense": -8524000.0,
        "Interest Expense Non Operating": 8524000.0,
        "Operating Income": 13426000.0,
        "Operating Expense": 25506000.0,
        "Depreciation Amortization Depletion Income Statement": 12959000.0,
        "Depreciation And Amortization In Income Statement": 12959000.0,
        "Selling General And Administration": 12547000.0,
        "General And Administrative Expense": 12547000.0,
        "Other Gand A": 8291000.0,
        "Salaries And Wages": 4256000.0,
        "Gross Profit": 38932000.0,
        "Cost Of Revenue": 7581000.0,
        "Total Revenue": 46513000.0,
        "Operating Revenue": 46513000.0
    },
    "2023-09-30": {
        "Tax Effect Of Unusual Items": -66780.0,
        "Tax Rate For Calcs": 0.21,
        "Normalized EBITDA": 28053000.0,
        "Total Unusual Items": -318000.0,
        "Total Unusual Items Excluding Goodwill": -318000.0,
        "Net Income From Continuing Operation Net Minority Interest": 5330000.0,
        "Reconciled Depreciation": 13719000.0,
        "Reconciled Cost Of Revenue": 7825000.0,
        "EBITDA": 27735000.0,
        "EBIT": 14016000.0,
        "Net Interest Income": -9180000.0,
        "Interest Expense": 9180000.0,
        "Normalized Income": 5581220.0,
        "Net Income From Continuing And Discontinued Operation": 5330000.0,
        "Total Expenses": 33914000.0,
        "Total Operating Income As Reported": 10847000.0,
        "Diluted Average Shares": 160198154.0,
        "Basic Average Shares": 158719684.0,
        "Diluted EPS": 0.03,
        "Basic EPS": 0.03,
        "Diluted NI Availto Com Stockholders": 5297000.0,
        "Net Income Common Stockholders": 5297000.0,
        "Otherunder Preferred Stock Dividend": 33000.0,
        "Net Income": 5330000.0,
        "Minority Interests": -1446000.0,
        "Net Income Including Noncontrolling Interests": 6776000.0,
        "Net Income Continuous Operations": 6776000.0,
        "Tax Provision": -1940000.0,
        "Pretax Income": 4836000.0,
        "Other Income Expense": 2851000.0,
        "Other Non Operating Income Expenses": 3169000.0,
        "Special Income Charges": -318000.0,
        "Gain On Sale Of Ppe": 0.0,
        "Restructuring And Mergern Acquisition": 318000.0,
        "Net Non Operating Interest Income Expense": -9180000.0,
        "Interest Expense Non Operating": 9180000.0,
        "Operating Income": 11165000.0,
        "Operating Expense": 26089000.0,
        "Depreciation Amortization Depletion Income Statement": 13719000.0,
        "Depreciation And Amortization In Income Statement": 13719000.0,
        "Selling General And Administration": 12370000.0,
        "General And Administrative Expense": 12370000.0,
        "Other Gand A": 8194000.0,
        "Salaries And Wages": 4176000.0,
        "Gross Profit": 37254000.0,
        "Cost Of Revenue": 7825000.0,
        "Total Revenue": 45079000.0,
        "Operating Revenue": 45079000.0
    },
    "2023-12-31": {
        "Tax Effect Of Unusual Items": -66306.846086,
        "Tax Rate For Calcs": 0.018662,
        "Normalized EBITDA": -4262000.0,
        "Total Unusual Items": -3553000.0,
        "Total Unusual Items Excluding Goodwill": -3553000.0,
        "Net Income From Continuing Operation Net Minority Interest": -27127000.0,
        "Reconciled Depreciation": 15573000.0,
        "Reconciled Cost Of Revenue": 8254000.0,
        "EBITDA": -7815000.0,
        "EBIT": -23388000.0,
        "Net Interest Income": -17336000.0,
        "Interest Expense": 17336000.0,
        "Normalized Income": -23640306.846086,
        "Net Income From Continuing And Discontinued Operation": -27127000.0,
        "Total Expenses": 36113000.0,
        "Total Operating Income As Reported": -5358000.0,
        "Diluted Average Shares": NaN,
        "Basic Average Shares": NaN,
        "Diluted EPS": NaN,
        "Basic EPS": NaN,
        "Diluted NI Availto Com Stockholders": -27014000.0,
        "Net Income Common Stockholders": -27014000.0,
        "Otherunder Preferred Stock Dividend": -113000.0,
        "Net Income": -27127000.0,
        "Minority Interests": 12837000.0,
        "Net Income Including Noncontrolling Interests": -39964000.0,
        "Net Income Continuous Operations": -39964000.0,
        "Tax Provision": -760000.0,
        "Pretax Income": -40724000.0,
        "Other Income Expense": -21467000.0,
        "Other Non Operating Income Expenses": -17914000.0,
        "Special Income Charges": -3553000.0,
        "Gain On Sale Of Ppe": 0.0,
        "Restructuring And Mergern Acquisition": 3437000.0,
        "Net Non Operating Interest Income Expense": -17336000.0,
        "Interest Expense Non Operating": 17336000.0,
        "Operating Income": -1921000.0,
        "Operating Expense": 27859000.0,
        "Depreciation Amortization Depletion Income Statement": 15573000.0,
        "Depreciation And Amortization In Income Statement": 15573000.0,
        "Selling General And Administration": 12286000.0,
        "General And Administrative Expense": 12286000.0,
        "Other Gand A": 8606000.0,
        "Salaries And Wages": 3680000.0,
        "Gross Profit": 25938000.0,
        "Cost Of Revenue": 8254000.0,
        "Total Revenue": 34192000.0,
        "Operating Revenue": 34192000.0
    },
    "2024-03-31": {
        "Tax Effect Of Unusual Items": -359600.0,
        "Tax Rate For Calcs": 0.4,
        "Normalized EBITDA": 42173000.0,
        "Total Unusual Items": -899000.0,
        "Total Unusual Items Excluding Goodwill": -899000.0,
        "Net Income From Continuing Operation Net Minority Interest": 7509000.0,
        "Reconciled Depreciation": 16130000.0,
        "Reconciled Cost Of Revenue": 10920000.0,
        "EBITDA": 41274000.0,
        "EBIT": 25144000.0,
        "Net Interest Income": -16193000.0,
        "Interest Expense": 16193000.0,
        "Normalized Income": 8048400.0,
        "Net Income From Continuing And Discontinued Operation": 7509000.0,
        "Total Expenses": 41376000.0,
        "Total Operating Income As Reported": -1616000.0,
        "Diluted Average Shares": 162242148.0,
        "Basic Average Shares": 159025740.0,
        "Diluted EPS": 0.05,
        "Basic EPS": 0.05,
        "Diluted NI Availto Com Stockholders": 7471000.0,
        "Net Income Common Stockholders": 7471000.0,
        "Otherunder Preferred Stock Dividend": 38000.0,
        "Net Income": 7509000.0,
        "Minority Interests": 3454000.0,
        "Net Income Including Noncontrolling Interests": 4055000.0,
        "Net Income Continuous Operations": 4055000.0,
        "Tax Provision": 4896000.0,
        "Pretax Income": 8951000.0,
        "Other Income Expense": 25861000.0,
        "Other Non Operating Income Expenses": 26760000.0,
        "Special Income Charges": -899000.0,
        "Gain On Sale Of Ppe": 88000.0,
        "Restructuring And Mergern Acquisition": 987000.0,
        "Net Non Operating Interest Income Expense": -16193000.0,
        "Interest Expense Non Operating": 16193000.0,
        "Operating Income": -717000.0,
        "Operating Expense": 30456000.0,
        "Depreciation Amortization Depletion Income Statement": 16130000.0,
        "Depreciation And Amortization In Income Statement": 16130000.0,
        "Selling General And Administration": 14326000.0,
        "General And Administrative Expense": 14326000.0,
        "Other Gand A": 10022000.0,
        "Salaries And Wages": 4304000.0,
        "Gross Profit": 29739000.0,
        "Cost Of Revenue": 10920000.0,
        "Total Revenue": 40659000.0,
        "Operating Revenue": 40639000.0
    },
    "2024-06-30": {
        "Tax Effect Of Unusual Items": 199500.0,
        "Tax Rate For Calcs": 0.21,
        "Normalized EBITDA": 46191000.0,
        "Total Unusual Items": 950000.0,
        "Total Unusual Items Excluding Goodwill": 950000.0,
        "Net Income From Continuing Operation Net Minority Interest": 37645000.0,
        "Reconciled Depreciation": 17166000.0,
        "Reconciled Cost Of Revenue": 11272000.0,
        "EBITDA": 47141000.0,
        "EBIT": 29975000.0,
        "Net Interest Income": -17865000.0,
        "Interest Expense": 17865000.0,
        "Normalized Income": 36894500.0,
        "Net Income From Continuing And Discontinued Operation": 37645000.0,
        "Total Expenses": 36451000.0,
        "Total Operating Income As Reported": 16959000.0,
        "Diluted Average Shares": 163585652.0,
        "Basic Average Shares": 159902589.0,
        "Diluted EPS": 0.23,
        "Basic EPS": 0.23,
        "Diluted NI Availto Com Stockholders": 37645000.0,
        "Net Income Common Stockholders": 37645000.0,
        "Otherunder Preferred Stock Dividend": NaN,
        "Net Income": 37645000.0,
        "Minority Interests": 4496000.0,
        "Net Income Including Noncontrolling Interests": 33149000.0,
        "Net Income Continuous Operations": 33149000.0,
        "Tax Provision": -21039000.0,
        "Pretax Income": 12110000.0,
        "Other Income Expense": 13966000.0,
        "Other Non Operating Income Expenses": 13016000.0,
        "Special Income Charges": 950000.0,
        "Gain On Sale Of Ppe": 0.0,
        "Restructuring And Mergern Acquisition": -950000.0,
        "Net Non Operating Interest Income Expense": -17865000.0,
        "Interest Expense Non Operating": 17865000.0,
        "Operating Income": 16009000.0,
        "Operating Expense": 25179000.0,
        "Depreciation Amortization Depletion Income Statement": 17166000.0,
        "Depreciation And Amortization In Income Statement": 17166000.0,
        "Selling General And Administration": 8013000.0,
        "General And Administrative Expense": 8013000.0,
        "Other Gand A": 12240000.0,
        "Salaries And Wages": -4227000.0,
        "Gross Profit": 41188000.0,
        "Cost Of Revenue": 11272000.0,
        "Total Revenue": 52460000.0,
        "Operating Revenue": 52460000.0
    }
}