{
    "2023-03-31": {
        "Tax Effect Of Unusual Items": NaN,
        "Tax Rate For Calcs": NaN,
        "Normalized EBITDA": NaN,
        "Total Unusual Items": NaN,
        "Total Unusual Items Excluding Goodwill": NaN,
        "Net Income From Continuing Operation Net Minority Interest": NaN,
        "Reconciled Depreciation": NaN,
        "Reconciled Cost Of Revenue": NaN,
        "EBITDA": NaN,
        "EBIT": NaN,
        "Net Interest Income": NaN,
        "Interest Expense": NaN,
        "Normalized Income": NaN,
        "Net Income From Continuing And Discontinued Operation": NaN,
        "Total Expenses": NaN,
        "Total Operating Income As Reported": NaN,
        "Diluted Average Shares": 38694000.0,
        "Basic Average Shares": 38694000.0,
        "Diluted EPS": 8.69,
        "Basic EPS": 8.69,
        "Diluted NI Availto Com Stockholders": NaN,
        "Net Income Common Stockholders": NaN,
        "Otherunder Preferred Stock Dividend": NaN,
        "Net Income": NaN,
        "Net Income Including Noncontrolling Interests": NaN,
        "Net Income Continuous Operations": NaN,
        "Tax Provision": NaN,
        "Pretax Income": NaN,
        "Other Income Expense": NaN,
        "Other Non Operating Income Expenses": NaN,
        "Special Income Charges": NaN,
        "Other Special Charges": NaN,
        "Gain On Sale Of Security": NaN,
        "Net Non Operating Interest Income Expense": NaN,
        "Interest Expense Non Operating": NaN,
        "Operating Income": NaN,
        "Operating Expense": NaN,
        "Other Operating Expenses": NaN,
        "Other Taxes": NaN,
        "Selling General And Administration": NaN,
        "General And Administrative Expense": NaN,
        "Other Gand A": NaN,
        "Gross Profit": NaN,
        "Cost Of Revenue": NaN,
        "Total Revenue": NaN,
        "Operating Revenue": NaN
    },
    "2022-12-31": {
        "Tax Effect Of Unusual Items": NaN,
        "Tax Rate For Calcs": NaN,
        "Normalized EBITDA": NaN,
        "Total Unusual Items": NaN,
        "Total Unusual Items Excluding Goodwill": NaN,
        "Net Income From Continuing Operation Net Minority Interest": NaN,
        "Reconciled Depreciation": NaN,
        "Reconciled Cost Of Revenue": NaN,
        "EBITDA": NaN,
        "EBIT": NaN,
        "Net Interest Income": NaN,
        "Interest Expense": NaN,
        "Normalized Income": NaN,
        "Net Income From Continuing And Discontinued Operation": NaN,
        "Total Expenses": NaN,
        "Total Operating Income As Reported": NaN,
        "Diluted Average Shares": 40587838.0,
        "Basic Average Shares": 40587838.0,
        "Diluted EPS": 0.74,
        "Basic EPS": 0.74,
        "Diluted NI Availto Com Stockholders": NaN,
        "Net Income Common Stockholders": NaN,
        "Otherunder Preferred Stock Dividend": NaN,
        "Net Income": NaN,
        "Net Income Including Noncontrolling Interests": NaN,
        "Net Income Continuous Operations": NaN,
        "Tax Provision": NaN,
        "Pretax Income": NaN,
        "Other Income Expense": NaN,
        "Other Non Operating Income Expenses": NaN,
        "Special Income Charges": NaN,
        "Other Special Charges": NaN,
        "Gain On Sale Of Security": NaN,
        "Net Non Operating Interest Income Expense": NaN,
        "Interest Expense Non Operating": NaN,
        "Operating Income": NaN,
        "Operating Expense": NaN,
        "Other Operating Expenses": NaN,
        "Other Taxes": NaN,
        "Selling General And Administration": NaN,
        "General And Administrative Expense": NaN,
        "Other Gand A": NaN,
        "Gross Profit": NaN,
        "Cost Of Revenue": NaN,
        "Total Revenue": NaN,
        "Operating Revenue": NaN
    },
    "2022-09-30": {
        "Tax Effect Of Unusual Items": NaN,
        "Tax Rate For Calcs": NaN,
        "Normalized EBITDA": NaN,
        "Total Unusual Items": NaN,
        "Total Unusual Items Excluding Goodwill": NaN,
        "Net Income From Continuing Operation Net Minority Interest": NaN,
        "Reconciled Depreciation": NaN,
        "Reconciled Cost Of Revenue": NaN,
        "EBITDA": NaN,
        "EBIT": NaN,
        "Net Interest Income": NaN,
        "Interest Expense": NaN,
        "Normalized Income": NaN,
        "Net Income From Continuing And Discontinued Operation": NaN,
        "Total Expenses": NaN,
        "Total Operating Income As Reported": NaN,
        "Diluted Average Shares": NaN,
        "Basic Average Shares": NaN,
        "Diluted EPS": NaN,
        "Basic EPS": NaN,
        "Diluted NI Availto Com Stockholders": NaN,
        "Net Income Common Stockholders": NaN,
        "Otherunder Preferred Stock Dividend": NaN,
        "Net Income": NaN,
        "Net Income Including Noncontrolling Interests": NaN,
        "Net Income Extraordinary": 0.0,
        "Net Income Continuous Operations": NaN,
        "Tax Provision": NaN,
        "Pretax Income": NaN,
        "Other Income Expense": NaN,
        "Other Non Operating Income Expenses": NaN,
        "Special Income Charges": NaN,
        "Other Special Charges": NaN,
        "Gain On Sale Of Security": NaN,
        "Net Non Operating Interest Income Expense": NaN,
        "Interest Expense Non Operating": NaN,
        "Operating Income": NaN,
        "Operating Expense": NaN,
        "Other Operating Expenses": NaN,
        "Other Taxes": NaN,
        "Selling General And Administration": NaN,
        "General And Administrative Expense": NaN,
        "Other Gand A": NaN,
        "Gross Profit": NaN,
        "Cost Of Revenue": NaN,
        "Total Revenue": NaN,
        "Operating Revenue": NaN
    },
    "2022-06-30": {
        "Tax Effect Of Unusual Items": 0.0,
        "Tax Rate For Calcs": 0.0,
        "Normalized EBITDA": 61831000.0,
        "Total Unusual Items": -23663000.0,
        "Total Unusual Items Excluding Goodwill": -23663000.0,
        "Net Income From Continuing Operation Net Minority Interest": 29220000.0,
        "Reconciled Depreciation": 5864000.0,
        "Reconciled Cost Of Revenue": 46430000.0,
        "EBITDA": 38168000.0,
        "EBIT": 32304000.0,
        "Net Interest Income": -3084000.0,
        "Interest Expense": 3084000.0,
        "Normalized Income": 52883000.0,
        "Net Income From Continuing And Discontinued Operation": 29220000.0,
        "Total Expenses": 65430000.0,
        "Total Operating Income As Reported": 32278000.0,
        "Diluted Average Shares": 38330000.0,
        "Basic Average Shares": 38330000.0,
        "Diluted EPS": 0.73,
        "Basic EPS": 0.73,
        "Diluted NI Availto Com Stockholders": 27818000.0,
        "Net Income Common Stockholders": 27818000.0,
        "Otherunder Preferred Stock Dividend": 1402000.0,
        "Net Income": 29220000.0,
        "Net Income Including Noncontrolling Interests": 29220000.0,
        "Net Income Extraordinary": 0.0,
        "Net Income Continuous Operations": 29220000.0,
        "Tax Provision": 0.0,
        "Pretax Income": 29220000.0,
        "Other Income Expense": -24043000.0,
        "Other Non Operating Income Expenses": -380000.0,
        "Special Income Charges": -5092000.0,
        "Other Special Charges": 5092000.0,
        "Gain On Sale Of Security": -18571000.0,
        "Net Non Operating Interest Income Expense": -3084000.0,
        "Interest Expense Non Operating": 3084000.0,
        "Operating Income": 56347000.0,
        "Operating Expense": 19000000.0,
        "Other Operating Expenses": 1749000.0,
        "Other Taxes": 8623000.0,
        "Selling General And Administration": 8628000.0,
        "General And Administrative Expense": 8628000.0,
        "Other Gand A": 8628000.0,
        "Gross Profit": 75347000.0,
        "Cost Of Revenue": 46430000.0,
        "Total Revenue": 121777000.0,
        "Operating Revenue": 112878000.0
    },
    "2022-03-31": {
        "Diluted EPS": -1.27,
        "Total Revenue": 111,
        "Gross Profit": 79,
        "Operating Income": -46,
        "EBIT": -40,
        "Net Income": -49
    },
    "2021-12-31": {
        "Diluted EPS": 0.94,
        "Total Revenue": 93,
        "Gross Profit": 64,
        "Operating Income": 38,
        "EBIT": 45,
        "Net Income": 36
    },
    "2021-09-30": {
        "Diluted EPS": -0.35,
        "Total Revenue": 97,
        "Gross Profit": 63,
        "Operating Income": -10,
        "EBIT": -3,
        "Net Income": -13
    },
    "2021-06-30": {
        "Diluted EPS": -0.92,
        "Total Revenue": 80,
        "Gross Profit": 52,
        "Operating Income": -37,
        "EBIT": -30,
        "Net Income": -35
    },
    "2021-03-31": {
        "Diluted EPS": -0.51,
        "Total Revenue": 72,
        "Gross Profit": 44,
        "Operating Income": -16,
        "EBIT": -9,
        "Net Income": -19
    },
    "2020-12-31": {
        "Diluted EPS": -1.0,
        "Total Revenue": 56,
        "Gross Profit": 28,
        "Operating Income": -34,
        "EBIT": -24,
        "Net Income": -38
    },
    "2020-09-30": {
        "Diluted EPS": -0.47,
        "Total Revenue": 53,
        "Gross Profit": 25,
        "Operating Income": -14,
        "EBIT": -6,
        "Net Income": -18
    },
    "2020-06-30": {
        "Diluted EPS": -1.1,
        "Total Revenue": 35,
        "Gross Profit": 7,
        "Operating Income": -35,
        "EBIT": -24,
        "Net Income": -41
    },
    "2020-03-31": {
        "Diluted EPS": -9.77,
        "Total Revenue": 58,
        "Gross Profit": 22,
        "Operating Income": -359,
        "EBIT": -344,
        "Net Income": -367
    },
    "2019-12-31": {
        "Diluted EPS": -0.73,
        "Total Revenue": 78,
        "Gross Profit": 42,
        "Operating Income": -23,
        "EBIT": -6,
        "Net Income": -27
    },
    "2019-09-30": {
        "Diluted EPS": 0.15,
        "Total Revenue": 73,
        "Gross Profit": 40,
        "Operating Income": 15,
        "EBIT": 30,
        "Net Income": 5
    },
    "2019-06-30": {
        "Diluted EPS": 0.8,
        "Total Revenue": 60,
        "Gross Profit": 33,
        "Operating Income": 24,
        "EBIT": 37,
        "Net Income": 18
    },
    "2019-03-31": {
        "Diluted EPS": -1.42,
        "Total Revenue": 65,
        "Gross Profit": 36,
        "Operating Income": -27,
        "EBIT": -16,
        "Net Income": -31
    },
    "2018-12-31": {
        "Diluted EPS": 2.1,
        "Total Revenue": 163,
        "Gross Profit": 108,
        "Operating Income": 73,
        "EBIT": 85,
        "Net Income": 52
    },
    "2018-09-30": {
        "Diluted EPS": -0.1,
        "Total Revenue": 86,
        "Gross Profit": 58,
        "Operating Income": 3,
        "EBIT": 13,
        "Net Income": -3
    },
    "2018-06-30": {
        "Diluted EPS": -0.06,
        "Total Revenue": 42,
        "Gross Profit": 25,
        "Operating Income": 0,
        "EBIT": 16,
        "Net Income": -2
    },
    "2018-03-31": {
        "Diluted EPS": 0.15,
        "Total Revenue": 49,
        "Gross Profit": 34,
        "Operating Income": 6,
        "EBIT": 21,
        "Net Income": 4
    },
    "2017-12-31": {
        "Diluted EPS": -4.99,
        "Total Revenue": 139,
        "Gross Profit": 77,
        "Operating Income": -33,
        "EBIT": -4,
        "Net Income": -125
    },
    "2017-09-30": {
        "Diluted EPS": 0.14,
        "Total Revenue": 50,
        "Gross Profit": 34,
        "Operating Income": 5,
        "EBIT": 21,
        "Net Income": 4
    },
    "2017-06-30": {
        "Diluted EPS": 0.53,
        "Total Revenue": 61,
        "Gross Profit": 44,
        "Operating Income": 15,
        "EBIT": 31,
        "Net Income": 13
    },
    "2017-03-31": {
        "Diluted EPS": 0.72,
        "Total Revenue": 65,
        "Gross Profit": 49,
        "Operating Income": 19,
        "EBIT": 35,
        "Net Income": 18
    },
    "2016-12-31": {
        "Diluted EPS": 72.28,
        "Total Revenue": 63,
        "Gross Profit": 44,
        "Operating Income": 7,
        "EBIT": 23,
        "Net Income": NaN
    },
    "2016-09-30": {
        "Diluted EPS": -3.6,
        "Total Revenue": 64,
        "Gross Profit": 47,
        "Operating Income": -13,
        "EBIT": 3,
        "Net Income": -38
    },
    "2016-06-30": {
        "Diluted EPS": 0.83,
        "Total Revenue": 63,
        "Gross Profit": 46,
        "Operating Income": -53,
        "EBIT": -34,
        "Net Income": 9
    },
    "2016-03-31": {
        "Diluted EPS": -16.88,
        "Total Revenue": 52,
        "Gross Profit": 36,
        "Operating Income": -135,
        "EBIT": -115,
        "Net Income": -179
    },
    "2015-12-31": {
        "Diluted EPS": -43.16,
        "Total Revenue": 69,
        "Gross Profit": 51,
        "Operating Income": -470,
        "EBIT": -435,
        "Net Income": -511
    },
    "2015-09-30": {
        "Diluted EPS": -72.34,
        "Total Revenue": 110,
        "Gross Profit": 92,
        "Operating Income": -454,
        "EBIT": -415,
        "Net Income": -494
    },
    "2015-06-30": {
        "Diluted EPS": -88.44,
        "Total Revenue": 75,
        "Gross Profit": 53,
        "Operating Income": -554,
        "EBIT": -494,
        "Net Income": -599
    },
    "2015-03-31": {
        "Diluted EPS": -28.8,
        "Total Revenue": 111,
        "Gross Profit": 88,
        "Operating Income": -166,
        "EBIT": -106,
        "Net Income": -194
    },
    "2014-12-31": {
        "Diluted EPS": 5.54,
        "Total Revenue": 277,
        "Gross Profit": 254,
        "Operating Income": 170,
        "EBIT": 231,
        "Net Income": 114
    },
    "2014-09-30": {
        "Diluted EPS": 6.94,
        "Total Revenue": 225,
        "Gross Profit": 208,
        "Operating Income": 111,
        "EBIT": 186,
        "Net Income": 46
    },
    "2014-06-30": {
        "Diluted EPS": -1.04,
        "Total Revenue": 148,
        "Gross Profit": 128,
        "Operating Income": 32,
        "EBIT": 105,
        "Net Income": -7
    },
    "2014-03-31": {
        "Diluted EPS": -1.31,
        "Total Revenue": 145,
        "Gross Profit": 125,
        "Operating Income": -52,
        "EBIT": 17,
        "Net Income": -86
    },
    "2013-12-31": {
        "Diluted EPS": -54.11,
        "Total Revenue": 161,
        "Gross Profit": 141,
        "Operating Income": -416,
        "EBIT": -334,
        "Net Income": -322
    },
    "2013-09-30": {
        "Diluted EPS": -0.4,
        "Total Revenue": 112,
        "Gross Profit": 90,
        "Operating Income": -11,
        "EBIT": 66,
        "Net Income": -26
    },
    "2013-06-30": {
        "Diluted EPS": 0.01,
        "Total Revenue": 126,
        "Gross Profit": 108,
        "Operating Income": 22,
        "EBIT": 76,
        "Net Income": 0
    },
    "2013-03-31": {
        "Diluted EPS": -0.18,
        "Total Revenue": 71,
        "Gross Profit": 57,
        "Operating Income": -2,
        "EBIT": 41,
        "Net Income": -12
    },
    "2012-12-31": {
        "Diluted EPS": -0.49,
        "Total Revenue": 89,
        "Gross Profit": 77,
        "Operating Income": 8,
        "EBIT": 47,
        "Net Income": -9
    },
    "2012-09-30": {
        "Diluted EPS": -0.27,
        "Total Revenue": 26,
        "Gross Profit": 19,
        "Operating Income": -29,
        "EBIT": 2,
        "Net Income": -18
    },
    "2012-06-30": {
        "Diluted EPS": -1.85,
        "Total Revenue": 103,
        "Gross Profit": 97,
        "Operating Income": 57,
        "EBIT": 85,
        "Net Income": -112
    },
    "2012-03-31": {
        "Diluted EPS": 0.0,
        "Total Revenue": 30,
        "Gross Profit": 24,
        "Operating Income": -16,
        "EBIT": 12,
        "Net Income": -18
    },
    "2011-12-31": {
        "Diluted EPS": 0.0,
        "Total Revenue": 39,
        "Gross Profit": 33,
        "Operating Income": -38,
        "EBIT": -9,
        "Net Income": -39
    },
    "2011-09-30": {
        "Diluted EPS": 0.0,
        "Total Revenue": 92,
        "Gross Profit": 89,
        "Operating Income": 49,
        "EBIT": 72,
        "Net Income": 49
    },
    "2011-06-30": {
        "Diluted EPS": 0.0,
        "Total Revenue": 65,
        "Gross Profit": 61,
        "Operating Income": 24,
        "EBIT": 45,
        "Net Income": 24
    },
    "2011-03-31": {
        "Diluted EPS": -0.15,
        "Total Revenue": 13,
        "Gross Profit": 11,
        "Operating Income": -16,
        "EBIT": 3,
        "Net Income": -16
    },
    "2010-12-31": {
        "Diluted EPS": 0.0,
        "Total Revenue": NaN,
        "Gross Profit": NaN,
        "Operating Income": NaN,
        "EBIT": NaN,
        "Net Income": NaN
    },
    "2009-12-31": {
        "Diluted EPS": 0.0,
        "Total Revenue": NaN,
        "Gross Profit": NaN,
        "Operating Income": NaN,
        "EBIT": NaN,
        "Net Income": NaN
    },
    "2023-06-30": {
        "Tax Effect Of Unusual Items": NaN,
        "Tax Rate For Calcs": NaN,
        "Normalized EBITDA": NaN,
        "Total Unusual Items": NaN,
        "Total Unusual Items Excluding Goodwill": NaN,
        "Net Income From Continuing Operation Net Minority Interest": NaN,
        "Reconciled Depreciation": NaN,
        "Reconciled Cost Of Revenue": NaN,
        "EBITDA": NaN,
        "EBIT": NaN,
        "Net Interest Income": NaN,
        "Interest Expense": NaN,
        "Normalized Income": NaN,
        "Net Income From Continuing And Discontinued Operation": NaN,
        "Total Expenses": NaN,
        "Total Operating Income As Reported": NaN,
        "Diluted Average Shares": 38971000.0,
        "Basic Average Shares": 38971000.0,
        "Diluted EPS": 0.24,
        "Basic EPS": 0.24,
        "Diluted NI Availto Com Stockholders": NaN,
        "Net Income Common Stockholders": NaN,
        "Otherunder Preferred Stock Dividend": NaN,
        "Net Income": NaN,
        "Net Income Including Noncontrolling Interests": NaN,
        "Net Income Continuous Operations": NaN,
        "Tax Provision": NaN,
        "Pretax Income": NaN,
        "Other Income Expense": NaN,
        "Other Non Operating Income Expenses": NaN,
        "Special Income Charges": NaN,
        "Other Special Charges": NaN,
        "Gain On Sale Of Security": NaN,
        "Net Non Operating Interest Income Expense": NaN,
        "Interest Expense Non Operating": NaN,
        "Operating Income": NaN,
        "Operating Expense": NaN,
        "Other Operating Expenses": NaN,
        "Other Taxes": NaN,
        "Selling General And Administration": NaN,
        "General And Administrative Expense": NaN,
        "Other Gand A": NaN,
        "Gross Profit": NaN,
        "Cost Of Revenue": NaN,
        "Total Revenue": NaN,
        "Operating Revenue": NaN
    },
    "2023-09-30": {
        "Tax Effect Of Unusual Items": -4681393.461308,
        "Tax Rate For Calcs": 0.195981,
        "Normalized EBITDA": 19176000.0,
        "Total Unusual Items": -23887000.0,
        "Total Unusual Items Excluding Goodwill": -23887000.0,
        "Net Income From Continuing Operation Net Minority Interest": -13403000.0,
        "Reconciled Depreciation": 7489000.0,
        "Reconciled Cost Of Revenue": 48966000.0,
        "EBITDA": -4711000.0,
        "EBIT": -12200000.0,
        "Net Interest Income": -4470000.0,
        "Interest Expense": 4470000.0,
        "Normalized Income": 5802606.538692,
        "Net Income From Continuing And Discontinued Operation": -13403000.0,
        "Total Expenses": 64758000.0,
        "Total Operating Income As Reported": -12324000.0,
        "Diluted Average Shares": 39063000.0,
        "Basic Average Shares": 39063000.0,
        "Diluted EPS": -0.34,
        "Basic EPS": -0.34,
        "Diluted NI Availto Com Stockholders": -13403000.0,
        "Net Income Common Stockholders": -13403000.0,
        "Otherunder Preferred Stock Dividend": 0.0,
        "Net Income": -13403000.0,
        "Net Income Including Noncontrolling Interests": -13403000.0,
        "Net Income Continuous Operations": -13403000.0,
        "Tax Provision": -3267000.0,
        "Pretax Income": -16670000.0,
        "Other Income Expense": -24212000.0,
        "Other Non Operating Income Expenses": -325000.0,
        "Special Income Charges": -559000.0,
        "Other Special Charges": 559000.0,
        "Gain On Sale Of Security": -23328000.0,
        "Net Non Operating Interest Income Expense": -4470000.0,
        "Interest Expense Non Operating": 4470000.0,
        "Operating Income": 12012000.0,
        "Operating Expense": 15792000.0,
        "Other Operating Expenses": 2005000.0,
        "Other Taxes": 5532000.0,
        "Selling General And Administration": 8255000.0,
        "General And Administrative Expense": 8255000.0,
        "Other Gand A": 8255000.0,
        "Gross Profit": 27804000.0,
        "Cost Of Revenue": 48966000.0,
        "Total Revenue": 76770000.0,
        "Operating Revenue": 76403000.0
    },
    "2023-12-31": {
        "Tax Effect Of Unusual Items": 6292380.749409,
        "Tax Rate For Calcs": 0.155694,
        "Normalized EBITDA": 22645000.0,
        "Total Unusual Items": 40415000.0,
        "Total Unusual Items Excluding Goodwill": 40415000.0,
        "Net Income From Continuing Operation Net Minority Interest": 43578000.0,
        "Reconciled Depreciation": 7635000.0,
        "Reconciled Cost Of Revenue": 47349000.0,
        "EBITDA": 63060000.0,
        "EBIT": 55425000.0,
        "Net Interest Income": -3811000.0,
        "Interest Expense": 3811000.0,
        "Normalized Income": 9455380.749409,
        "Net Income From Continuing And Discontinued Operation": 43578000.0,
        "Total Expenses": 63723000.0,
        "Total Operating Income As Reported": 55345000.0,
        "Diluted Average Shares": NaN,
        "Basic Average Shares": NaN,
        "Diluted EPS": NaN,
        "Basic EPS": NaN,
        "Diluted NI Availto Com Stockholders": 41750000.0,
        "Net Income Common Stockholders": 41750000.0,
        "Otherunder Preferred Stock Dividend": 1828000.0,
        "Net Income": 43578000.0,
        "Net Income Including Noncontrolling Interests": 43578000.0,
        "Net Income Continuous Operations": 43578000.0,
        "Tax Provision": 8036000.0,
        "Pretax Income": 51614000.0,
        "Other Income Expense": 40163000.0,
        "Other Non Operating Income Expenses": -252000.0,
        "Special Income Charges": -4299000.0,
        "Other Special Charges": 4299000.0,
        "Gain On Sale Of Security": 44714000.0,
        "Net Non Operating Interest Income Expense": -3811000.0,
        "Interest Expense Non Operating": 3811000.0,
        "Operating Income": 15262000.0,
        "Operating Expense": 16374000.0,
        "Other Operating Expenses": 2029000.0,
        "Other Taxes": 5908000.0,
        "Selling General And Administration": 8437000.0,
        "General And Administrative Expense": 8437000.0,
        "Other Gand A": 8437000.0,
        "Gross Profit": 31636000.0,
        "Cost Of Revenue": 47349000.0,
        "Total Revenue": 78985000.0,
        "Operating Revenue": 78191000.0
    },
    "2024-03-31": {
        "Tax Effect Of Unusual Items": -4490460.0,
        "Tax Rate For Calcs": 0.26,
        "Normalized EBITDA": 16333000.0,
        "Total Unusual Items": -17271000.0,
        "Total Unusual Items Excluding Goodwill": -17271000.0,
        "Net Income From Continuing Operation Net Minority Interest": -9396000.0,
        "Reconciled Depreciation": 8239000.0,
        "Reconciled Cost Of Revenue": 51297000.0,
        "EBITDA": -938000.0,
        "EBIT": -9177000.0,
        "Net Interest Income": -3527000.0,
        "Interest Expense": 3527000.0,
        "Normalized Income": 3384540.0,
        "Net Income From Continuing And Discontinued Operation": -9396000.0,
        "Total Expenses": 68069000.0,
        "Total Operating Income As Reported": -9082000.0,
        "Diluted Average Shares": 39410000.0,
        "Basic Average Shares": 39410000.0,
        "Diluted EPS": -0.24,
        "Basic EPS": -0.24,
        "Diluted NI Availto Com Stockholders": -9396000.0,
        "Net Income Common Stockholders": -9396000.0,
        "Otherunder Preferred Stock Dividend": 0.0,
        "Net Income": -9396000.0,
        "Net Income Including Noncontrolling Interests": -9396000.0,
        "Net Income Continuous Operations": -9396000.0,
        "Tax Provision": -3308000.0,
        "Pretax Income": -12704000.0,
        "Other Income Expense": -17407000.0,
        "Other Non Operating Income Expenses": -136000.0,
        "Special Income Charges": -707000.0,
        "Other Special Charges": 707000.0,
        "Gain On Sale Of Security": -16564000.0,
        "Net Non Operating Interest Income Expense": -3527000.0,
        "Interest Expense Non Operating": 3527000.0,
        "Operating Income": 8230000.0,
        "Operating Expense": 16772000.0,
        "Other Operating Expenses": 2061000.0,
        "Other Taxes": 4911000.0,
        "Selling General And Administration": 9800000.0,
        "General And Administrative Expense": 9800000.0,
        "Other Gand A": 9800000.0,
        "Gross Profit": 25002000.0,
        "Cost Of Revenue": 51297000.0,
        "Total Revenue": 76299000.0,
        "Operating Revenue": 75322000.0
    },
    "2024-06-30": {
        "Tax Effect Of Unusual Items": -472650.0,
        "Tax Rate For Calcs": 0.274,
        "Normalized EBITDA": 22995000.0,
        "Total Unusual Items": -1725000.0,
        "Total Unusual Items Excluding Goodwill": -1725000.0,
        "Net Income From Continuing Operation Net Minority Interest": 7119000.0,
        "Reconciled Depreciation": 7827000.0,
        "Reconciled Cost Of Revenue": 49033000.0,
        "EBITDA": 21270000.0,
        "EBIT": 13443000.0,
        "Net Interest Income": -3632000.0,
        "Interest Expense": 3632000.0,
        "Normalized Income": 8371350.0,
        "Net Income From Continuing And Discontinued Operation": 7119000.0,
        "Total Expenses": 64118000.0,
        "Total Operating Income As Reported": 13552000.0,
        "Diluted Average Shares": 39629000.0,
        "Basic Average Shares": 39629000.0,
        "Diluted EPS": 0.17,
        "Basic EPS": 0.17,
        "Diluted NI Availto Com Stockholders": 6773000.0,
        "Net Income Common Stockholders": 6773000.0,
        "Otherunder Preferred Stock Dividend": 346000.0,
        "Net Income": 7119000.0,
        "Net Income Including Noncontrolling Interests": 7119000.0,
        "Net Income Continuous Operations": 7119000.0,
        "Tax Provision": 2692000.0,
        "Pretax Income": 9811000.0,
        "Other Income Expense": -1942000.0,
        "Other Non Operating Income Expenses": -217000.0,
        "Special Income Charges": -500000.0,
        "Other Special Charges": 500000.0,
        "Gain On Sale Of Security": -1225000.0,
        "Net Non Operating Interest Income Expense": -3632000.0,
        "Interest Expense Non Operating": 3632000.0,
        "Operating Income": 15385000.0,
        "Operating Expense": 15085000.0,
        "Other Operating Expenses": 2096000.0,
        "Other Taxes": 4631000.0,
        "Selling General And Administration": 8358000.0,
        "General And Administrative Expense": 8358000.0,
        "Other Gand A": 8358000.0,
        "Gross Profit": 30470000.0,
        "Cost Of Revenue": 49033000.0,
        "Total Revenue": 79503000.0,
        "Operating Revenue": 72346000.0
    },
    "2024-09-30": {
        "Tax Effect Of Unusual Items": 5235689.907362,
        "Tax Rate For Calcs": 0.211117,
        "Normalized EBITDA": 15772000.0,
        "Total Unusual Items": 24800000.0,
        "Total Unusual Items Excluding Goodwill": 24800000.0,
        "Net Income From Continuing Operation Net Minority Interest": 22652000.0,
        "Reconciled Depreciation": 8102000.0,
        "Reconciled Cost Of Revenue": 45647000.0,
        "EBITDA": 40572000.0,
        "EBIT": 32470000.0,
        "Net Interest Income": -3756000.0,
        "Interest Expense": 3756000.0,
        "Normalized Income": 3087689.907362,
        "Net Income From Continuing And Discontinued Operation": 22652000.0,
        "Total Expenses": 62020000.0,
        "Total Operating Income As Reported": 32600000.0,
        "Diluted Average Shares": 39783000.0,
        "Basic Average Shares": 39783000.0,
        "Diluted EPS": 0.54,
        "Basic EPS": 0.54,
        "Diluted NI Availto Com Stockholders": 21569000.0,
        "Net Income Common Stockholders": 21569000.0,
        "Otherunder Preferred Stock Dividend": 1083000.0,
        "Net Income": 22652000.0,
        "Net Income Including Noncontrolling Interests": 22652000.0,
        "Net Income Continuous Operations": 22652000.0,
        "Tax Provision": 6062000.0,
        "Pretax Income": 28714000.0,
        "Other Income Expense": 24632000.0,
        "Other Non Operating Income Expenses": -168000.0,
        "Special Income Charges": -247000.0,
        "Other Special Charges": 247000.0,
        "Gain On Sale Of Security": 25047000.0,
        "Net Non Operating Interest Income Expense": -3756000.0,
        "Interest Expense Non Operating": 3756000.0,
        "Operating Income": 7838000.0,
        "Operating Expense": 16373000.0,
        "Other Operating Expenses": 2125000.0,
        "Other Taxes": 5997000.0,
        "Selling General And Administration": 8251000.0,
        "General And Administrative Expense": 8251000.0,
        "Other Gand A": 8251000.0,
        "Gross Profit": 24211000.0,
        "Cost Of Revenue": 45647000.0,
        "Total Revenue": 69858000.0,
        "Operating Revenue": 68135000.0
    }
}