{
    "2023-03-31": {
        "Tax Effect Of Unusual Items": 0.0,
        "Tax Rate For Calcs": 0.13542,
        "Normalized EBITDA": 346522000.0,
        "Total Unusual Items": 0.0,
        "Total Unusual Items Excluding Goodwill": 0.0,
        "Net Income From Continuing Operation Net Minority Interest": 270771000.0,
        "Reconciled Depreciation": 31620000.0,
        "Reconciled Cost Of Revenue": 570757000.0,
        "EBITDA": 346522000.0,
        "EBIT": 314902000.0,
        "Net Interest Income": -202000.0,
        "Interest Expense": 1720000.0,
        "Interest Income": 1518000.0,
        "Normalized Income": 270771000.0,
        "Net Income From Continuing And Discontinued Operation": 270771000.0,
        "Total Expenses": 596734000.0,
        "Total Operating Income As Reported": 314501000.0,
        "Diluted Average Shares": 15916378.0,
        "Basic Average Shares": 15266895.0,
        "Diluted EPS": 17.01,
        "Basic EPS": 17.74,
        "Diluted NI Availto Com Stockholders": 270771000.0,
        "Net Income Common Stockholders": 270771000.0,
        "Net Income": 270771000.0,
        "Net Income Including Noncontrolling Interests": 270771000.0,
        "Net Income Continuous Operations": 270771000.0,
        "Tax Provision": 42411000.0,
        "Pretax Income": 313182000.0,
        "Other Income Expense": -1117000.0,
        "Other Non Operating Income Expenses": 631000.0,
        "Special Income Charges": 0.0,
        "Restructuring And Mergern Acquisition": 0.0,
        "Earnings From Equity Interest": -1748000.0,
        "Net Non Operating Interest Income Expense": -202000.0,
        "Interest Expense Non Operating": 1720000.0,
        "Interest Income Non Operating": 1518000.0,
        "Operating Income": 314501000.0,
        "Operating Expense": 25977000.0,
        "Other Operating Expenses": 5285000.0,
        "Selling General And Administration": 20692000.0,
        "Gross Profit": 340478000.0,
        "Cost Of Revenue": 570757000.0,
        "Total Revenue": 911235000.0,
        "Operating Revenue": 906698000.0
    },
    "2022-12-31": {
        "Tax Effect Of Unusual Items": 364350.0,
        "Tax Rate For Calcs": 0.21,
        "Normalized EBITDA": 239869000.0,
        "Total Unusual Items": 1735000.0,
        "Total Unusual Items Excluding Goodwill": 1735000.0,
        "Net Income From Continuing Operation Net Minority Interest": 220276000.0,
        "Reconciled Depreciation": 27390000.0,
        "Reconciled Cost Of Revenue": 576648000.0,
        "EBITDA": 241604000.0,
        "EBIT": 214214000.0,
        "Net Interest Income": -31000.0,
        "Interest Expense": 1806000.0,
        "Interest Income": 1775000.0,
        "Normalized Income": 218905350.0,
        "Net Income From Continuing And Discontinued Operation": 220680000.0,
        "Total Expenses": 608664000.0,
        "Total Operating Income As Reported": 216519000.0,
        "Diluted Average Shares": 16504793.0,
        "Basic Average Shares": 15923288.0,
        "Diluted EPS": 13.37,
        "Basic EPS": 13.86,
        "Diluted NI Availto Com Stockholders": 220680000.0,
        "Net Income Common Stockholders": 220680000.0,
        "Net Income": 220680000.0,
        "Net Income Including Noncontrolling Interests": 220680000.0,
        "Net Income Discontinuous Operations": 404000.0,
        "Net Income Continuous Operations": 220276000.0,
        "Tax Provision": -7868000.0,
        "Pretax Income": 212408000.0,
        "Other Income Expense": -2345000.0,
        "Other Non Operating Income Expenses": 1948000.0,
        "Special Income Charges": 1735000.0,
        "Write Off": 0.0,
        "Restructuring And Mergern Acquisition": -1735000.0,
        "Earnings From Equity Interest": -6028000.0,
        "Net Non Operating Interest Income Expense": -31000.0,
        "Interest Expense Non Operating": 1806000.0,
        "Interest Income Non Operating": 1775000.0,
        "Operating Income": 214784000.0,
        "Operating Expense": 32016000.0,
        "Other Operating Expenses": 8737000.0,
        "Selling General And Administration": 23279000.0,
        "Gross Profit": 246800000.0,
        "Cost Of Revenue": 576648000.0,
        "Total Revenue": 823448000.0,
        "Operating Revenue": 821142000.0
    },
    "2022-09-30": {
        "Tax Effect Of Unusual Items": 62427.45255,
        "Tax Rate For Calcs": 0.021133,
        "Normalized EBITDA": 256014000.0,
        "Total Unusual Items": 2954000.0,
        "Total Unusual Items Excluding Goodwill": 2954000.0,
        "Net Income From Continuing Operation Net Minority Interest": 251836000.0,
        "Reconciled Depreciation": 32468000.0,
        "Reconciled Cost Of Revenue": 587970000.0,
        "EBITDA": 258968000.0,
        "EBIT": 258968000.0,
        "Net Interest Income": -631000.0,
        "Interest Expense": 1695000.0,
        "Interest Income": 1064000.0,
        "Normalized Income": 248944427.45255,
        "Net Income From Continuing And Discontinued Operation": 252817000.0,
        "Total Expenses": 611699000.0,
        "Total Operating Income As Reported": 261023000.0,
        "Diluted Average Shares": 17718517.0,
        "Basic Average Shares": 17119328.0,
        "Diluted EPS": 14.27,
        "Basic EPS": 14.77,
        "Diluted NI Availto Com Stockholders": 252817000.0,
        "Net Income Common Stockholders": 252817000.0,
        "Net Income": 252817000.0,
        "Net Income Including Noncontrolling Interests": 252817000.0,
        "Net Income Discontinuous Operations": 981000.0,
        "Net Income Continuous Operations": 251836000.0,
        "Tax Provision": 5437000.0,
        "Pretax Income": 257273000.0,
        "Other Income Expense": -165000.0,
        "Other Non Operating Income Expenses": 1702000.0,
        "Special Income Charges": 2954000.0,
        "Write Off": 0.0,
        "Restructuring And Mergern Acquisition": -2954000.0,
        "Earnings From Equity Interest": -4821000.0,
        "Net Non Operating Interest Income Expense": -631000.0,
        "Interest Expense Non Operating": 1695000.0,
        "Interest Income Non Operating": 1064000.0,
        "Operating Income": 258069000.0,
        "Operating Expense": 23729000.0,
        "Other Operating Expenses": 8634000.0,
        "Selling General And Administration": 15095000.0,
        "Gross Profit": 281798000.0,
        "Cost Of Revenue": 587970000.0,
        "Total Revenue": 869768000.0,
        "Operating Revenue": 867849000.0
    },
    "2022-06-30": {
        "Tax Effect Of Unusual Items": -450626.971282,
        "Tax Rate For Calcs": 0.107088,
        "Normalized EBITDA": 687344000.0,
        "Total Unusual Items": -4208000.0,
        "Total Unusual Items Excluding Goodwill": -4208000.0,
        "Net Income From Continuing Operation Net Minority Interest": 575429000.0,
        "Reconciled Depreciation": 33477000.0,
        "Reconciled Cost Of Revenue": 659369000.0,
        "EBITDA": 683136000.0,
        "EBIT": 649659000.0,
        "Net Interest Income": -5054000.0,
        "Interest Expense": 5218000.0,
        "Interest Income": 164000.0,
        "Normalized Income": 579186373.028718,
        "Net Income From Continuing And Discontinued Operation": 574157000.0,
        "Total Expenses": 681958000.0,
        "Total Operating Income As Reported": 650246000.0,
        "Diluted Average Shares": 19158848.0,
        "Basic Average Shares": 18380114.0,
        "Diluted EPS": 29.97,
        "Basic EPS": 31.24,
        "Diluted NI Availto Com Stockholders": 574157000.0,
        "Net Income Common Stockholders": 574157000.0,
        "Net Income": 574157000.0,
        "Net Income Including Noncontrolling Interests": 574157000.0,
        "Net Income Discontinuous Operations": -1272000.0,
        "Net Income Continuous Operations": 575429000.0,
        "Tax Provision": 69012000.0,
        "Pretax Income": 644441000.0,
        "Other Income Expense": -4959000.0,
        "Other Non Operating Income Expenses": 1385000.0,
        "Special Income Charges": -4208000.0,
        "Write Off": 0.0,
        "Restructuring And Mergern Acquisition": 4208000.0,
        "Earnings From Equity Interest": -2136000.0,
        "Net Non Operating Interest Income Expense": -5054000.0,
        "Interest Expense Non Operating": 5218000.0,
        "Interest Income Non Operating": 164000.0,
        "Operating Income": 654454000.0,
        "Operating Expense": 22589000.0,
        "Other Operating Expenses": 4431000.0,
        "Selling General And Administration": 18158000.0,
        "Gross Profit": 677043000.0,
        "Cost Of Revenue": 659369000.0,
        "Total Revenue": 1336412000.0,
        "Operating Revenue": 1334258000.0
    },
    "2022-03-31": {
        "Diluted EPS": 20.52,
        "Total Revenue": NaN,
        "Gross Profit": 517,
        "Operating Income": 453,
        "EBIT": 496,
        "Net Income": 401
    },
    "2021-12-31": {
        "Diluted EPS": 13.72,
        "Total Revenue": 828,
        "Gross Profit": 333,
        "Operating Income": 278,
        "EBIT": 322,
        "Net Income": 257
    },
    "2021-09-30": {
        "Diluted EPS": 4.4,
        "Total Revenue": 649,
        "Gross Profit": 161,
        "Operating Income": 100,
        "EBIT": 137,
        "Net Income": 83
    },
    "2021-06-30": {
        "Diluted EPS": -1.03,
        "Total Revenue": 395,
        "Gross Profit": 49,
        "Operating Income": -2,
        "EBIT": 37,
        "Net Income": -19
    },
    "2021-03-31": {
        "Diluted EPS": -1.79,
        "Total Revenue": 386,
        "Gross Profit": 39,
        "Operating Income": -17,
        "EBIT": 26,
        "Net Income": -33
    },
    "2020-12-31": {
        "Diluted EPS": -5.47,
        "Total Revenue": 324,
        "Gross Profit": 22,
        "Operating Income": -35,
        "EBIT": -22,
        "Net Income": -100
    },
    "2020-09-30": {
        "Diluted EPS": -3.75,
        "Total Revenue": 336,
        "Gross Profit": 26,
        "Operating Income": -49,
        "EBIT": 18,
        "Net Income": -69
    },
    "2020-06-30": {
        "Diluted EPS": -13.02,
        "Total Revenue": 354,
        "Gross Profit": 19,
        "Operating Income": -67,
        "EBIT": -4,
        "Net Income": -238
    },
    "2020-03-31": {
        "Diluted EPS": -2.18,
        "Total Revenue": 403,
        "Gross Profit": 69,
        "Operating Income": -20,
        "EBIT": 48,
        "Net Income": -40
    },
    "2019-12-31": {
        "Diluted EPS": -7.72,
        "Total Revenue": 210,
        "Gross Profit": 22,
        "Operating Income": -228,
        "EBIT": -101,
        "Net Income": -141
    },
    "2019-09-30": {
        "Diluted EPS": -3.6,
        "Total Revenue": 526,
        "Gross Profit": 58,
        "Operating Income": -26,
        "EBIT": 54,
        "Net Income": -69
    },
    "2019-06-30": {
        "Diluted EPS": -5.85,
        "Total Revenue": 656,
        "Gross Profit": 159,
        "Operating Income": 67,
        "EBIT": 287,
        "Net Income": -114
    },
    "2019-03-31": {
        "Diluted EPS": 0.35,
        "Total Revenue": 609,
        "Gross Profit": 93,
        "Operating Income": 18,
        "EBIT": 83,
        "Net Income": 7
    },
    "2018-12-31": {
        "Diluted EPS": 11.7,
        "Total Revenue": 572,
        "Gross Profit": 110,
        "Operating Income": 17,
        "EBIT": 51,
        "Net Income": 155
    },
    "2018-09-30": {
        "Diluted EPS": 1.15,
        "Total Revenue": 448,
        "Gross Profit": 51,
        "Operating Income": 24,
        "EBIT": 40,
        "Net Income": 12
    },
    "2018-06-30": {
        "Diluted EPS": 7.16,
        "Total Revenue": 529,
        "Gross Profit": 98,
        "Operating Income": 85,
        "EBIT": 101,
        "Net Income": 74
    },
    "2018-03-31": {
        "Diluted EPS": 5.53,
        "Total Revenue": 482,
        "Gross Profit": 112,
        "Operating Income": 68,
        "EBIT": 94,
        "Net Income": 58
    },
    "2017-12-31": {
        "Diluted EPS": 8.79,
        "Total Revenue": 180,
        "Gross Profit": 47,
        "Operating Income": 52,
        "EBIT": 84,
        "Net Income": 94
    },
    "2017-09-30": {
        "Diluted EPS": 0.93,
        "Total Revenue": 383,
        "Gross Profit": 50,
        "Operating Income": 10,
        "EBIT": 49,
        "Net Income": 10
    },
    "2017-06-30": {
        "Diluted EPS": 1.16,
        "Total Revenue": 514,
        "Gross Profit": 82,
        "Operating Income": 24,
        "EBIT": 63,
        "Net Income": 13
    },
    "2017-03-31": {
        "Diluted EPS": 3.47,
        "Total Revenue": 573,
        "Gross Profit": 144,
        "Operating Income": 97,
        "EBIT": 141,
        "Net Income": 37
    },
    "2016-12-31": {
        "Diluted EPS": 0.0,
        "Total Revenue": NaN,
        "Gross Profit": NaN,
        "Operating Income": NaN,
        "EBIT": NaN,
        "Net Income": NaN
    },
    "2016-06-30": {
        "Diluted EPS": 0.0,
        "Total Revenue": 267,
        "Gross Profit": 30,
        "Operating Income": -27,
        "EBIT": -27,
        "Net Income": -28
    },
    "2015-12-31": {
        "Diluted EPS": 0.0,
        "Total Revenue": NaN,
        "Gross Profit": NaN,
        "Operating Income": NaN,
        "EBIT": NaN,
        "Net Income": NaN
    },
    "2014-12-31": {
        "Diluted EPS": 0.0,
        "Total Revenue": NaN,
        "Gross Profit": NaN,
        "Operating Income": NaN,
        "EBIT": NaN,
        "Net Income": NaN
    },
    "2023-06-30": {
        "Tax Effect Of Unusual Items": 0.0,
        "Tax Rate For Calcs": 0.156304,
        "Normalized EBITDA": 251227000.0,
        "Total Unusual Items": 0.0,
        "Total Unusual Items Excluding Goodwill": 0.0,
        "Net Income From Continuing Operation Net Minority Interest": 181355000.0,
        "Reconciled Depreciation": 34418000.0,
        "Reconciled Cost Of Revenue": 617932000.0,
        "EBITDA": 251227000.0,
        "EBIT": 216809000.0,
        "Net Interest Income": 898000.0,
        "Interest Expense": 1856000.0,
        "Interest Income": 2754000.0,
        "Normalized Income": 181355000.0,
        "Net Income From Continuing And Discontinued Operation": 181355000.0,
        "Total Expenses": 640268000.0,
        "Total Operating Income As Reported": 218103000.0,
        "Diluted Average Shares": 14910633.0,
        "Basic Average Shares": 14362072.0,
        "Diluted EPS": 12.16,
        "Basic EPS": 12.63,
        "Diluted NI Availto Com Stockholders": 181355000.0,
        "Net Income Common Stockholders": 181355000.0,
        "Net Income": 181355000.0,
        "Net Income Including Noncontrolling Interests": 181355000.0,
        "Net Income Continuous Operations": 181355000.0,
        "Tax Provision": 33598000.0,
        "Pretax Income": 214953000.0,
        "Other Income Expense": -4048000.0,
        "Other Non Operating Income Expenses": -874000.0,
        "Special Income Charges": 0.0,
        "Restructuring And Mergern Acquisition": 0.0,
        "Earnings From Equity Interest": -3174000.0,
        "Net Non Operating Interest Income Expense": 898000.0,
        "Interest Expense Non Operating": 1856000.0,
        "Interest Income Non Operating": 2754000.0,
        "Operating Income": 218103000.0,
        "Operating Expense": 22336000.0,
        "Other Operating Expenses": 4830000.0,
        "Selling General And Administration": 17506000.0,
        "Gross Profit": 240439000.0,
        "Cost Of Revenue": 617932000.0,
        "Total Revenue": 858371000.0,
        "Operating Revenue": 853807000.0
    },
    "2023-09-30": {
        "Tax Effect Of Unusual Items": 0.0,
        "Tax Rate For Calcs": 0.168153,
        "Normalized EBITDA": 149175000.0,
        "Total Unusual Items": 0.0,
        "Total Unusual Items Excluding Goodwill": 0.0,
        "Net Income From Continuing Operation Net Minority Interest": 93814000.0,
        "Reconciled Depreciation": 34651000.0,
        "Reconciled Cost Of Revenue": 599259000.0,
        "EBITDA": 149175000.0,
        "EBIT": 114524000.0,
        "Net Interest Income": 2893000.0,
        "Interest Expense": 1746000.0,
        "Interest Income": 4639000.0,
        "Normalized Income": 93814000.0,
        "Net Income From Continuing And Discontinued Operation": 93814000.0,
        "Total Expenses": 624661000.0,
        "Total Operating Income As Reported": 117159000.0,
        "Diluted Average Shares": 14110488.0,
        "Basic Average Shares": 13633640.0,
        "Diluted EPS": 6.65,
        "Basic EPS": 6.88,
        "Diluted NI Availto Com Stockholders": 93814000.0,
        "Net Income Common Stockholders": 93814000.0,
        "Net Income": 93814000.0,
        "Net Income Including Noncontrolling Interests": 93814000.0,
        "Net Income Continuous Operations": 93814000.0,
        "Tax Provision": 18964000.0,
        "Pretax Income": 112778000.0,
        "Other Income Expense": -7274000.0,
        "Other Non Operating Income Expenses": -614000.0,
        "Special Income Charges": 0.0,
        "Restructuring And Mergern Acquisition": 0.0,
        "Earnings From Equity Interest": -6660000.0,
        "Net Non Operating Interest Income Expense": 2893000.0,
        "Interest Expense Non Operating": 1746000.0,
        "Interest Income Non Operating": 4639000.0,
        "Operating Income": 117159000.0,
        "Operating Expense": 25402000.0,
        "Other Operating Expenses": 7349000.0,
        "Selling General And Administration": 18053000.0,
        "Gross Profit": 142561000.0,
        "Cost Of Revenue": 599259000.0,
        "Total Revenue": 741820000.0,
        "Operating Revenue": 738998000.0
    },
    "2023-12-31": {
        "Tax Effect Of Unusual Items": -383987.416034,
        "Tax Rate For Calcs": 0.13948,
        "Normalized EBITDA": 253603000.0,
        "Total Unusual Items": -2753000.0,
        "Total Unusual Items Excluding Goodwill": -2753000.0,
        "Net Income From Continuing Operation Net Minority Interest": 176016000.0,
        "Reconciled Depreciation": 44703000.0,
        "Reconciled Cost Of Revenue": 713582000.0,
        "EBITDA": 250850000.0,
        "EBIT": 206147000.0,
        "Net Interest Income": 1421000.0,
        "Interest Expense": 1601000.0,
        "Interest Income": 3022000.0,
        "Normalized Income": 178385012.583966,
        "Net Income From Continuing And Discontinued Operation": 176016000.0,
        "Total Expenses": 746669000.0,
        "Total Operating Income As Reported": 213322000.0,
        "Diluted Average Shares": NaN,
        "Basic Average Shares": NaN,
        "Diluted EPS": NaN,
        "Basic EPS": NaN,
        "Diluted NI Availto Com Stockholders": 176016000.0,
        "Net Income Common Stockholders": 176016000.0,
        "Net Income": 176016000.0,
        "Net Income Including Noncontrolling Interests": 176016000.0,
        "Net Income Continuous Operations": 176016000.0,
        "Tax Provision": 28530000.0,
        "Pretax Income": 204546000.0,
        "Other Income Expense": -10197000.0,
        "Other Non Operating Income Expenses": -763000.0,
        "Special Income Charges": -2753000.0,
        "Restructuring And Mergern Acquisition": 0.0,
        "Earnings From Equity Interest": -6681000.0,
        "Net Non Operating Interest Income Expense": 1421000.0,
        "Interest Expense Non Operating": 1601000.0,
        "Interest Income Non Operating": 3022000.0,
        "Operating Income": 213322000.0,
        "Operating Expense": 33087000.0,
        "Other Operating Expenses": 6948000.0,
        "Selling General And Administration": 26139000.0,
        "Gross Profit": 246409000.0,
        "Cost Of Revenue": 713582000.0,
        "Total Revenue": 959991000.0,
        "Operating Revenue": 957127000.0
    }
}