{
    "2023-06-30": {
        "Tax Effect Of Unusual Items": 0.0,
        "Tax Rate For Calcs": 0.000594,
        "Normalized EBITDA": 33272000.0,
        "Total Unusual Items": 274000.0,
        "Total Unusual Items Excluding Goodwill": 274000.0,
        "Net Income From Continuing Operation Net Minority Interest": 6368000.0,
        "Reconciled Depreciation": 16036000.0,
        "Reconciled Cost Of Revenue": 268425000.0,
        "EBITDA": 33272000.0,
        "EBIT": 17236000.0,
        "Net Interest Income": -8797000.0,
        "Interest Expense": 8797000.0,
        "Normalized Income": 6368000.0,
        "Net Income From Continuing And Discontinued Operation": 6368000.0,
        "Total Expenses": 309838000.0,
        "Total Operating Income As Reported": 17616000.0,
        "Diluted Average Shares": 53211000.0,
        "Basic Average Shares": 52127000.0,
        "Diluted EPS": 0.12,
        "Basic EPS": 0.12,
        "Diluted NI Availto Com Stockholders": 6368000.0,
        "Net Income Common Stockholders": 6368000.0,
        "Otherunder Preferred Stock Dividend": NaN,
        "Net Income": 6368000.0,
        "Minority Interests": -2045000.0,
        "Net Income Including Noncontrolling Interests": 8413000.0,
        "Net Income Continuous Operations": 8413000.0,
        "Tax Provision": 5000.0,
        "Pretax Income": 8418000.0,
        "Other Income Expense": -8818000.0,
        "Other Non Operating Income Expenses": -9198000.0,
        "Earnings From Equity Interest": 380000.0,
        "Gain On Sale Of Security": 274000.0,
        "Net Non Operating Interest Income Expense": -8797000.0,
        "Interest Expense Non Operating": 8797000.0,
        "Operating Income": 17236000.0,
        "Operating Expense": 41413000.0,
        "Other Operating Expenses": -577000.0,
        "Selling General And Administration": 41413000.0,
        "Gross Profit": 58649000.0,
        "Cost Of Revenue": 268425000.0,
        "Total Revenue": 327074000.0,
        "Operating Revenue": 327074000.0
    },
    "2023-03-31": {
        "Tax Effect Of Unusual Items": 0.0,
        "Tax Rate For Calcs": 0.21,
        "Normalized EBITDA": 22934000.0,
        "Total Unusual Items": -6000.0,
        "Total Unusual Items Excluding Goodwill": -6000.0,
        "Net Income From Continuing Operation Net Minority Interest": 1102000.0,
        "Reconciled Depreciation": 14287000.0,
        "Reconciled Cost Of Revenue": 221094000.0,
        "EBITDA": 22934000.0,
        "EBIT": 8647000.0,
        "Net Interest Income": -7983000.0,
        "Interest Expense": 7983000.0,
        "Normalized Income": 1102000.0,
        "Net Income From Continuing And Discontinued Operation": 1102000.0,
        "Total Expenses": 262395000.0,
        "Total Operating Income As Reported": 9097000.0,
        "Diluted Average Shares": 53261000.0,
        "Basic Average Shares": 51963000.0,
        "Diluted EPS": 0.02,
        "Basic EPS": 0.02,
        "Diluted NI Availto Com Stockholders": 1102000.0,
        "Net Income Common Stockholders": 1102000.0,
        "Otherunder Preferred Stock Dividend": NaN,
        "Net Income": 1102000.0,
        "Minority Interests": -455000.0,
        "Net Income Including Noncontrolling Interests": 1557000.0,
        "Net Income Continuous Operations": 1557000.0,
        "Tax Provision": -503000.0,
        "Pretax Income": 1054000.0,
        "Other Income Expense": -7593000.0,
        "Other Non Operating Income Expenses": -8043000.0,
        "Earnings From Equity Interest": 450000.0,
        "Gain On Sale Of Security": -6000.0,
        "Net Non Operating Interest Income Expense": -7983000.0,
        "Interest Expense Non Operating": 7983000.0,
        "Operating Income": 8647000.0,
        "Operating Expense": 41301000.0,
        "Other Operating Expenses": 54000.0,
        "Selling General And Administration": 41301000.0,
        "Gross Profit": 49948000.0,
        "Cost Of Revenue": 221094000.0,
        "Total Revenue": 271042000.0,
        "Operating Revenue": 271042000.0
    },
    "2022-12-31": {
        "Tax Effect Of Unusual Items": 0.0,
        "Tax Rate For Calcs": 0.21,
        "Normalized EBITDA": 22314000.0,
        "Total Unusual Items": 1569000.0,
        "Total Unusual Items Excluding Goodwill": 1569000.0,
        "Net Income From Continuing Operation Net Minority Interest": 17935000.0,
        "Reconciled Depreciation": 13848000.0,
        "Reconciled Cost Of Revenue": 270131000.0,
        "EBITDA": 22314000.0,
        "EBIT": 22314000.0,
        "Net Interest Income": -9545000.0,
        "Interest Expense": 9545000.0,
        "Normalized Income": 17935000.0,
        "Net Income From Continuing And Discontinued Operation": 17935000.0,
        "Total Expenses": 309413000.0,
        "Total Operating Income As Reported": 22314000.0,
        "Diluted Average Shares": 53332000.0,
        "Basic Average Shares": 51925000.0,
        "Diluted EPS": 0.34,
        "Basic EPS": 0.34,
        "Diluted NI Availto Com Stockholders": 17935000.0,
        "Net Income Common Stockholders": 17935000.0,
        "Otherunder Preferred Stock Dividend": NaN,
        "Net Income": 17935000.0,
        "Minority Interests": -708000.0,
        "Net Income Including Noncontrolling Interests": 18643000.0,
        "Net Income Continuous Operations": 18643000.0,
        "Tax Provision": -3726000.0,
        "Pretax Income": 14917000.0,
        "Other Income Expense": -7397000.0,
        "Other Non Operating Income Expenses": -7397000.0,
        "Earnings From Equity Interest": NaN,
        "Gain On Sale Of Security": 1569000.0,
        "Net Non Operating Interest Income Expense": -9545000.0,
        "Interest Expense Non Operating": 9545000.0,
        "Operating Income": 22314000.0,
        "Operating Expense": 39282000.0,
        "Other Operating Expenses": -579000.0,
        "Selling General And Administration": 39282000.0,
        "Gross Profit": 61596000.0,
        "Cost Of Revenue": 270131000.0,
        "Total Revenue": 331727000.0,
        "Operating Revenue": 331727000.0
    },
    "2022-09-30": {
        "Tax Effect Of Unusual Items": 53820.527523,
        "Tax Rate For Calcs": 0.116495,
        "Normalized EBITDA": 52964000.0,
        "Total Unusual Items": 462000.0,
        "Total Unusual Items Excluding Goodwill": 462000.0,
        "Net Income From Continuing Operation Net Minority Interest": 27391000.0,
        "Reconciled Depreciation": 14028000.0,
        "Reconciled Cost Of Revenue": 361740000.0,
        "EBITDA": 53426000.0,
        "EBIT": 39398000.0,
        "Net Interest Income": -8006000.0,
        "Interest Expense": 8006000.0,
        "Normalized Income": 26982820.527523,
        "Net Income From Continuing And Discontinued Operation": 27391000.0,
        "Total Expenses": 402360000.0,
        "Total Operating Income As Reported": 38938000.0,
        "Diluted Average Shares": 53297000.0,
        "Basic Average Shares": 51869000.0,
        "Diluted EPS": 0.51,
        "Basic EPS": 0.53,
        "Diluted NI Availto Com Stockholders": 27364000.0,
        "Net Income Common Stockholders": 27364000.0,
        "Otherunder Preferred Stock Dividend": 27000.0,
        "Net Income": 27391000.0,
        "Minority Interests": -344000.0,
        "Net Income Including Noncontrolling Interests": 27735000.0,
        "Net Income Continuous Operations": 27735000.0,
        "Tax Provision": 3657000.0,
        "Pretax Income": 31392000.0,
        "Other Income Expense": 462000.0,
        "Other Non Operating Income Expenses": NaN,
        "Earnings From Equity Interest": NaN,
        "Gain On Sale Of Security": 462000.0,
        "Net Non Operating Interest Income Expense": -8006000.0,
        "Interest Expense Non Operating": 8006000.0,
        "Operating Income": 38936000.0,
        "Operating Expense": 40620000.0,
        "Other Operating Expenses": 2000.0,
        "Selling General And Administration": 40618000.0,
        "Gross Profit": 79556000.0,
        "Cost Of Revenue": 361740000.0,
        "Total Revenue": 441296000.0,
        "Operating Revenue": 441296000.0
    },
    "2022-06-30": {
        "Tax Effect Of Unusual Items": 0.0,
        "Tax Rate For Calcs": 0.130459,
        "Normalized EBITDA": 43054000.0,
        "Total Unusual Items": 469000.0,
        "Total Unusual Items Excluding Goodwill": 469000.0,
        "Net Income From Continuing Operation Net Minority Interest": 32216000.0,
        "Reconciled Depreciation": 13284000.0,
        "Reconciled Cost Of Revenue": 496094000.0,
        "EBITDA": 43054000.0,
        "EBIT": 43054000.0,
        "Net Interest Income": -7742000.0,
        "Interest Expense": 7742000.0,
        "Normalized Income": 32216000.0,
        "Net Income From Continuing And Discontinued Operation": 32216000.0,
        "Total Expenses": 534343000.0,
        "Total Operating Income As Reported": 43054000.0,
        "Diluted Average Shares": 53173000.0,
        "Basic Average Shares": 51818000.0,
        "Diluted EPS": 0.61,
        "Basic EPS": 0.62,
        "Diluted NI Availto Com Stockholders": 32216000.0,
        "Net Income Common Stockholders": 32216000.0,
        "Otherunder Preferred Stock Dividend": NaN,
        "Net Income": 32216000.0,
        "Minority Interests": -657000.0,
        "Net Income Including Noncontrolling Interests": 32873000.0,
        "Net Income Continuous Operations": 32873000.0,
        "Tax Provision": 4932000.0,
        "Pretax Income": 37805000.0,
        "Other Income Expense": -5249000.0,
        "Other Non Operating Income Expenses": -5249000.0,
        "Earnings From Equity Interest": NaN,
        "Gain On Sale Of Security": 469000.0,
        "Net Non Operating Interest Income Expense": -7742000.0,
        "Interest Expense Non Operating": 7742000.0,
        "Operating Income": 43054000.0,
        "Operating Expense": 38249000.0,
        "Other Operating Expenses": -2024000.0,
        "Selling General And Administration": 38249000.0,
        "Gross Profit": 81303000.0,
        "Cost Of Revenue": 496094000.0,
        "Total Revenue": 577397000.0,
        "Operating Revenue": 577397000.0
    },
    "2022-03-31": {
        "Diluted EPS": 0.32,
        "Total Revenue": 474,
        "Gross Profit": 68,
        "Operating Income": 29,
        "EBIT": 43,
        "Net Income": 17
    },
    "2021-12-31": {
        "Diluted EPS": 0.54,
        "Total Revenue": 416,
        "Gross Profit": 71,
        "Operating Income": 32,
        "EBIT": 45,
        "Net Income": 28
    },
    "2021-09-30": {
        "Diluted EPS": 0.33,
        "Total Revenue": 274,
        "Gross Profit": 59,
        "Operating Income": 24,
        "EBIT": 36,
        "Net Income": 17
    },
    "2021-06-30": {
        "Diluted EPS": 0.26,
        "Total Revenue": 274,
        "Gross Profit": 53,
        "Operating Income": 21,
        "EBIT": 34,
        "Net Income": 14
    },
    "2021-03-31": {
        "Diluted EPS": 0.22,
        "Total Revenue": 252,
        "Gross Profit": 47,
        "Operating Income": 18,
        "EBIT": 30,
        "Net Income": 11
    },
    "2020-12-31": {
        "Diluted EPS": 0.47,
        "Total Revenue": 314,
        "Gross Profit": 58,
        "Operating Income": 25,
        "EBIT": 36,
        "Net Income": 23
    },
    "2020-09-30": {
        "Diluted EPS": 0.41,
        "Total Revenue": 283,
        "Gross Profit": 51,
        "Operating Income": 25,
        "EBIT": 36,
        "Net Income": 20
    },
    "2020-06-30": {
        "Diluted EPS": 0.09,
        "Total Revenue": 223,
        "Gross Profit": 40,
        "Operating Income": 13,
        "EBIT": 24,
        "Net Income": 4
    },
    "2020-03-31": {
        "Diluted EPS": 0.13,
        "Total Revenue": 212,
        "Gross Profit": 38,
        "Operating Income": 10,
        "EBIT": 20,
        "Net Income": 6
    },
    "2019-12-31": {
        "Diluted EPS": 0.46,
        "Total Revenue": 307,
        "Gross Profit": 48,
        "Operating Income": 19,
        "EBIT": 29,
        "Net Income": 22
    },
    "2019-09-30": {
        "Diluted EPS": 0.19,
        "Total Revenue": 212,
        "Gross Profit": 45,
        "Operating Income": 13,
        "EBIT": 24,
        "Net Income": 9
    },
    "2019-06-30": {
        "Diluted EPS": 0.19,
        "Total Revenue": 198,
        "Gross Profit": 43,
        "Operating Income": 13,
        "EBIT": 24,
        "Net Income": 9
    },
    "2019-03-31": {
        "Diluted EPS": 0.09,
        "Total Revenue": 150,
        "Gross Profit": 33,
        "Operating Income": 7,
        "EBIT": 16,
        "Net Income": 4
    },
    "2018-12-31": {
        "Diluted EPS": 0.24,
        "Total Revenue": 217,
        "Gross Profit": 49,
        "Operating Income": 20,
        "EBIT": 29,
        "Net Income": 12
    },
    "2018-09-30": {
        "Diluted EPS": 0.23,
        "Total Revenue": 205,
        "Gross Profit": 46,
        "Operating Income": 17,
        "EBIT": 26,
        "Net Income": 11
    },
    "2018-06-30": {
        "Diluted EPS": 0.19,
        "Total Revenue": 197,
        "Gross Profit": 43,
        "Operating Income": 14,
        "EBIT": 22,
        "Net Income": 9
    },
    "2018-03-31": {
        "Diluted EPS": 0.15,
        "Total Revenue": 167,
        "Gross Profit": 35,
        "Operating Income": 8,
        "EBIT": 16,
        "Net Income": 7
    },
    "2017-12-31": {
        "Diluted EPS": 0.51,
        "Total Revenue": 211,
        "Gross Profit": 41,
        "Operating Income": 14,
        "EBIT": 21,
        "Net Income": 24
    },
    "2017-09-30": {
        "Diluted EPS": 0.19,
        "Total Revenue": 205,
        "Gross Profit": 41,
        "Operating Income": 14,
        "EBIT": 21,
        "Net Income": 8
    },
    "2017-06-30": {
        "Diluted EPS": 0.13,
        "Total Revenue": 167,
        "Gross Profit": 35,
        "Operating Income": 9,
        "EBIT": 15,
        "Net Income": 6
    },
    "2017-03-31": {
        "Diluted EPS": -0.01,
        "Total Revenue": 135,
        "Gross Profit": 26,
        "Operating Income": -1,
        "EBIT": 6,
        "Net Income": -1
    },
    "2016-12-31": {
        "Diluted EPS": 0.08,
        "Total Revenue": 174,
        "Gross Profit": 36,
        "Operating Income": 7,
        "EBIT": 14,
        "Net Income": 3
    },
    "2016-09-30": {
        "Diluted EPS": 0.12,
        "Total Revenue": 181,
        "Gross Profit": 39,
        "Operating Income": 10,
        "EBIT": 17,
        "Net Income": 6
    },
    "2016-06-30": {
        "Diluted EPS": 0.04,
        "Total Revenue": 163,
        "Gross Profit": 32,
        "Operating Income": 5,
        "EBIT": 11,
        "Net Income": 2
    },
    "2016-03-31": {
        "Diluted EPS": 0.02,
        "Total Revenue": 134,
        "Gross Profit": 28,
        "Operating Income": 2,
        "EBIT": 8,
        "Net Income": 1
    },
    "2015-12-31": {
        "Diluted EPS": -0.02,
        "Total Revenue": 174,
        "Gross Profit": 30,
        "Operating Income": -3,
        "EBIT": 4,
        "Net Income": -1
    },
    "2015-09-30": {
        "Diluted EPS": 0.09,
        "Total Revenue": 189,
        "Gross Profit": 36,
        "Operating Income": 10,
        "EBIT": 16,
        "Net Income": 4
    },
    "2015-06-30": {
        "Diluted EPS": 0.04,
        "Total Revenue": 152,
        "Gross Profit": 31,
        "Operating Income": 5,
        "EBIT": 11,
        "Net Income": 2
    },
    "2015-03-31": {
        "Diluted EPS": -0.09,
        "Total Revenue": 115,
        "Gross Profit": 20,
        "Operating Income": -4,
        "EBIT": 2,
        "Net Income": -4
    },
    "2014-12-31": {
        "Diluted EPS": 0.18,
        "Total Revenue": 181,
        "Gross Profit": 36,
        "Operating Income": 7,
        "EBIT": 13,
        "Net Income": 9
    },
    "2014-09-30": {
        "Diluted EPS": 0.16,
        "Total Revenue": 169,
        "Gross Profit": 35,
        "Operating Income": 9,
        "EBIT": 16,
        "Net Income": 7
    },
    "2014-06-30": {
        "Diluted EPS": 0.06,
        "Total Revenue": 143,
        "Gross Profit": 28,
        "Operating Income": 4,
        "EBIT": 10,
        "Net Income": 3
    },
    "2014-03-31": {
        "Diluted EPS": -0.18,
        "Total Revenue": 101,
        "Gross Profit": 18,
        "Operating Income": -7,
        "EBIT": -1,
        "Net Income": -8
    },
    "2013-12-31": {
        "Diluted EPS": 0.03,
        "Total Revenue": 176,
        "Gross Profit": 28,
        "Operating Income": 3,
        "EBIT": 8,
        "Net Income": 2
    },
    "2013-09-30": {
        "Diluted EPS": 0.1,
        "Total Revenue": 162,
        "Gross Profit": 30,
        "Operating Income": 8,
        "EBIT": 13,
        "Net Income": 5
    },
    "2013-06-30": {
        "Diluted EPS": -0.04,
        "Total Revenue": 126,
        "Gross Profit": 23,
        "Operating Income": -2,
        "EBIT": 3,
        "Net Income": -2
    },
    "2013-03-31": {
        "Diluted EPS": -0.04,
        "Total Revenue": 110,
        "Gross Profit": 22,
        "Operating Income": -2,
        "EBIT": 4,
        "Net Income": -2
    },
    "2012-12-31": {
        "Diluted EPS": 0.11,
        "Total Revenue": 157,
        "Gross Profit": 33,
        "Operating Income": 6,
        "EBIT": 11,
        "Net Income": 5
    },
    "2012-09-30": {
        "Diluted EPS": 0.15,
        "Total Revenue": 164,
        "Gross Profit": 35,
        "Operating Income": 11,
        "EBIT": 16,
        "Net Income": 7
    },
    "2012-06-30": {
        "Diluted EPS": 0.1,
        "Total Revenue": 164,
        "Gross Profit": 31,
        "Operating Income": 8,
        "EBIT": 13,
        "Net Income": 5
    },
    "2012-03-31": {
        "Diluted EPS": 0.04,
        "Total Revenue": 147,
        "Gross Profit": 29,
        "Operating Income": 3,
        "EBIT": 8,
        "Net Income": 2
    },
    "2011-12-31": {
        "Diluted EPS": 0.17,
        "Total Revenue": 188,
        "Gross Profit": 35,
        "Operating Income": 13,
        "EBIT": 18,
        "Net Income": 7
    },
    "2011-09-30": {
        "Diluted EPS": 0.27,
        "Total Revenue": 228,
        "Gross Profit": 40,
        "Operating Income": 16,
        "EBIT": 21,
        "Net Income": 12
    },
    "2011-06-30": {
        "Diluted EPS": 0.19,
        "Total Revenue": 165,
        "Gross Profit": 32,
        "Operating Income": 13,
        "EBIT": 16,
        "Net Income": 9
    },
    "2011-03-31": {
        "Diluted EPS": 0.12,
        "Total Revenue": 146,
        "Gross Profit": 28,
        "Operating Income": 8,
        "EBIT": 11,
        "Net Income": 5
    },
    "2010-12-31": {
        "Diluted EPS": 0.14,
        "Total Revenue": 179,
        "Gross Profit": 31,
        "Operating Income": 13,
        "EBIT": 15,
        "Net Income": 6
    },
    "2010-09-30": {
        "Diluted EPS": 0.28,
        "Total Revenue": 192,
        "Gross Profit": 35,
        "Operating Income": 19,
        "EBIT": 24,
        "Net Income": 12
    },
    "2010-06-30": {
        "Diluted EPS": 0.21,
        "Total Revenue": 141,
        "Gross Profit": 26,
        "Operating Income": 12,
        "EBIT": 14,
        "Net Income": 8
    },
    "2010-03-31": {
        "Diluted EPS": 0.03,
        "Total Revenue": 106,
        "Gross Profit": 18,
        "Operating Income": 3,
        "EBIT": 5,
        "Net Income": 1
    },
    "2009-12-31": {
        "Diluted EPS": 0.27,
        "Total Revenue": 133,
        "Gross Profit": 133,
        "Operating Income": 133,
        "EBIT": 135,
        "Net Income": 10
    },
    "2009-09-30": {
        "Diluted EPS": 0.23,
        "Total Revenue": 132,
        "Gross Profit": 24,
        "Operating Income": 12,
        "EBIT": 14,
        "Net Income": 8
    },
    "2009-06-30": {
        "Diluted EPS": 0.05,
        "Total Revenue": 89,
        "Gross Profit": 15,
        "Operating Income": 2,
        "EBIT": 2,
        "Net Income": 2
    },
    "2009-03-31": {
        "Diluted EPS": 0.01,
        "Total Revenue": 73,
        "Gross Profit": 73,
        "Operating Income": 73,
        "EBIT": 73,
        "Net Income": 0
    },
    "2023-09-30": {
        "Tax Effect Of Unusual Items": 0.0,
        "Tax Rate For Calcs": 0.21,
        "Normalized EBITDA": 37958000.0,
        "Total Unusual Items": 1674000.0,
        "Total Unusual Items Excluding Goodwill": 1674000.0,
        "Net Income From Continuing Operation Net Minority Interest": 21265000.0,
        "Reconciled Depreciation": 17054000.0,
        "Reconciled Cost Of Revenue": 271493000.0,
        "EBITDA": 37958000.0,
        "EBIT": 20904000.0,
        "Net Interest Income": -10241000.0,
        "Interest Expense": 10241000.0,
        "Normalized Income": 21265000.0,
        "Net Income From Continuing And Discontinued Operation": 21265000.0,
        "Total Expenses": 314245000.0,
        "Total Operating Income As Reported": 21430000.0,
        "Diluted Average Shares": 53300000.0,
        "Basic Average Shares": 52209000.0,
        "Diluted EPS": 0.4,
        "Basic EPS": 0.41,
        "Diluted NI Availto Com Stockholders": 21265000.0,
        "Net Income Common Stockholders": 21265000.0,
        "Otherunder Preferred Stock Dividend": 26000.0,
        "Net Income": 21265000.0,
        "Minority Interests": 423000.0,
        "Net Income Including Noncontrolling Interests": 20842000.0,
        "Net Income Continuous Operations": 20842000.0,
        "Tax Provision": -10054000.0,
        "Pretax Income": 10788000.0,
        "Other Income Expense": -10116000.0,
        "Other Non Operating Income Expenses": -10642000.0,
        "Earnings From Equity Interest": 526000.0,
        "Gain On Sale Of Security": 1674000.0,
        "Net Non Operating Interest Income Expense": -10241000.0,
        "Interest Expense Non Operating": 10241000.0,
        "Operating Income": 20904000.0,
        "Operating Expense": 42752000.0,
        "Other Operating Expenses": NaN,
        "Selling General And Administration": 42752000.0,
        "Gross Profit": 63656000.0,
        "Cost Of Revenue": 271493000.0,
        "Total Revenue": 335149000.0,
        "Operating Revenue": 335149000.0
    }
}