{
    "2023-03-31": {
        "Tax Effect Of Unusual Items": NaN,
        "Tax Rate For Calcs": NaN,
        "Normalized EBITDA": NaN,
        "Total Unusual Items": NaN,
        "Total Unusual Items Excluding Goodwill": NaN,
        "Net Income From Continuing Operation Net Minority Interest": NaN,
        "Reconciled Depreciation": NaN,
        "Reconciled Cost Of Revenue": NaN,
        "EBITDA": NaN,
        "EBIT": NaN,
        "Net Interest Income": NaN,
        "Interest Income": NaN,
        "Normalized Income": NaN,
        "Net Income From Continuing And Discontinued Operation": NaN,
        "Total Expenses": NaN,
        "Total Operating Income As Reported": NaN,
        "Diluted Average Shares": 406177000.0,
        "Basic Average Shares": 406177000.0,
        "Diluted EPS": -0.04,
        "Basic EPS": -0.04,
        "Diluted NI Availto Com Stockholders": NaN,
        "Net Income Common Stockholders": NaN,
        "Net Income": NaN,
        "Net Income Including Noncontrolling Interests": NaN,
        "Net Income Continuous Operations": NaN,
        "Tax Provision": NaN,
        "Pretax Income": NaN,
        "Other Income Expense": NaN,
        "Other Non Operating Income Expenses": NaN,
        "Special Income Charges": NaN,
        "Restructuring And Mergern Acquisition": NaN,
        "Net Non Operating Interest Income Expense": NaN,
        "Interest Income Non Operating": NaN,
        "Operating Income": NaN,
        "Operating Expense": NaN,
        "Research And Development": NaN,
        "Selling General And Administration": NaN,
        "Selling And Marketing Expense": NaN,
        "General And Administrative Expense": NaN,
        "Other Gand A": NaN,
        "Salaries And Wages": NaN,
        "Gross Profit": NaN,
        "Cost Of Revenue": NaN,
        "Total Revenue": NaN,
        "Operating Revenue": NaN
    },
    "2022-12-31": {
        "Tax Effect Of Unusual Items": NaN,
        "Tax Rate For Calcs": NaN,
        "Normalized EBITDA": NaN,
        "Total Unusual Items": 180000.0,
        "Total Unusual Items Excluding Goodwill": 180000.0,
        "Net Income From Continuing Operation Net Minority Interest": NaN,
        "Reconciled Depreciation": NaN,
        "Reconciled Cost Of Revenue": NaN,
        "EBITDA": NaN,
        "EBIT": NaN,
        "Net Interest Income": NaN,
        "Interest Income": NaN,
        "Normalized Income": NaN,
        "Net Income From Continuing And Discontinued Operation": NaN,
        "Total Expenses": NaN,
        "Total Operating Income As Reported": NaN,
        "Diluted Average Shares": NaN,
        "Basic Average Shares": NaN,
        "Diluted EPS": NaN,
        "Basic EPS": NaN,
        "Diluted NI Availto Com Stockholders": NaN,
        "Net Income Common Stockholders": NaN,
        "Net Income": NaN,
        "Net Income Including Noncontrolling Interests": NaN,
        "Net Income Continuous Operations": NaN,
        "Tax Provision": NaN,
        "Pretax Income": NaN,
        "Other Income Expense": NaN,
        "Other Non Operating Income Expenses": NaN,
        "Special Income Charges": 180000.0,
        "Restructuring And Mergern Acquisition": -180000.0,
        "Net Non Operating Interest Income Expense": NaN,
        "Interest Income Non Operating": NaN,
        "Operating Income": NaN,
        "Operating Expense": NaN,
        "Research And Development": NaN,
        "Selling General And Administration": NaN,
        "Selling And Marketing Expense": NaN,
        "General And Administrative Expense": NaN,
        "Other Gand A": NaN,
        "Salaries And Wages": NaN,
        "Gross Profit": NaN,
        "Cost Of Revenue": NaN,
        "Total Revenue": NaN,
        "Operating Revenue": NaN
    },
    "2022-09-30": {
        "Tax Effect Of Unusual Items": NaN,
        "Tax Rate For Calcs": NaN,
        "Normalized EBITDA": NaN,
        "Total Unusual Items": -3493000.0,
        "Total Unusual Items Excluding Goodwill": -3493000.0,
        "Net Income From Continuing Operation Net Minority Interest": NaN,
        "Reconciled Depreciation": NaN,
        "Reconciled Cost Of Revenue": NaN,
        "EBITDA": NaN,
        "EBIT": NaN,
        "Net Interest Income": NaN,
        "Interest Income": NaN,
        "Normalized Income": NaN,
        "Net Income From Continuing And Discontinued Operation": NaN,
        "Total Expenses": NaN,
        "Total Operating Income As Reported": NaN,
        "Diluted Average Shares": NaN,
        "Basic Average Shares": NaN,
        "Diluted EPS": NaN,
        "Basic EPS": NaN,
        "Diluted NI Availto Com Stockholders": NaN,
        "Net Income Common Stockholders": NaN,
        "Net Income": NaN,
        "Net Income Including Noncontrolling Interests": NaN,
        "Net Income Continuous Operations": NaN,
        "Tax Provision": NaN,
        "Pretax Income": NaN,
        "Other Income Expense": NaN,
        "Other Non Operating Income Expenses": NaN,
        "Special Income Charges": -3493000.0,
        "Restructuring And Mergern Acquisition": 3493000.0,
        "Net Non Operating Interest Income Expense": NaN,
        "Interest Income Non Operating": NaN,
        "Operating Income": NaN,
        "Operating Expense": NaN,
        "Research And Development": NaN,
        "Selling General And Administration": NaN,
        "Selling And Marketing Expense": NaN,
        "General And Administrative Expense": NaN,
        "Other Gand A": NaN,
        "Salaries And Wages": NaN,
        "Gross Profit": NaN,
        "Cost Of Revenue": NaN,
        "Total Revenue": NaN,
        "Operating Revenue": NaN
    },
    "2022-06-30": {
        "Tax Effect Of Unusual Items": -4085200.0,
        "Tax Rate For Calcs": 0.4,
        "Normalized EBITDA": -41625000.0,
        "Total Unusual Items": -10213000.0,
        "Total Unusual Items Excluding Goodwill": -10213000.0,
        "Net Income From Continuing Operation Net Minority Interest": -69956000.0,
        "Reconciled Depreciation": 781000.0,
        "Reconciled Cost Of Revenue": 50810000.0,
        "EBITDA": -51838000.0,
        "EBIT": -52619000.0,
        "Net Interest Income": 288000.0,
        "Interest Expense": NaN,
        "Interest Income": 288000.0,
        "Normalized Income": -63828200.0,
        "Net Income From Continuing And Discontinued Operation": -69956000.0,
        "Total Expenses": 147059000.0,
        "Total Operating Income As Reported": -62832000.0,
        "Diluted Average Shares": 398187000.0,
        "Basic Average Shares": 398187000.0,
        "Diluted EPS": -0.18,
        "Basic EPS": -0.18,
        "Diluted NI Availto Com Stockholders": -69956000.0,
        "Net Income Common Stockholders": -69956000.0,
        "Net Income": -69956000.0,
        "Net Income Including Noncontrolling Interests": -69956000.0,
        "Net Income Continuous Operations": -69956000.0,
        "Tax Provision": 5157000.0,
        "Pretax Income": -64799000.0,
        "Other Income Expense": -12468000.0,
        "Other Non Operating Income Expenses": -2255000.0,
        "Special Income Charges": -10213000.0,
        "Restructuring And Mergern Acquisition": 10213000.0,
        "Net Non Operating Interest Income Expense": 288000.0,
        "Interest Expense Non Operating": NaN,
        "Interest Income Non Operating": 288000.0,
        "Operating Income": -52619000.0,
        "Operating Expense": 96249000.0,
        "Research And Development": 9356000.0,
        "Selling General And Administration": 86893000.0,
        "Selling And Marketing Expense": 53134000.0,
        "General And Administrative Expense": 33759000.0,
        "Other Gand A": 26110000.0,
        "Salaries And Wages": 7649000.0,
        "Gross Profit": 43630000.0,
        "Cost Of Revenue": 50810000.0,
        "Total Revenue": 94440000.0,
        "Operating Revenue": 94440000.0
    },
    "2023-06-30": {
        "Tax Effect Of Unusual Items": NaN,
        "Tax Rate For Calcs": NaN,
        "Normalized EBITDA": NaN,
        "Total Unusual Items": -10032000.0,
        "Total Unusual Items Excluding Goodwill": -10032000.0,
        "Net Income From Continuing Operation Net Minority Interest": NaN,
        "Reconciled Depreciation": NaN,
        "Reconciled Cost Of Revenue": NaN,
        "EBITDA": NaN,
        "EBIT": NaN,
        "Net Interest Income": NaN,
        "Interest Income": NaN,
        "Normalized Income": NaN,
        "Net Income From Continuing And Discontinued Operation": NaN,
        "Total Expenses": NaN,
        "Total Operating Income As Reported": NaN,
        "Diluted Average Shares": 407848000.0,
        "Basic Average Shares": 407848000.0,
        "Diluted EPS": -0.04,
        "Basic EPS": -0.04,
        "Diluted NI Availto Com Stockholders": NaN,
        "Net Income Common Stockholders": NaN,
        "Net Income": NaN,
        "Net Income Including Noncontrolling Interests": NaN,
        "Net Income Continuous Operations": NaN,
        "Tax Provision": NaN,
        "Pretax Income": NaN,
        "Other Income Expense": NaN,
        "Other Non Operating Income Expenses": NaN,
        "Special Income Charges": -10032000.0,
        "Restructuring And Mergern Acquisition": 10032000.0,
        "Net Non Operating Interest Income Expense": NaN,
        "Interest Income Non Operating": NaN,
        "Operating Income": NaN,
        "Operating Expense": NaN,
        "Research And Development": NaN,
        "Selling General And Administration": NaN,
        "Selling And Marketing Expense": NaN,
        "General And Administrative Expense": NaN,
        "Other Gand A": NaN,
        "Salaries And Wages": NaN,
        "Gross Profit": NaN,
        "Cost Of Revenue": NaN,
        "Total Revenue": NaN,
        "Operating Revenue": NaN
    },
    "2022-03-31": {
        "Diluted EPS": -0.08,
        "Total Revenue": 95,
        "Gross Profit": 72,
        "Operating Income": -28,
        "EBIT": -28,
        "Net Income": -32
    },
    "2021-12-31": {
        "Diluted EPS": 0.03,
        "Total Revenue": 144,
        "Gross Profit": 114,
        "Operating Income": 16,
        "EBIT": 17,
        "Net Income": 15
    },
    "2021-09-30": {
        "Diluted EPS": -0.03,
        "Total Revenue": 142,
        "Gross Profit": 112,
        "Operating Income": -13,
        "EBIT": -12,
        "Net Income": -13
    },
    "2021-06-30": {
        "Diluted EPS": 0.02,
        "Total Revenue": 154,
        "Gross Profit": 122,
        "Operating Income": 9,
        "EBIT": 9,
        "Net Income": 8
    },
    "2021-03-31": {
        "Diluted EPS": 0.0,
        "Total Revenue": 142,
        "Gross Profit": 114,
        "Operating Income": -1,
        "EBIT": 0,
        "Net Income": -2
    },
    "2020-12-31": {
        "Diluted EPS": 0.02,
        "Total Revenue": 167,
        "Gross Profit": 132,
        "Operating Income": 7,
        "EBIT": 7,
        "Net Income": 5
    },
    "2020-09-30": {
        "Diluted EPS": -0.02,
        "Total Revenue": 156,
        "Gross Profit": 123,
        "Operating Income": -7,
        "EBIT": -6,
        "Net Income": -7
    },
    "2020-06-30": {
        "Diluted EPS": 0.01,
        "Total Revenue": 135,
        "Gross Profit": 107,
        "Operating Income": 4,
        "EBIT": 5,
        "Net Income": 4
    },
    "2020-03-31": {
        "Diluted EPS": -0.06,
        "Total Revenue": 155,
        "Gross Profit": 120,
        "Operating Income": -24,
        "EBIT": -23,
        "Net Income": -21
    },
    "2019-12-31": {
        "Diluted EPS": 0.02,
        "Total Revenue": 143,
        "Gross Profit": 113,
        "Operating Income": 5,
        "EBIT": 6,
        "Net Income": 7
    },
    "2019-09-30": {
        "Diluted EPS": -0.01,
        "Total Revenue": 112,
        "Gross Profit": 87,
        "Operating Income": -5,
        "EBIT": -4,
        "Net Income": -3
    },
    "2019-06-30": {
        "Diluted EPS": -0.01,
        "Total Revenue": 101,
        "Gross Profit": 78,
        "Operating Income": -3,
        "EBIT": -2,
        "Net Income": -2
    },
    "2019-03-31": {
        "Diluted EPS": -0.07,
        "Total Revenue": 73,
        "Gross Profit": 56,
        "Operating Income": -23,
        "EBIT": -22,
        "Net Income": -24
    },
    "2018-12-31": {
        "Diluted EPS": -0.11,
        "Total Revenue": 77,
        "Gross Profit": 60,
        "Operating Income": -32,
        "EBIT": -31,
        "Net Income": -34
    },
    "2018-09-30": {
        "Diluted EPS": -0.08,
        "Total Revenue": 55,
        "Gross Profit": 42,
        "Operating Income": -22,
        "EBIT": -22,
        "Net Income": -24
    },
    "2018-06-30": {
        "Diluted EPS": -0.12,
        "Total Revenue": 53,
        "Gross Profit": 40,
        "Operating Income": -32,
        "EBIT": -32,
        "Net Income": -34
    },
    "2018-03-31": {
        "Diluted EPS": -0.08,
        "Total Revenue": 44,
        "Gross Profit": 33,
        "Operating Income": -22,
        "EBIT": -21,
        "Net Income": -24
    },
    "2017-12-31": {
        "Diluted EPS": -0.08,
        "Total Revenue": 54,
        "Gross Profit": 40,
        "Operating Income": -7,
        "EBIT": -6,
        "Net Income": -22
    },
    "2017-09-30": {
        "Diluted EPS": -0.04,
        "Total Revenue": 47,
        "Gross Profit": 35,
        "Operating Income": -8,
        "EBIT": -8,
        "Net Income": -11
    },
    "2017-06-30": {
        "Diluted EPS": -0.05,
        "Total Revenue": 45,
        "Gross Profit": 34,
        "Operating Income": -11,
        "EBIT": -11,
        "Net Income": -14
    },
    "2017-03-31": {
        "Diluted EPS": -0.08,
        "Total Revenue": 35,
        "Gross Profit": 26,
        "Operating Income": -19,
        "EBIT": -18,
        "Net Income": -21
    },
    "2016-12-31": {
        "Diluted EPS": -0.1,
        "Total Revenue": 39,
        "Gross Profit": 29,
        "Operating Income": -13,
        "EBIT": -12,
        "Net Income": -27
    },
    "2016-09-30": {
        "Diluted EPS": -0.08,
        "Total Revenue": 33,
        "Gross Profit": 24,
        "Operating Income": -15,
        "EBIT": -13,
        "Net Income": -16
    },
    "2016-06-30": {
        "Diluted EPS": -0.07,
        "Total Revenue": 33,
        "Gross Profit": 24,
        "Operating Income": -14,
        "EBIT": -12,
        "Net Income": -13
    },
    "2016-03-31": {
        "Diluted EPS": -0.16,
        "Total Revenue": 26,
        "Gross Profit": 19,
        "Operating Income": -23,
        "EBIT": -20,
        "Net Income": -30
    },
    "2015-12-31": {
        "Diluted EPS": -0.12,
        "Total Revenue": 27,
        "Gross Profit": 18,
        "Operating Income": -19,
        "EBIT": -16,
        "Net Income": -22
    },
    "2015-09-30": {
        "Diluted EPS": -0.18,
        "Total Revenue": 21,
        "Gross Profit": 14,
        "Operating Income": -26,
        "EBIT": -24,
        "Net Income": -32
    },
    "2015-06-30": {
        "Diluted EPS": -0.35,
        "Total Revenue": 18,
        "Gross Profit": 11,
        "Operating Income": -27,
        "EBIT": -25,
        "Net Income": -63
    },
    "2015-03-31": {
        "Diluted EPS": -0.18,
        "Total Revenue": 16,
        "Gross Profit": 10,
        "Operating Income": -27,
        "EBIT": -25,
        "Net Income": -32
    },
    "2014-12-31": {
        "Diluted EPS": -0.12,
        "Total Revenue": 16,
        "Gross Profit": 11,
        "Operating Income": -20,
        "EBIT": -18,
        "Net Income": -20
    },
    "2014-09-30": {
        "Diluted EPS": -0.17,
        "Total Revenue": 14,
        "Gross Profit": 9,
        "Operating Income": -25,
        "EBIT": -23,
        "Net Income": -26
    },
    "2014-06-30": {
        "Diluted EPS": 0.08,
        "Total Revenue": 13,
        "Gross Profit": 8,
        "Operating Income": -25,
        "EBIT": -24,
        "Net Income": 15
    },
    "2014-03-31": {
        "Diluted EPS": -0.15,
        "Total Revenue": 11,
        "Gross Profit": 7,
        "Operating Income": -26,
        "EBIT": -24,
        "Net Income": -26
    },
    "2013-12-31": {
        "Diluted EPS": -0.22,
        "Total Revenue": 10,
        "Gross Profit": 6,
        "Operating Income": -33,
        "EBIT": -28,
        "Net Income": -15
    },
    "2013-09-30": {
        "Diluted EPS": -0.29,
        "Total Revenue": 8,
        "Gross Profit": 5,
        "Operating Income": -40,
        "EBIT": -36,
        "Net Income": -49
    },
    "2013-06-30": {
        "Diluted EPS": -0.34,
        "Total Revenue": 6,
        "Gross Profit": 3,
        "Operating Income": -49,
        "EBIT": -44,
        "Net Income": -40
    },
    "2013-03-31": {
        "Diluted EPS": -0.43,
        "Total Revenue": 2,
        "Gross Profit": 1,
        "Operating Income": -60,
        "EBIT": -56,
        "Net Income": -62
    },
    "2012-12-31": {
        "Diluted EPS": -0.03,
        "Total Revenue": NaN,
        "Gross Profit": NaN,
        "Operating Income": -36,
        "EBIT": -32,
        "Net Income": -11
    },
    "2012-09-30": {
        "Diluted EPS": -0.18,
        "Total Revenue": NaN,
        "Gross Profit": NaN,
        "Operating Income": -34,
        "EBIT": -31,
        "Net Income": -26
    },
    "2012-06-30": {
        "Diluted EPS": -0.38,
        "Total Revenue": NaN,
        "Gross Profit": NaN,
        "Operating Income": -28,
        "EBIT": -22,
        "Net Income": -54
    },
    "2012-03-31": {
        "Diluted EPS": -0.65,
        "Total Revenue": NaN,
        "Gross Profit": NaN,
        "Operating Income": -19,
        "EBIT": -19,
        "Net Income": -88
    },
    "2011-12-31": {
        "Diluted EPS": 0.31,
        "Total Revenue": NaN,
        "Gross Profit": NaN,
        "Operating Income": -12,
        "EBIT": -12,
        "Net Income": 18
    },
    "2011-09-30": {
        "Diluted EPS": 0.62,
        "Total Revenue": NaN,
        "Gross Profit": NaN,
        "Operating Income": -9,
        "EBIT": -9,
        "Net Income": 96
    },
    "2011-06-30": {
        "Diluted EPS": -1.58,
        "Total Revenue": NaN,
        "Gross Profit": NaN,
        "Operating Income": -15,
        "EBIT": -15,
        "Net Income": -202
    },
    "2011-03-31": {
        "Diluted EPS": 0.12,
        "Total Revenue": NaN,
        "Gross Profit": NaN,
        "Operating Income": -7,
        "EBIT": -7,
        "Net Income": 18
    },
    "2010-12-31": {
        "Diluted EPS": -1.82,
        "Total Revenue": NaN,
        "Gross Profit": NaN,
        "Operating Income": -17,
        "EBIT": -17,
        "Net Income": -188
    },
    "2010-09-30": {
        "Diluted EPS": -0.11,
        "Total Revenue": NaN,
        "Gross Profit": NaN,
        "Operating Income": -10,
        "EBIT": -10,
        "Net Income": -11
    },
    "2010-06-30": {
        "Diluted EPS": 0.42,
        "Total Revenue": NaN,
        "Gross Profit": NaN,
        "Operating Income": -11,
        "EBIT": -11,
        "Net Income": 41
    },
    "2010-03-31": {
        "Diluted EPS": -0.09,
        "Total Revenue": NaN,
        "Gross Profit": NaN,
        "Operating Income": -7,
        "EBIT": -7,
        "Net Income": -9
    },
    "2009-12-31": {
        "Diluted EPS": 0.0,
        "Total Revenue": NaN,
        "Gross Profit": NaN,
        "Operating Income": NaN,
        "EBIT": NaN,
        "Net Income": NaN
    },
    "2023-09-30": {
        "Tax Effect Of Unusual Items": -149310.0,
        "Tax Rate For Calcs": 0.21,
        "Normalized EBITDA": -19295000.0,
        "Total Unusual Items": -711000.0,
        "Total Unusual Items Excluding Goodwill": -711000.0,
        "Net Income From Continuing Operation Net Minority Interest": -19311000.0,
        "Reconciled Depreciation": 734000.0,
        "Reconciled Cost Of Revenue": 36234000.0,
        "EBITDA": -20006000.0,
        "EBIT": -20740000.0,
        "Net Interest Income": 3216000.0,
        "Interest Income": 3216000.0,
        "Normalized Income": -18749310.0,
        "Net Income From Continuing And Discontinued Operation": -19311000.0,
        "Total Expenses": 86796000.0,
        "Total Operating Income As Reported": -21451000.0,
        "Diluted Average Shares": 408417000.0,
        "Basic Average Shares": 408417000.0,
        "Diluted EPS": -0.05,
        "Basic EPS": -0.05,
        "Diluted NI Availto Com Stockholders": -19311000.0,
        "Net Income Common Stockholders": -19311000.0,
        "Net Income": -19311000.0,
        "Net Income Including Noncontrolling Interests": -19311000.0,
        "Net Income Continuous Operations": -19311000.0,
        "Tax Provision": 501000.0,
        "Pretax Income": -18810000.0,
        "Other Income Expense": -1286000.0,
        "Other Non Operating Income Expenses": -575000.0,
        "Special Income Charges": -711000.0,
        "Restructuring And Mergern Acquisition": 711000.0,
        "Net Non Operating Interest Income Expense": 3216000.0,
        "Interest Income Non Operating": 3216000.0,
        "Operating Income": -20740000.0,
        "Operating Expense": 50562000.0,
        "Research And Development": 5105000.0,
        "Selling General And Administration": 45457000.0,
        "Selling And Marketing Expense": 24054000.0,
        "General And Administrative Expense": 21403000.0,
        "Other Gand A": 17753000.0,
        "Salaries And Wages": 3650000.0,
        "Gross Profit": 29822000.0,
        "Cost Of Revenue": 36234000.0,
        "Total Revenue": 66056000.0,
        "Operating Revenue": 66056000.0
    },
    "2023-12-31": {
        "Tax Effect Of Unusual Items": -48090.0,
        "Tax Rate For Calcs": 0.21,
        "Normalized EBITDA": -691000.0,
        "Total Unusual Items": -229000.0,
        "Total Unusual Items Excluding Goodwill": -229000.0,
        "Net Income From Continuing Operation Net Minority Interest": -5781000.0,
        "Reconciled Depreciation": 734000.0,
        "Reconciled Cost Of Revenue": 29589000.0,
        "EBITDA": -920000.0,
        "EBIT": -1654000.0,
        "Net Interest Income": 3417000.0,
        "Interest Income": 3425000.0,
        "Normalized Income": -5600090.0,
        "Net Income From Continuing And Discontinued Operation": -5781000.0,
        "Total Expenses": 79321000.0,
        "Total Operating Income As Reported": -4837000.0,
        "Diluted Average Shares": NaN,
        "Basic Average Shares": NaN,
        "Diluted EPS": NaN,
        "Basic EPS": NaN,
        "Diluted NI Availto Com Stockholders": -5781000.0,
        "Net Income Common Stockholders": -5781000.0,
        "Net Income": -5781000.0,
        "Net Income Including Noncontrolling Interests": -5781000.0,
        "Net Income Continuous Operations": -5781000.0,
        "Tax Provision": 3332000.0,
        "Pretax Income": -2449000.0,
        "Other Income Expense": -1258000.0,
        "Other Non Operating Income Expenses": -1029000.0,
        "Special Income Charges": -229000.0,
        "Restructuring And Mergern Acquisition": 229000.0,
        "Net Non Operating Interest Income Expense": 3417000.0,
        "Interest Income Non Operating": 3425000.0,
        "Operating Income": -4608000.0,
        "Operating Expense": 49732000.0,
        "Research And Development": 5791000.0,
        "Selling General And Administration": 43941000.0,
        "Selling And Marketing Expense": 22807000.0,
        "General And Administrative Expense": 21134000.0,
        "Other Gand A": 17585000.0,
        "Salaries And Wages": 3549000.0,
        "Gross Profit": 45124000.0,
        "Cost Of Revenue": 29589000.0,
        "Total Revenue": 74713000.0,
        "Operating Revenue": 74713000.0
    },
    "2024-03-31": {
        "Tax Effect Of Unusual Items": 0.0,
        "Tax Rate For Calcs": 0.21,
        "Normalized EBITDA": -12821000.0,
        "Total Unusual Items": NaN,
        "Total Unusual Items Excluding Goodwill": NaN,
        "Net Income From Continuing Operation Net Minority Interest": -9953000.0,
        "Reconciled Depreciation": 762000.0,
        "Reconciled Cost Of Revenue": 24615000.0,
        "EBITDA": -12821000.0,
        "EBIT": -13583000.0,
        "Net Interest Income": 3383000.0,
        "Interest Income": 3383000.0,
        "Normalized Income": -9953000.0,
        "Net Income From Continuing And Discontinued Operation": -9953000.0,
        "Total Expenses": 70102000.0,
        "Total Operating Income As Reported": -13583000.0,
        "Diluted Average Shares": 410146000.0,
        "Basic Average Shares": 410146000.0,
        "Diluted EPS": -0.02,
        "Basic EPS": -0.02,
        "Diluted NI Availto Com Stockholders": -9953000.0,
        "Net Income Common Stockholders": -9953000.0,
        "Net Income": -9953000.0,
        "Net Income Including Noncontrolling Interests": -9953000.0,
        "Net Income Continuous Operations": -9953000.0,
        "Tax Provision": 1298000.0,
        "Pretax Income": -8655000.0,
        "Other Income Expense": 1545000.0,
        "Other Non Operating Income Expenses": 1545000.0,
        "Special Income Charges": NaN,
        "Restructuring And Mergern Acquisition": NaN,
        "Net Non Operating Interest Income Expense": 3383000.0,
        "Interest Income Non Operating": 3383000.0,
        "Operating Income": -13583000.0,
        "Operating Expense": 45487000.0,
        "Research And Development": 5598000.0,
        "Selling General And Administration": 39889000.0,
        "Selling And Marketing Expense": 20395000.0,
        "General And Administrative Expense": 19494000.0,
        "Other Gand A": 15282000.0,
        "Salaries And Wages": 4212000.0,
        "Gross Profit": 31904000.0,
        "Cost Of Revenue": 24615000.0,
        "Total Revenue": 56519000.0,
        "Operating Revenue": 56519000.0
    },
    "2024-06-30": {
        "Tax Effect Of Unusual Items": 0.0,
        "Tax Rate For Calcs": 0.21,
        "Normalized EBITDA": 237000.0,
        "Total Unusual Items": 0.0,
        "Total Unusual Items Excluding Goodwill": 0.0,
        "Net Income From Continuing Operation Net Minority Interest": 1522000.0,
        "Reconciled Depreciation": 761000.0,
        "Reconciled Cost Of Revenue": 24722000.0,
        "EBITDA": 237000.0,
        "EBIT": -524000.0,
        "Net Interest Income": 3271000.0,
        "Interest Income": 3271000.0,
        "Normalized Income": 1522000.0,
        "Net Income From Continuing And Discontinued Operation": 1522000.0,
        "Total Expenses": 68015000.0,
        "Total Operating Income As Reported": -524000.0,
        "Diluted Average Shares": 411395000.0,
        "Basic Average Shares": 410851000.0,
        "Diluted EPS": 0.0037,
        "Basic EPS": 0.003705,
        "Diluted NI Availto Com Stockholders": 1522000.0,
        "Net Income Common Stockholders": 1522000.0,
        "Net Income": 1522000.0,
        "Net Income Including Noncontrolling Interests": 1522000.0,
        "Net Income Continuous Operations": 1522000.0,
        "Tax Provision": 1370000.0,
        "Pretax Income": 2892000.0,
        "Other Income Expense": 145000.0,
        "Other Non Operating Income Expenses": 145000.0,
        "Special Income Charges": 0.0,
        "Restructuring And Mergern Acquisition": 0.0,
        "Net Non Operating Interest Income Expense": 3271000.0,
        "Interest Income Non Operating": 3271000.0,
        "Operating Income": -524000.0,
        "Operating Expense": 43293000.0,
        "Research And Development": 4746000.0,
        "Selling General And Administration": 38547000.0,
        "Selling And Marketing Expense": 20497000.0,
        "General And Administrative Expense": 18050000.0,
        "Other Gand A": 14522000.0,
        "Salaries And Wages": 3528000.0,
        "Gross Profit": 42769000.0,
        "Cost Of Revenue": 24722000.0,
        "Total Revenue": 67491000.0,
        "Operating Revenue": 67491000.0
    },
    "2024-09-30": {
        "Tax Effect Of Unusual Items": 0.0,
        "Tax Rate For Calcs": 0.21,
        "Normalized EBITDA": -24415000.0,
        "Total Unusual Items": 0.0,
        "Total Unusual Items Excluding Goodwill": 0.0,
        "Net Income From Continuing Operation Net Minority Interest": -25134000.0,
        "Reconciled Depreciation": 753000.0,
        "Reconciled Cost Of Revenue": 26022000.0,
        "EBITDA": -24415000.0,
        "EBIT": -25168000.0,
        "Net Interest Income": 3374000.0,
        "Interest Income": 3374000.0,
        "Normalized Income": -25134000.0,
        "Net Income From Continuing And Discontinued Operation": -25134000.0,
        "Total Expenses": 67466000.0,
        "Total Operating Income As Reported": -25168000.0,
        "Diluted Average Shares": 411150000.0,
        "Basic Average Shares": 411150000.0,
        "Diluted EPS": -0.06,
        "Basic EPS": -0.06,
        "Diluted NI Availto Com Stockholders": -25134000.0,
        "Net Income Common Stockholders": -25134000.0,
        "Net Income": -25134000.0,
        "Net Income Including Noncontrolling Interests": -25134000.0,
        "Net Income Continuous Operations": -25134000.0,
        "Tax Provision": 3605000.0,
        "Pretax Income": -21529000.0,
        "Other Income Expense": 265000.0,
        "Other Non Operating Income Expenses": 265000.0,
        "Special Income Charges": 0.0,
        "Restructuring And Mergern Acquisition": 0.0,
        "Net Non Operating Interest Income Expense": 3374000.0,
        "Interest Income Non Operating": 3374000.0,
        "Operating Income": -25168000.0,
        "Operating Expense": 41444000.0,
        "Research And Development": 4540000.0,
        "Selling General And Administration": 36904000.0,
        "Selling And Marketing Expense": 18777000.0,
        "General And Administrative Expense": 18127000.0,
        "Other Gand A": 14298000.0,
        "Salaries And Wages": 3829000.0,
        "Gross Profit": 16276000.0,
        "Cost Of Revenue": 26022000.0,
        "Total Revenue": 42298000.0,
        "Operating Revenue": 42298000.0
    }
}