{
    "2023-03-31": {
        "Tax Effect Of Unusual Items": -282794.666298,
        "Tax Rate For Calcs": 0.004244,
        "Normalized EBITDA": -110313000.0,
        "Total Unusual Items": -66633000.0,
        "Total Unusual Items Excluding Goodwill": -66633000.0,
        "Net Income From Continuing Operation Net Minority Interest": -193342000.0,
        "Reconciled Depreciation": 12707000.0,
        "Reconciled Cost Of Revenue": 51081000.0,
        "EBIT": -189653000.0,
        "Net Interest Income": -12983000.0,
        "Interest Expense": 12983000.0,
        "Normalized Income": -126991794.666298,
        "Net Income From Continuing And Discontinued Operation": -193342000.0,
        "Total Expenses": 173716000.0,
        "Total Operating Income As Reported": -185529000.0,
        "Diluted Average Shares": 365603738.0,
        "Basic Average Shares": 365603738.0,
        "Diluted EPS": -0.53,
        "Basic EPS": -0.53,
        "Diluted NI Availto Com Stockholders": -193342000.0,
        "Average Dilution Earnings": 0.0,
        "Net Income Common Stockholders": -193342000.0,
        "Otherunder Preferred Stock Dividend": NaN,
        "Net Income": -193342000.0,
        "Minority Interests": 8434000.0,
        "Net Income Including Noncontrolling Interests": -201776000.0,
        "Net Income Continuous Operations": -201776000.0,
        "Earnings From Equity Interest Net Of Tax": 0.0,
        "Tax Provision": -860000.0,
        "Pretax Income": -202636000.0,
        "Other Income Expense": -72020000.0,
        "Other Non Operating Income Expenses": -5387000.0,
        "Special Income Charges": -67896000.0,
        "Write Off": 95386000.0,
        "Restructuring And Mergern Acquisition": -27490000.0,
        "Gain On Sale Of Security": 1263000.0,
        "Net Non Operating Interest Income Expense": -12983000.0,
        "Interest Expense Non Operating": 12983000.0,
        "Operating Income": -117633000.0,
        "Operating Expense": 122635000.0,
        "Research And Development": 26765000.0,
        "Selling General And Administration": 95870000.0,
        "Gross Profit": 5002000.0,
        "Cost Of Revenue": 51081000.0,
        "Total Revenue": 56083000.0,
        "Operating Revenue": 56083000.0
    },
    "2022-12-31": {
        "Tax Effect Of Unusual Items": 210681.367841,
        "Tax Rate For Calcs": 0.008842,
        "Normalized EBITDA": -156161000.0,
        "Total Unusual Items": 23828000.0,
        "Total Unusual Items Excluding Goodwill": 23828000.0,
        "Net Income From Continuing Operation Net Minority Interest": -149797000.0,
        "Reconciled Depreciation": 11796000.0,
        "Reconciled Cost Of Revenue": 87925000.0,
        "EBIT": -144129000.0,
        "Net Interest Income": -7877000.0,
        "Interest Expense": 7877000.0,
        "Normalized Income": -173414318.632159,
        "Net Income From Continuing And Discontinued Operation": -149797000.0,
        "Total Expenses": 252308000.0,
        "Total Operating Income As Reported": -152824000.0,
        "Diluted Average Shares": NaN,
        "Basic Average Shares": NaN,
        "Diluted EPS": NaN,
        "Basic EPS": NaN,
        "Diluted NI Availto Com Stockholders": -159355000.0,
        "Average Dilution Earnings": -9558000.0,
        "Net Income Common Stockholders": -149797000.0,
        "Otherunder Preferred Stock Dividend": 0.0,
        "Net Income": -149797000.0,
        "Minority Interests": 1799000.0,
        "Net Income Including Noncontrolling Interests": -151596000.0,
        "Net Income Continuous Operations": -151596000.0,
        "Earnings From Equity Interest Net Of Tax": -934000.0,
        "Tax Provision": -1344000.0,
        "Pretax Income": -152006000.0,
        "Other Income Expense": 32377000.0,
        "Other Non Operating Income Expenses": 8549000.0,
        "Special Income Charges": 23682000.0,
        "Write Off": NaN,
        "Restructuring And Mergern Acquisition": NaN,
        "Gain On Sale Of Security": 146000.0,
        "Net Non Operating Interest Income Expense": -7877000.0,
        "Interest Expense Non Operating": 7877000.0,
        "Operating Income": -176506000.0,
        "Operating Expense": 164383000.0,
        "Research And Development": 28966000.0,
        "Selling General And Administration": 135417000.0,
        "Gross Profit": -12123000.0,
        "Cost Of Revenue": 87925000.0,
        "Total Revenue": 75802000.0,
        "Operating Revenue": 75802000.0
    },
    "2022-09-30": {
        "Tax Effect Of Unusual Items": -661600.0,
        "Tax Rate For Calcs": 0.4,
        "Normalized EBITDA": -153414000.0,
        "Total Unusual Items": -1654000.0,
        "Total Unusual Items Excluding Goodwill": -1654000.0,
        "Net Income From Continuing Operation Net Minority Interest": -161395000.0,
        "Reconciled Depreciation": 5765000.0,
        "Reconciled Cost Of Revenue": 65818000.0,
        "EBIT": -160833000.0,
        "Net Interest Income": -6289000.0,
        "Interest Expense": 6289000.0,
        "Normalized Income": -160402600.0,
        "Net Income From Continuing And Discontinued Operation": -161395000.0,
        "Total Expenses": 219307000.0,
        "Total Operating Income As Reported": -148178000.0,
        "Diluted Average Shares": 322286529.0,
        "Basic Average Shares": 322286529.0,
        "Diluted EPS": -0.5,
        "Basic EPS": -0.5,
        "Diluted NI Availto Com Stockholders": -161395000.0,
        "Average Dilution Earnings": 0.0,
        "Net Income Common Stockholders": -161395000.0,
        "Otherunder Preferred Stock Dividend": 0.0,
        "Net Income": -161395000.0,
        "Minority Interests": 6627000.0,
        "Net Income Including Noncontrolling Interests": -168022000.0,
        "Net Income Continuous Operations": -168022000.0,
        "Earnings From Equity Interest Net Of Tax": -748000.0,
        "Tax Provision": 152000.0,
        "Pretax Income": -167122000.0,
        "Other Income Expense": -12655000.0,
        "Other Non Operating Income Expenses": -11001000.0,
        "Special Income Charges": 0.0,
        "Write Off": NaN,
        "Restructuring And Mergern Acquisition": NaN,
        "Gain On Sale Of Security": -1654000.0,
        "Net Non Operating Interest Income Expense": -6289000.0,
        "Interest Expense Non Operating": 6289000.0,
        "Operating Income": -148178000.0,
        "Operating Expense": 153489000.0,
        "Research And Development": 28780000.0,
        "Selling General And Administration": 124709000.0,
        "Gross Profit": 5311000.0,
        "Cost Of Revenue": 65818000.0,
        "Total Revenue": 71129000.0,
        "Operating Revenue": 71129000.0
    },
    "2022-06-30": {
        "Tax Effect Of Unusual Items": 22563.05329,
        "Tax Rate For Calcs": 0.006271,
        "Normalized EBITDA": -101860000.0,
        "Total Unusual Items": 3598000.0,
        "Total Unusual Items Excluding Goodwill": 3598000.0,
        "Net Income From Continuing Operation Net Minority Interest": -110013000.0,
        "Reconciled Depreciation": 5667000.0,
        "Reconciled Cost Of Revenue": 55930000.0,
        "EBIT": -103929000.0,
        "Net Interest Income": -5304000.0,
        "Interest Expense": 5304000.0,
        "Normalized Income": -113588436.94671,
        "Net Income From Continuing And Discontinued Operation": -110013000.0,
        "Total Expenses": 208628000.0,
        "Total Operating Income As Reported": -143421000.0,
        "Diluted Average Shares": 336642879.0,
        "Basic Average Shares": 319916244.0,
        "Diluted EPS": -0.44,
        "Basic EPS": -0.34,
        "Diluted NI Availto Com Stockholders": -147966000.0,
        "Average Dilution Earnings": -37953000.0,
        "Net Income Common Stockholders": -110013000.0,
        "Otherunder Preferred Stock Dividend": 0.0,
        "Net Income": -110013000.0,
        "Minority Interests": 3507000.0,
        "Net Income Including Noncontrolling Interests": -113520000.0,
        "Net Income Continuous Operations": -113520000.0,
        "Earnings From Equity Interest Net Of Tax": -4972000.0,
        "Tax Provision": -685000.0,
        "Pretax Income": -109233000.0,
        "Other Income Expense": 39492000.0,
        "Other Non Operating Income Expenses": 35894000.0,
        "Special Income Charges": 0.0,
        "Write Off": NaN,
        "Restructuring And Mergern Acquisition": NaN,
        "Gain On Sale Of Security": 3598000.0,
        "Net Non Operating Interest Income Expense": -5304000.0,
        "Interest Expense Non Operating": 5304000.0,
        "Operating Income": -143421000.0,
        "Operating Expense": 152698000.0,
        "Research And Development": 26111000.0,
        "Selling General And Administration": 126587000.0,
        "Gross Profit": 9277000.0,
        "Cost Of Revenue": 55930000.0,
        "Total Revenue": 65207000.0,
        "Operating Revenue": 65207000.0
    },
    "2022-03-31": {
        "Diluted EPS": -0.37,
        "Total Revenue": 58,
        "Gross Profit": 9,
        "Operating Income": -125,
        "EBIT": -120,
        "Net Income": -107
    },
    "2021-12-31": {
        "Diluted EPS": 0.54,
        "Total Revenue": 65,
        "Gross Profit": 3,
        "Operating Income": -129,
        "EBIT": -119,
        "Net Income": 36
    },
    "2021-09-30": {
        "Diluted EPS": -0.27,
        "Total Revenue": 48,
        "Gross Profit": 8,
        "Operating Income": -87,
        "EBIT": -82,
        "Net Income": -33
    },
    "2021-06-30": {
        "Diluted EPS": -0.16,
        "Total Revenue": 52,
        "Gross Profit": 22,
        "Operating Income": -55,
        "EBIT": -51,
        "Net Income": 15
    },
    "2021-03-31": {
        "Diluted EPS": -1.08,
        "Total Revenue": 177,
        "Gross Profit": 154,
        "Operating Income": 93,
        "EBIT": 97,
        "Net Income": -289
    },
    "2020-12-31": {
        "Diluted EPS": -0.35,
        "Total Revenue": 80,
        "Gross Profit": 53,
        "Operating Income": -3,
        "EBIT": 1,
        "Net Income": -108
    },
    "2020-09-30": {
        "Diluted EPS": -0.41,
        "Total Revenue": 34,
        "Gross Profit": 8,
        "Operating Income": -48,
        "EBIT": -44,
        "Net Income": -83
    },
    "2020-06-30": {
        "Diluted EPS": -0.56,
        "Total Revenue": 30,
        "Gross Profit": 7,
        "Operating Income": -41,
        "EBIT": -36,
        "Net Income": -104
    },
    "2020-03-31": {
        "Diluted EPS": -0.56,
        "Total Revenue": 29,
        "Gross Profit": 17,
        "Operating Income": -32,
        "EBIT": -28,
        "Net Income": -87
    },
    "2019-12-31": {
        "Diluted EPS": -0.58,
        "Total Revenue": 41,
        "Gross Profit": 18,
        "Operating Income": -32,
        "EBIT": -26,
        "Net Income": -78
    },
    "2019-09-30": {
        "Diluted EPS": -0.56,
        "Total Revenue": 35,
        "Gross Profit": 14,
        "Operating Income": -38,
        "EBIT": -30,
        "Net Income": -58
    },
    "2019-06-30": {
        "Diluted EPS": -0.76,
        "Total Revenue": 63,
        "Gross Profit": 48,
        "Operating Income": -3,
        "EBIT": 4,
        "Net Income": -71
    },
    "2019-03-31": {
        "Diluted EPS": -0.82,
        "Total Revenue": 14,
        "Gross Profit": -3,
        "Operating Income": -49,
        "EBIT": -41,
        "Net Income": -64
    },
    "2018-12-31": {
        "Diluted EPS": -0.52,
        "Total Revenue": 16,
        "Gross Profit": 0,
        "Operating Income": -49,
        "EBIT": -43,
        "Net Income": -48
    },
    "2018-09-30": {
        "Diluted EPS": -1.26,
        "Total Revenue": 14,
        "Gross Profit": 6,
        "Operating Income": -38,
        "EBIT": -33,
        "Net Income": -77
    },
    "2018-06-30": {
        "Diluted EPS": -0.24,
        "Total Revenue": 15,
        "Gross Profit": 9,
        "Operating Income": -27,
        "EBIT": -22,
        "Net Income": -13
    },
    "2018-03-31": {
        "Diluted EPS": -1.67,
        "Total Revenue": 18,
        "Gross Profit": 13,
        "Operating Income": -23,
        "EBIT": -17,
        "Net Income": -85
    },
    "2017-12-31": {
        "Diluted EPS": -2.75,
        "Total Revenue": 65,
        "Gross Profit": 50,
        "Operating Income": 17,
        "EBIT": 26,
        "Net Income": -111
    },
    "2017-09-30": {
        "Diluted EPS": -1.14,
        "Total Revenue": 24,
        "Gross Profit": 7,
        "Operating Income": -24,
        "EBIT": -19,
        "Net Income": -43
    },
    "2017-06-30": {
        "Diluted EPS": -0.44,
        "Total Revenue": 26,
        "Gross Profit": 8,
        "Operating Income": -22,
        "EBIT": -16,
        "Net Income": -10
    },
    "2017-03-31": {
        "Diluted EPS": -1.93,
        "Total Revenue": 13,
        "Gross Profit": 0,
        "Operating Income": -27,
        "EBIT": -20,
        "Net Income": -37
    },
    "2016-12-31": {
        "Diluted EPS": -1.89,
        "Total Revenue": 22,
        "Gross Profit": 0,
        "Operating Income": -34,
        "EBIT": -26,
        "Net Income": -67
    },
    "2016-09-30": {
        "Diluted EPS": -1.19,
        "Total Revenue": 27,
        "Gross Profit": 12,
        "Operating Income": -12,
        "EBIT": -7,
        "Net Income": -20
    },
    "2016-06-30": {
        "Diluted EPS": -1.67,
        "Total Revenue": 10,
        "Gross Profit": 2,
        "Operating Income": -23,
        "EBIT": -16,
        "Net Income": -14
    },
    "2016-03-31": {
        "Diluted EPS": -1.8,
        "Total Revenue": 9,
        "Gross Profit": -2,
        "Operating Income": -27,
        "EBIT": -21,
        "Net Income": -15
    },
    "2015-12-31": {
        "Diluted EPS": 1.24,
        "Total Revenue": 10,
        "Gross Profit": -1,
        "Operating Income": -63,
        "EBIT": -56,
        "Net Income": -46
    },
    "2015-09-30": {
        "Diluted EPS": -8.25,
        "Total Revenue": 9,
        "Gross Profit": 0,
        "Operating Income": -32,
        "EBIT": -17,
        "Net Income": -77
    },
    "2015-06-30": {
        "Diluted EPS": -9.3,
        "Total Revenue": 8,
        "Gross Profit": -3,
        "Operating Income": -29,
        "EBIT": 15,
        "Net Income": -47
    },
    "2015-03-31": {
        "Diluted EPS": -9.9,
        "Total Revenue": 8,
        "Gross Profit": 1,
        "Operating Income": -25,
        "EBIT": -18,
        "Net Income": -52
    },
    "2014-12-31": {
        "Diluted EPS": 5.25,
        "Total Revenue": 12,
        "Gross Profit": 2,
        "Operating Income": -27,
        "EBIT": -21,
        "Net Income": 58
    },
    "2014-09-30": {
        "Diluted EPS": -6.9,
        "Total Revenue": 16,
        "Gross Profit": 6,
        "Operating Income": -21,
        "EBIT": -14,
        "Net Income": -37
    },
    "2014-06-30": {
        "Diluted EPS": -6.75,
        "Total Revenue": 9,
        "Gross Profit": 2,
        "Operating Income": -24,
        "EBIT": -18,
        "Net Income": -35
    },
    "2014-03-31": {
        "Diluted EPS": -5.1,
        "Total Revenue": 6,
        "Gross Profit": 0,
        "Operating Income": -27,
        "EBIT": -21,
        "Net Income": 16
    },
    "2013-12-31": {
        "Diluted EPS": -27.74,
        "Total Revenue": 15,
        "Gross Profit": 3,
        "Operating Income": -25,
        "EBIT": -19,
        "Net Income": -139
    },
    "2013-09-30": {
        "Diluted EPS": -4.8,
        "Total Revenue": 7,
        "Gross Profit": -1,
        "Operating Income": -28,
        "EBIT": -23,
        "Net Income": -24
    },
    "2013-06-30": {
        "Diluted EPS": -7.65,
        "Total Revenue": 11,
        "Gross Profit": 2,
        "Operating Income": -35,
        "EBIT": -30,
        "Net Income": -39
    },
    "2013-03-31": {
        "Diluted EPS": -6.6,
        "Total Revenue": 8,
        "Gross Profit": -1,
        "Operating Income": -32,
        "EBIT": -27,
        "Net Income": -33
    },
    "2012-12-31": {
        "Diluted EPS": -8.85,
        "Total Revenue": 6,
        "Gross Profit": 0,
        "Operating Income": -43,
        "EBIT": -38,
        "Net Income": -43
    },
    "2012-09-30": {
        "Diluted EPS": -5.1,
        "Total Revenue": 19,
        "Gross Profit": 15,
        "Operating Income": -20,
        "EBIT": -16,
        "Net Income": -20
    },
    "2012-06-30": {
        "Diluted EPS": -12.14,
        "Total Revenue": 19,
        "Gross Profit": -4,
        "Operating Income": -45,
        "EBIT": -41,
        "Net Income": -47
    },
    "2012-03-31": {
        "Diluted EPS": -28.19,
        "Total Revenue": 29,
        "Gross Profit": -14,
        "Operating Income": -94,
        "EBIT": -90,
        "Net Income": -95
    },
    "2011-12-31": {
        "Diluted EPS": -19.64,
        "Total Revenue": 42,
        "Gross Profit": -15,
        "Operating Income": -59,
        "EBIT": -56,
        "Net Income": -59
    },
    "2011-09-30": {
        "Diluted EPS": -14.54,
        "Total Revenue": 36,
        "Gross Profit": 1,
        "Operating Income": -44,
        "EBIT": -41,
        "Net Income": -44
    },
    "2011-06-30": {
        "Diluted EPS": -14.24,
        "Total Revenue": 32,
        "Gross Profit": 3,
        "Operating Income": -43,
        "EBIT": -40,
        "Net Income": -43
    },
    "2011-03-31": {
        "Diluted EPS": -11.39,
        "Total Revenue": 37,
        "Gross Profit": 3,
        "Operating Income": -33,
        "EBIT": -30,
        "Net Income": -33
    },
    "2010-12-31": {
        "Diluted EPS": 160.42,
        "Total Revenue": 30,
        "Gross Profit": 2,
        "Operating Income": -26,
        "EBIT": -23,
        "Net Income": -26
    },
    "2010-09-30": {
        "Diluted EPS": -178.26,
        "Total Revenue": 24,
        "Gross Profit": 1,
        "Operating Income": -22,
        "EBIT": -19,
        "Net Income": -62
    },
    "2010-06-30": {
        "Diluted EPS": -59.07,
        "Total Revenue": 13,
        "Gross Profit": 3,
        "Operating Income": -20,
        "EBIT": -18,
        "Net Income": -20
    },
    "2010-03-31": {
        "Diluted EPS": -48.28,
        "Total Revenue": 14,
        "Gross Profit": 4,
        "Operating Income": -17,
        "EBIT": -15,
        "Net Income": -16
    },
    "2009-12-31": {
        "Diluted EPS": 0.0,
        "Total Revenue": NaN,
        "Gross Profit": NaN,
        "Operating Income": NaN,
        "EBIT": NaN,
        "Net Income": NaN
    },
    "2009-09-30": {
        "Diluted EPS": -61.77,
        "Total Revenue": 24,
        "Gross Profit": 1,
        "Operating Income": -20,
        "EBIT": -20,
        "Net Income": -20
    }
}