{
    "2023-03-31": {
        "Tax Effect Of Unusual Items": NaN,
        "Tax Rate For Calcs": NaN,
        "Normalized EBITDA": NaN,
        "Total Unusual Items": NaN,
        "Total Unusual Items Excluding Goodwill": NaN,
        "Net Income From Continuing Operation Net Minority Interest": NaN,
        "Reconciled Depreciation": NaN,
        "Reconciled Cost Of Revenue": NaN,
        "EBITDA": NaN,
        "EBIT": NaN,
        "Net Interest Income": NaN,
        "Interest Expense": NaN,
        "Normalized Income": NaN,
        "Net Income From Continuing And Discontinued Operation": NaN,
        "Total Expenses": NaN,
        "Total Operating Income As Reported": NaN,
        "Diluted Average Shares": NaN,
        "Basic Average Shares": NaN,
        "Diluted EPS": NaN,
        "Basic EPS": NaN,
        "Diluted NI Availto Com Stockholders": NaN,
        "Net Income Common Stockholders": NaN,
        "Net Income": NaN,
        "Minority Interests": NaN,
        "Net Income Including Noncontrolling Interests": NaN,
        "Net Income Continuous Operations": NaN,
        "Tax Provision": NaN,
        "Pretax Income": NaN,
        "Other Income Expense": NaN,
        "Other Non Operating Income Expenses": NaN,
        "Special Income Charges": NaN,
        "Other Special Charges": NaN,
        "Restructuring And Mergern Acquisition": NaN,
        "Gain On Sale Of Security": NaN,
        "Net Non Operating Interest Income Expense": NaN,
        "Interest Expense Non Operating": NaN,
        "Operating Income": NaN,
        "Operating Expense": NaN,
        "Other Operating Expenses": -1224000.0,
        "Other Taxes": 826000.0,
        "Research And Development": NaN,
        "Selling General And Administration": NaN,
        "Gross Profit": NaN,
        "Cost Of Revenue": NaN,
        "Total Revenue": NaN,
        "Operating Revenue": NaN
    },
    "2022-12-31": {
        "Tax Effect Of Unusual Items": NaN,
        "Tax Rate For Calcs": NaN,
        "Normalized EBITDA": NaN,
        "Total Unusual Items": NaN,
        "Total Unusual Items Excluding Goodwill": NaN,
        "Net Income From Continuing Operation Net Minority Interest": NaN,
        "Reconciled Depreciation": NaN,
        "Reconciled Cost Of Revenue": NaN,
        "EBITDA": NaN,
        "EBIT": NaN,
        "Net Interest Income": NaN,
        "Interest Expense": NaN,
        "Normalized Income": NaN,
        "Net Income From Continuing And Discontinued Operation": NaN,
        "Total Expenses": NaN,
        "Total Operating Income As Reported": NaN,
        "Diluted Average Shares": NaN,
        "Basic Average Shares": NaN,
        "Diluted EPS": NaN,
        "Basic EPS": NaN,
        "Diluted NI Availto Com Stockholders": NaN,
        "Net Income Common Stockholders": NaN,
        "Net Income": NaN,
        "Minority Interests": NaN,
        "Net Income Including Noncontrolling Interests": NaN,
        "Net Income Continuous Operations": NaN,
        "Tax Provision": NaN,
        "Pretax Income": NaN,
        "Other Income Expense": NaN,
        "Other Non Operating Income Expenses": NaN,
        "Special Income Charges": NaN,
        "Other Special Charges": NaN,
        "Restructuring And Mergern Acquisition": NaN,
        "Gain On Sale Of Security": NaN,
        "Net Non Operating Interest Income Expense": NaN,
        "Total Other Finance Cost": 0.0,
        "Interest Expense Non Operating": NaN,
        "Operating Income": NaN,
        "Operating Expense": NaN,
        "Other Operating Expenses": -1465000.0,
        "Other Taxes": NaN,
        "Research And Development": NaN,
        "Selling General And Administration": NaN,
        "Gross Profit": NaN,
        "Cost Of Revenue": NaN,
        "Total Revenue": NaN,
        "Operating Revenue": NaN
    },
    "2022-09-30": {
        "Tax Effect Of Unusual Items": -1043910.0,
        "Tax Rate For Calcs": 0.21,
        "Normalized EBITDA": 111150000.0,
        "Total Unusual Items": -4971000.0,
        "Total Unusual Items Excluding Goodwill": -4971000.0,
        "Net Income From Continuing Operation Net Minority Interest": -2689000.0,
        "Reconciled Depreciation": 61608000.0,
        "Reconciled Cost Of Revenue": 351327000.0,
        "EBITDA": 106179000.0,
        "EBIT": 44571000.0,
        "Net Interest Income": -42391000.0,
        "Interest Expense": 42391000.0,
        "Normalized Income": 1238090.0,
        "Net Income From Continuing And Discontinued Operation": -2689000.0,
        "Total Expenses": 501724000.0,
        "Total Operating Income As Reported": 44353000.0,
        "Diluted Average Shares": 151393000.0,
        "Basic Average Shares": 151393000.0,
        "Diluted EPS": -0.02,
        "Basic EPS": -0.02,
        "Diluted NI Availto Com Stockholders": -2689000.0,
        "Net Income Common Stockholders": -2689000.0,
        "Net Income": -2689000.0,
        "Minority Interests": -299000.0,
        "Net Income Including Noncontrolling Interests": -2390000.0,
        "Net Income Continuous Operations": -2390000.0,
        "Tax Provision": 4570000.0,
        "Pretax Income": 2180000.0,
        "Other Income Expense": 738000.0,
        "Other Non Operating Income Expenses": 5709000.0,
        "Special Income Charges": 520000.0,
        "Other Special Charges": 285000.0,
        "Restructuring And Mergern Acquisition": -805000.0,
        "Gain On Sale Of Security": -5491000.0,
        "Net Non Operating Interest Income Expense": -42391000.0,
        "Total Other Finance Cost": NaN,
        "Interest Expense Non Operating": 42391000.0,
        "Operating Income": 43833000.0,
        "Operating Expense": 150397000.0,
        "Other Operating Expenses": -1320000.0,
        "Research And Development": 51646000.0,
        "Selling General And Administration": 100071000.0,
        "Gross Profit": 194230000.0,
        "Cost Of Revenue": 351327000.0,
        "Total Revenue": 545557000.0,
        "Operating Revenue": 545557000.0
    },
    "2022-06-30": {
        "Tax Effect Of Unusual Items": -102146400.0,
        "Tax Rate For Calcs": 0.4,
        "Normalized EBITDA": 58258000.0,
        "Total Unusual Items": -255366000.0,
        "Total Unusual Items Excluding Goodwill": -255366000.0,
        "Net Income From Continuing Operation Net Minority Interest": -120808000.0,
        "Reconciled Depreciation": 59696000.0,
        "Reconciled Cost Of Revenue": 358836000.0,
        "EBITDA": -197108000.0,
        "EBIT": -197108000.0,
        "Net Interest Income": -35914000.0,
        "Interest Expense": 35623000.0,
        "Normalized Income": 32411600.0,
        "Net Income From Continuing And Discontinued Operation": -120808000.0,
        "Total Expenses": 508036000.0,
        "Total Operating Income As Reported": -198618000.0,
        "Diluted Average Shares": 150993000.0,
        "Basic Average Shares": 150993000.0,
        "Diluted EPS": -0.8,
        "Basic EPS": -0.8,
        "Diluted NI Availto Com Stockholders": -120808000.0,
        "Net Income Common Stockholders": -120808000.0,
        "Net Income": -120808000.0,
        "Minority Interests": 119273000.0,
        "Net Income Including Noncontrolling Interests": -240081000.0,
        "Net Income Continuous Operations": -240081000.0,
        "Tax Provision": 7350000.0,
        "Pretax Income": -232731000.0,
        "Other Income Expense": -248136000.0,
        "Other Non Operating Income Expenses": 7230000.0,
        "Special Income Charges": -249937000.0,
        "Other Special Charges": 249966000.0,
        "Restructuring And Mergern Acquisition": -29000.0,
        "Gain On Sale Of Security": -5429000.0,
        "Net Non Operating Interest Income Expense": -35914000.0,
        "Total Other Finance Cost": 291000.0,
        "Interest Expense Non Operating": 35623000.0,
        "Operating Income": 51319000.0,
        "Operating Expense": 149200000.0,
        "Other Operating Expenses": -1175000.0,
        "Research And Development": 51569000.0,
        "Selling General And Administration": 98806000.0,
        "Gross Profit": 200519000.0,
        "Cost Of Revenue": 358836000.0,
        "Total Revenue": 559355000.0,
        "Operating Revenue": 559355000.0
    },
    "2022-03-31": {
        "Diluted EPS": -0.01,
        "Total Revenue": 498,
        "Gross Profit": 175,
        "Operating Income": 23,
        "EBIT": 83,
        "Net Income": -2
    },
    "2021-12-31": {
        "Diluted EPS": -0.04,
        "Total Revenue": 537,
        "Gross Profit": 166,
        "Operating Income": 11,
        "EBIT": 75,
        "Net Income": -6
    },
    "2021-09-30": {
        "Diluted EPS": -0.03,
        "Total Revenue": 529,
        "Gross Profit": 199,
        "Operating Income": 29,
        "EBIT": 91,
        "Net Income": -4
    },
    "2021-06-30": {
        "Diluted EPS": 0.1,
        "Total Revenue": 535,
        "Gross Profit": 212,
        "Operating Income": 67,
        "EBIT": 126,
        "Net Income": 15
    },
    "2021-03-31": {
        "Diluted EPS": 0.04,
        "Total Revenue": 493,
        "Gross Profit": 192,
        "Operating Income": 46,
        "EBIT": 104,
        "Net Income": 7
    },
    "2020-12-31": {
        "Diluted EPS": -0.03,
        "Total Revenue": 510,
        "Gross Profit": 167,
        "Operating Income": 20,
        "EBIT": 82,
        "Net Income": -3
    },
    "2020-09-30": {
        "Diluted EPS": -0.06,
        "Total Revenue": 519,
        "Gross Profit": 134,
        "Operating Income": 2,
        "EBIT": 64,
        "Net Income": -9
    },
    "2020-06-30": {
        "Diluted EPS": -0.08,
        "Total Revenue": 465,
        "Gross Profit": 144,
        "Operating Income": 11,
        "EBIT": 71,
        "Net Income": -12
    },
    "2020-03-31": {
        "Diluted EPS": 0.78,
        "Total Revenue": 499,
        "Gross Profit": 183,
        "Operating Income": 58,
        "EBIT": 118,
        "Net Income": 115
    },
    "2019-12-31": {
        "Diluted EPS": -0.21,
        "Total Revenue": 397,
        "Gross Profit": 110,
        "Operating Income": -23,
        "EBIT": 33,
        "Net Income": -32
    },
    "2019-09-30": {
        "Diluted EPS": -2.03,
        "Total Revenue": 378,
        "Gross Profit": 54,
        "Operating Income": -112,
        "EBIT": -57,
        "Net Income": -265
    },
    "2019-06-30": {
        "Diluted EPS": -0.13,
        "Total Revenue": 405,
        "Gross Profit": 105,
        "Operating Income": -19,
        "EBIT": 33,
        "Net Income": -17
    },
    "2019-03-31": {
        "Diluted EPS": -0.37,
        "Total Revenue": 446,
        "Gross Profit": 83,
        "Operating Income": -94,
        "EBIT": -7,
        "Net Income": -48
    },
    "2018-12-31": {
        "Diluted EPS": -0.06,
        "Total Revenue": 498,
        "Gross Profit": 193,
        "Operating Income": 23,
        "EBIT": 83,
        "Net Income": -9
    },
    "2018-09-30": {
        "Diluted EPS": 0.05,
        "Total Revenue": 476,
        "Gross Profit": 200,
        "Operating Income": 75,
        "EBIT": 119,
        "Net Income": 7
    },
    "2018-06-30": {
        "Diluted EPS": -0.15,
        "Total Revenue": 414,
        "Gross Profit": 178,
        "Operating Income": -181,
        "EBIT": -148,
        "Net Income": -19
    },
    "2018-03-31": {
        "Diluted EPS": 0.0,
        "Total Revenue": 275,
        "Gross Profit": 145,
        "Operating Income": 64,
        "EBIT": 79,
        "Net Income": 0
    },
    "2017-12-31": {
        "Diluted EPS": 0.0,
        "Total Revenue": 335,
        "Gross Profit": 243,
        "Operating Income": 174,
        "EBIT": 187,
        "Net Income": NaN
    },
    "2017-09-30": {
        "Diluted EPS": 0.0,
        "Total Revenue": 255,
        "Gross Profit": 135,
        "Operating Income": 79,
        "EBIT": 92,
        "Net Income": 0
    },
    "2017-06-30": {
        "Diluted EPS": 0.0,
        "Total Revenue": 260,
        "Gross Profit": 124,
        "Operating Income": 45,
        "EBIT": 42,
        "Net Income": 0
    },
    "2017-03-31": {
        "Diluted EPS": -1.37,
        "Total Revenue": 184,
        "Gross Profit": 25,
        "Operating Income": -52,
        "EBIT": -26,
        "Net Income": -98
    },
    "2016-12-31": {
        "Diluted EPS": 0.0,
        "Total Revenue": 392,
        "Gross Profit": 587,
        "Operating Income": 515,
        "EBIT": 488,
        "Net Income": 192
    },
    "2016-09-30": {
        "Diluted EPS": -2.51,
        "Total Revenue": 228,
        "Gross Profit": -165,
        "Operating Income": -273,
        "EBIT": -246,
        "Net Income": -179
    },
    "2016-06-30": {
        "Diluted EPS": -0.04,
        "Total Revenue": 173,
        "Gross Profit": 73,
        "Operating Income": 4,
        "EBIT": 25,
        "Net Income": -3
    },
    "2016-03-31": {
        "Diluted EPS": -0.15,
        "Total Revenue": 226,
        "Gross Profit": 103,
        "Operating Income": 38,
        "EBIT": 54,
        "Net Income": -10
    },
    "2015-12-31": {
        "Diluted EPS": 0.17,
        "Total Revenue": 282,
        "Gross Profit": 115,
        "Operating Income": 31,
        "EBIT": 51,
        "Net Income": 11
    },
    "2015-09-30": {
        "Diluted EPS": 0.49,
        "Total Revenue": 221,
        "Gross Profit": 94,
        "Operating Income": 28,
        "EBIT": 46,
        "Net Income": 36
    },
    "2015-06-30": {
        "Diluted EPS": -0.03,
        "Total Revenue": 214,
        "Gross Profit": 85,
        "Operating Income": 18,
        "EBIT": 37,
        "Net Income": -2
    },
    "2015-03-31": {
        "Diluted EPS": -0.09,
        "Total Revenue": 143,
        "Gross Profit": 59,
        "Operating Income": -7,
        "EBIT": 4,
        "Net Income": -6
    },
    "2014-12-31": {
        "Diluted EPS": 0.0,
        "Total Revenue": 131,
        "Gross Profit": 61,
        "Operating Income": 1,
        "EBIT": 11,
        "Net Income": 0
    },
    "2014-09-30": {
        "Diluted EPS": 0.22,
        "Total Revenue": 158,
        "Gross Profit": 84,
        "Operating Income": 26,
        "EBIT": 34,
        "Net Income": 16
    },
    "2014-06-30": {
        "Diluted EPS": 0.5,
        "Total Revenue": 188,
        "Gross Profit": 110,
        "Operating Income": 54,
        "EBIT": 62,
        "Net Income": 35
    },
    "2014-03-31": {
        "Diluted EPS": 0.09,
        "Total Revenue": 119,
        "Gross Profit": 58,
        "Operating Income": 8,
        "EBIT": 16,
        "Net Income": 6
    },
    "2013-12-31": {
        "Diluted EPS": -0.16,
        "Total Revenue": 101,
        "Gross Profit": 34,
        "Operating Income": -16,
        "EBIT": -11,
        "Net Income": -10
    },
    "2013-09-30": {
        "Diluted EPS": 0.0,
        "Total Revenue": 133,
        "Gross Profit": 48,
        "Operating Income": 0,
        "EBIT": 6,
        "Net Income": 0
    },
    "2013-06-30": {
        "Diluted EPS": 0.08,
        "Total Revenue": 130,
        "Gross Profit": 59,
        "Operating Income": 6,
        "EBIT": 18,
        "Net Income": 6
    },
    "2013-03-31": {
        "Diluted EPS": 1.55,
        "Total Revenue": 148,
        "Gross Profit": 58,
        "Operating Income": 4,
        "EBIT": 17,
        "Net Income": 105
    },
    "2012-12-31": {
        "Diluted EPS": 0.08,
        "Total Revenue": 141,
        "Gross Profit": 64,
        "Operating Income": 5,
        "EBIT": 68,
        "Net Income": 5
    },
    "2012-09-30": {
        "Diluted EPS": 0.29,
        "Total Revenue": 146,
        "Gross Profit": 78,
        "Operating Income": 29,
        "EBIT": 32,
        "Net Income": 20
    },
    "2012-06-30": {
        "Diluted EPS": 0.27,
        "Total Revenue": 166,
        "Gross Profit": 78,
        "Operating Income": 30,
        "EBIT": 49,
        "Net Income": 19
    },
    "2012-03-31": {
        "Diluted EPS": 0.18,
        "Total Revenue": 129,
        "Gross Profit": 63,
        "Operating Income": 18,
        "EBIT": 23,
        "Net Income": 12
    },
    "2011-12-31": {
        "Diluted EPS": 0.31,
        "Total Revenue": 159,
        "Gross Profit": 77,
        "Operating Income": 36,
        "EBIT": 40,
        "Net Income": 22
    },
    "2011-09-30": {
        "Diluted EPS": 0.26,
        "Total Revenue": 120,
        "Gross Profit": 63,
        "Operating Income": 25,
        "EBIT": 29,
        "Net Income": 17
    },
    "2011-06-30": {
        "Diluted EPS": 0.19,
        "Total Revenue": 126,
        "Gross Profit": 60,
        "Operating Income": 18,
        "EBIT": 24,
        "Net Income": 13
    },
    "2011-03-31": {
        "Diluted EPS": 0.21,
        "Total Revenue": 109,
        "Gross Profit": 59,
        "Operating Income": 21,
        "EBIT": 26,
        "Net Income": 14
    },
    "2010-12-31": {
        "Diluted EPS": 0.19,
        "Total Revenue": 99,
        "Gross Profit": 50,
        "Operating Income": 10,
        "EBIT": 15,
        "Net Income": 12
    },
    "2010-09-30": {
        "Diluted EPS": 1.15,
        "Total Revenue": 304,
        "Gross Profit": 161,
        "Operating Income": 123,
        "EBIT": 224,
        "Net Income": 75
    },
    "2010-06-30": {
        "Diluted EPS": 0.48,
        "Total Revenue": 153,
        "Gross Profit": 84,
        "Operating Income": 49,
        "EBIT": 58,
        "Net Income": 31
    },
    "2010-03-31": {
        "Diluted EPS": 2.06,
        "Total Revenue": 323,
        "Gross Profit": 244,
        "Operating Income": 211,
        "EBIT": 218,
        "Net Income": 131
    },
    "2009-12-31": {
        "Diluted EPS": 0.61,
        "Total Revenue": 176,
        "Gross Profit": 87,
        "Operating Income": 52,
        "EBIT": 50,
        "Net Income": 38
    },
    "2009-09-30": {
        "Diluted EPS": 0.11,
        "Total Revenue": 65,
        "Gross Profit": 37,
        "Operating Income": 10,
        "EBIT": 29,
        "Net Income": 7
    },
    "2009-06-30": {
        "Diluted EPS": 0.05,
        "Total Revenue": 58,
        "Gross Profit": 31,
        "Operating Income": 4,
        "EBIT": 13,
        "Net Income": 3
    },
    "2009-03-31": {
        "Diluted EPS": 0.04,
        "Total Revenue": 59,
        "Gross Profit": 33,
        "Operating Income": 4,
        "EBIT": 14,
        "Net Income": 2
    },
    "2023-06-30": {
        "Tax Effect Of Unusual Items": 984060.0,
        "Tax Rate For Calcs": 0.21,
        "Normalized EBITDA": 132942000.0,
        "Total Unusual Items": 4686000.0,
        "Total Unusual Items Excluding Goodwill": 4686000.0,
        "Net Income From Continuing Operation Net Minority Interest": 11917000.0,
        "Reconciled Depreciation": 57111000.0,
        "Reconciled Cost Of Revenue": 379025000.0,
        "EBITDA": 137628000.0,
        "EBIT": 80517000.0,
        "Net Interest Income": -50857000.0,
        "Interest Expense": 50857000.0,
        "Normalized Income": 8215060.0,
        "Net Income From Continuing And Discontinued Operation": 11917000.0,
        "Total Expenses": 523632000.0,
        "Total Operating Income As Reported": 80084000.0,
        "Diluted Average Shares": 154887000.0,
        "Basic Average Shares": 153738000.0,
        "Diluted EPS": 0.08,
        "Basic EPS": 0.08,
        "Diluted NI Availto Com Stockholders": 11917000.0,
        "Net Income Common Stockholders": 11917000.0,
        "Net Income": 11917000.0,
        "Minority Interests": -17766000.0,
        "Net Income Including Noncontrolling Interests": 29683000.0,
        "Net Income Continuous Operations": 29683000.0,
        "Tax Provision": -23000.0,
        "Pretax Income": 29660000.0,
        "Other Income Expense": 5103000.0,
        "Other Non Operating Income Expenses": 417000.0,
        "Special Income Charges": 4265000.0,
        "Other Special Charges": 2017000.0,
        "Restructuring And Mergern Acquisition": -6282000.0,
        "Gain On Sale Of Security": 421000.0,
        "Net Non Operating Interest Income Expense": -50857000.0,
        "Interest Expense Non Operating": 50857000.0,
        "Operating Income": 75414000.0,
        "Operating Expense": 144607000.0,
        "Other Operating Expenses": 13000.0,
        "Other Taxes": 405000.0,
        "Research And Development": 38619000.0,
        "Selling General And Administration": 105570000.0,
        "Gross Profit": 220021000.0,
        "Cost Of Revenue": 379025000.0,
        "Total Revenue": 599046000.0,
        "Operating Revenue": 599046000.0
    },
    "2023-09-30": {
        "Tax Effect Of Unusual Items": -941220.0,
        "Tax Rate For Calcs": 0.21,
        "Normalized EBITDA": 135554000.0,
        "Total Unusual Items": -4482000.0,
        "Total Unusual Items Excluding Goodwill": -4482000.0,
        "Net Income From Continuing Operation Net Minority Interest": 9682000.0,
        "Reconciled Depreciation": 57206000.0,
        "Reconciled Cost Of Revenue": 387509000.0,
        "EBITDA": 131072000.0,
        "EBIT": 73866000.0,
        "Net Interest Income": -50909000.0,
        "Interest Expense": 50909000.0,
        "Normalized Income": 13222780.0,
        "Net Income From Continuing And Discontinued Operation": 9682000.0,
        "Total Expenses": 542849000.0,
        "Total Operating Income As Reported": 75648000.0,
        "Diluted Average Shares": 159691000.0,
        "Basic Average Shares": 154219000.0,
        "Diluted EPS": 0.06,
        "Basic EPS": 0.06,
        "Diluted NI Availto Com Stockholders": 9682000.0,
        "Net Income Common Stockholders": 9682000.0,
        "Net Income": 9682000.0,
        "Minority Interests": -15351000.0,
        "Net Income Including Noncontrolling Interests": 25033000.0,
        "Net Income Continuous Operations": 25033000.0,
        "Tax Provision": -2076000.0,
        "Pretax Income": 22957000.0,
        "Other Income Expense": -3325000.0,
        "Other Non Operating Income Expenses": 1157000.0,
        "Special Income Charges": -1543000.0,
        "Other Special Charges": -2620000.0,
        "Restructuring And Mergern Acquisition": 4163000.0,
        "Gain On Sale Of Security": -2939000.0,
        "Net Non Operating Interest Income Expense": -50909000.0,
        "Interest Expense Non Operating": 50909000.0,
        "Operating Income": 77191000.0,
        "Operating Expense": 155340000.0,
        "Other Operating Expenses": 73000.0,
        "Other Taxes": NaN,
        "Research And Development": 42261000.0,
        "Selling General And Administration": 113006000.0,
        "Gross Profit": 232531000.0,
        "Cost Of Revenue": 387509000.0,
        "Total Revenue": 620040000.0,
        "Operating Revenue": 620040000.0
    },
    "2023-12-31": {
        "Tax Effect Of Unusual Items": -3733590.0,
        "Tax Rate For Calcs": 0.21,
        "Normalized EBITDA": 50799000.0,
        "Total Unusual Items": -17779000.0,
        "Total Unusual Items Excluding Goodwill": -17779000.0,
        "Net Income From Continuing Operation Net Minority Interest": -98649000.0,
        "Reconciled Depreciation": 56933000.0,
        "Reconciled Cost Of Revenue": 427154000.0,
        "EBITDA": 33020000.0,
        "EBIT": -23913000.0,
        "Net Interest Income": -100353000.0,
        "Interest Expense": 59548000.0,
        "Normalized Income": -84603590.0,
        "Net Income From Continuing And Discontinued Operation": -98649000.0,
        "Total Expenses": 582721000.0,
        "Total Operating Income As Reported": 14193000.0,
        "Diluted Average Shares": 243711000.0,
        "Basic Average Shares": 243711000.0,
        "Diluted EPS": -0.4,
        "Basic EPS": -0.4,
        "Diluted NI Availto Com Stockholders": -98649000.0,
        "Net Income Common Stockholders": -98649000.0,
        "Net Income": -98649000.0,
        "Minority Interests": -5305000.0,
        "Net Income Including Noncontrolling Interests": -93344000.0,
        "Net Income Continuous Operations": -93344000.0,
        "Tax Provision": 9883000.0,
        "Pretax Income": -83461000.0,
        "Other Income Expense": -17368000.0,
        "Other Non Operating Income Expenses": 411000.0,
        "Special Income Charges": -20067000.0,
        "Other Special Charges": 33663000.0,
        "Restructuring And Mergern Acquisition": -13596000.0,
        "Gain On Sale Of Security": 2288000.0,
        "Net Non Operating Interest Income Expense": -100353000.0,
        "Interest Expense Non Operating": 59548000.0,
        "Operating Income": 34260000.0,
        "Operating Expense": 155567000.0,
        "Other Operating Expenses": 0.0,
        "Other Taxes": NaN,
        "Research And Development": 46564000.0,
        "Selling General And Administration": 109003000.0,
        "Gross Profit": 189827000.0,
        "Cost Of Revenue": 427154000.0,
        "Total Revenue": 616981000.0,
        "Operating Revenue": 616981000.0
    },
    "2024-03-31": {
        "Tax Effect Of Unusual Items": -20396460.0,
        "Tax Rate For Calcs": 0.21,
        "Normalized EBITDA": 142835000.0,
        "Total Unusual Items": -97126000.0,
        "Total Unusual Items Excluding Goodwill": -97126000.0,
        "Net Income From Continuing Operation Net Minority Interest": -91643000.0,
        "Reconciled Depreciation": 55528000.0,
        "Reconciled Cost Of Revenue": 421131000.0,
        "EBITDA": 45709000.0,
        "EBIT": -9819000.0,
        "Net Interest Income": -65703000.0,
        "Interest Expense": 65703000.0,
        "Normalized Income": -14913460.0,
        "Net Income From Continuing And Discontinued Operation": -91643000.0,
        "Total Expenses": 575956000.0,
        "Total Operating Income As Reported": -10746000.0,
        "Diluted Average Shares": 307279000.0,
        "Basic Average Shares": 307279000.0,
        "Diluted EPS": -0.3,
        "Basic EPS": -0.3,
        "Diluted NI Availto Com Stockholders": -91643000.0,
        "Net Income Common Stockholders": -91643000.0,
        "Net Income": -91643000.0,
        "Minority Interests": -9965000.0,
        "Net Income Including Noncontrolling Interests": -81678000.0,
        "Net Income Continuous Operations": -81678000.0,
        "Tax Provision": 6156000.0,
        "Pretax Income": -75522000.0,
        "Other Income Expense": -93054000.0,
        "Other Non Operating Income Expenses": 4072000.0,
        "Special Income Charges": -95929000.0,
        "Other Special Charges": 94359000.0,
        "Restructuring And Mergern Acquisition": 1570000.0,
        "Gain On Sale Of Security": -1197000.0,
        "Net Non Operating Interest Income Expense": -65703000.0,
        "Interest Expense Non Operating": 65703000.0,
        "Operating Income": 83235000.0,
        "Operating Expense": 154825000.0,
        "Other Operating Expenses": NaN,
        "Other Taxes": 1948000.0,
        "Research And Development": 40282000.0,
        "Selling General And Administration": 112595000.0,
        "Gross Profit": 238060000.0,
        "Cost Of Revenue": 421131000.0,
        "Total Revenue": 659191000.0,
        "Operating Revenue": 659191000.0
    },
    "2024-06-30": {
        "Tax Effect Of Unusual Items": -209402.499387,
        "Tax Rate For Calcs": 0.177309,
        "Normalized EBITDA": 142877000.0,
        "Total Unusual Items": -1181000.0,
        "Total Unusual Items Excluding Goodwill": -1181000.0,
        "Net Income From Continuing Operation Net Minority Interest": 5994000.0,
        "Reconciled Depreciation": 55572000.0,
        "Reconciled Cost Of Revenue": 451833000.0,
        "EBITDA": 141696000.0,
        "EBIT": 86124000.0,
        "Net Interest Income": -65719000.0,
        "Interest Expense": 65719000.0,
        "Normalized Income": 6965597.500613,
        "Net Income From Continuing And Discontinued Operation": 5994000.0,
        "Total Expenses": 618835000.0,
        "Total Operating Income As Reported": 95470000.0,
        "Diluted Average Shares": 318957000.0,
        "Basic Average Shares": 309117000.0,
        "Diluted EPS": 0.02,
        "Basic EPS": 0.02,
        "Diluted NI Availto Com Stockholders": 5994000.0,
        "Net Income Common Stockholders": 5994000.0,
        "Net Income": 5994000.0,
        "Minority Interests": -10793000.0,
        "Net Income Including Noncontrolling Interests": 16787000.0,
        "Net Income Continuous Operations": 16787000.0,
        "Tax Provision": 3618000.0,
        "Pretax Income": 20405000.0,
        "Other Income Expense": 3179000.0,
        "Other Non Operating Income Expenses": 4360000.0,
        "Special Income Charges": -919000.0,
        "Other Special Charges": 699000.0,
        "Restructuring And Mergern Acquisition": 220000.0,
        "Gain On Sale Of Security": -262000.0,
        "Net Non Operating Interest Income Expense": -65719000.0,
        "Interest Expense Non Operating": 65719000.0,
        "Operating Income": 82945000.0,
        "Operating Expense": 167002000.0,
        "Other Operating Expenses": NaN,
        "Other Taxes": 13444000.0,
        "Research And Development": 37096000.0,
        "Selling General And Administration": 116462000.0,
        "Gross Profit": 249947000.0,
        "Cost Of Revenue": 451833000.0,
        "Total Revenue": 701780000.0,
        "Operating Revenue": 701780000.0
    }
}