{
    "2023-03-31": {
        "Tax Effect Of Unusual Items": NaN,
        "Tax Rate For Calcs": NaN,
        "Normalized EBITDA": NaN,
        "Total Unusual Items": NaN,
        "Total Unusual Items Excluding Goodwill": NaN,
        "Net Income From Continuing Operation Net Minority Interest": NaN,
        "Reconciled Depreciation": NaN,
        "Reconciled Cost Of Revenue": NaN,
        "EBITDA": NaN,
        "EBIT": NaN,
        "Net Interest Income": NaN,
        "Interest Income": NaN,
        "Normalized Income": NaN,
        "Net Income From Continuing And Discontinued Operation": NaN,
        "Total Expenses": NaN,
        "Total Operating Income As Reported": NaN,
        "Diluted Average Shares": NaN,
        "Basic Average Shares": NaN,
        "Diluted EPS": NaN,
        "Basic EPS": NaN,
        "Diluted NI Availto Com Stockholders": NaN,
        "Net Income Common Stockholders": NaN,
        "Net Income": NaN,
        "Net Income Including Noncontrolling Interests": NaN,
        "Net Income Continuous Operations": NaN,
        "Tax Provision": NaN,
        "Pretax Income": NaN,
        "Other Income Expense": NaN,
        "Other Non Operating Income Expenses": NaN,
        "Special Income Charges": NaN,
        "Gain On Sale Of Business": 0.0,
        "Restructuring And Mergern Acquisition": NaN,
        "Net Non Operating Interest Income Expense": NaN,
        "Interest Income Non Operating": NaN,
        "Operating Income": NaN,
        "Operating Expense": NaN,
        "Depreciation Amortization Depletion Income Statement": NaN,
        "Depreciation And Amortization In Income Statement": NaN,
        "Amortization": NaN,
        "Amortization Of Intangibles Income Statement": NaN,
        "Research And Development": NaN,
        "Selling General And Administration": NaN,
        "General And Administrative Expense": NaN,
        "Other Gand A": NaN,
        "Salaries And Wages": NaN,
        "Gross Profit": NaN,
        "Cost Of Revenue": NaN,
        "Total Revenue": NaN,
        "Operating Revenue": NaN
    },
    "2022-12-31": {
        "Tax Effect Of Unusual Items": NaN,
        "Tax Rate For Calcs": NaN,
        "Normalized EBITDA": NaN,
        "Total Unusual Items": NaN,
        "Total Unusual Items Excluding Goodwill": NaN,
        "Net Income From Continuing Operation Net Minority Interest": NaN,
        "Reconciled Depreciation": NaN,
        "Reconciled Cost Of Revenue": NaN,
        "EBITDA": NaN,
        "EBIT": NaN,
        "Net Interest Income": NaN,
        "Interest Income": NaN,
        "Normalized Income": NaN,
        "Net Income From Continuing And Discontinued Operation": NaN,
        "Total Expenses": NaN,
        "Total Operating Income As Reported": NaN,
        "Diluted Average Shares": NaN,
        "Basic Average Shares": NaN,
        "Diluted EPS": NaN,
        "Basic EPS": NaN,
        "Diluted NI Availto Com Stockholders": NaN,
        "Net Income Common Stockholders": NaN,
        "Net Income": NaN,
        "Net Income Including Noncontrolling Interests": NaN,
        "Net Income Continuous Operations": NaN,
        "Tax Provision": NaN,
        "Pretax Income": NaN,
        "Other Income Expense": NaN,
        "Other Non Operating Income Expenses": NaN,
        "Special Income Charges": NaN,
        "Gain On Sale Of Business": 0.0,
        "Restructuring And Mergern Acquisition": NaN,
        "Net Non Operating Interest Income Expense": NaN,
        "Interest Income Non Operating": NaN,
        "Operating Income": NaN,
        "Operating Expense": NaN,
        "Depreciation Amortization Depletion Income Statement": NaN,
        "Depreciation And Amortization In Income Statement": NaN,
        "Amortization": NaN,
        "Amortization Of Intangibles Income Statement": NaN,
        "Research And Development": NaN,
        "Selling General And Administration": NaN,
        "General And Administrative Expense": NaN,
        "Other Gand A": NaN,
        "Salaries And Wages": NaN,
        "Gross Profit": NaN,
        "Cost Of Revenue": NaN,
        "Total Revenue": NaN,
        "Operating Revenue": NaN
    },
    "2022-09-30": {
        "Tax Effect Of Unusual Items": NaN,
        "Tax Rate For Calcs": NaN,
        "Normalized EBITDA": NaN,
        "Total Unusual Items": NaN,
        "Total Unusual Items Excluding Goodwill": NaN,
        "Net Income From Continuing Operation Net Minority Interest": NaN,
        "Reconciled Depreciation": NaN,
        "Reconciled Cost Of Revenue": NaN,
        "EBITDA": NaN,
        "EBIT": NaN,
        "Net Interest Income": NaN,
        "Interest Income": NaN,
        "Normalized Income": NaN,
        "Net Income From Continuing And Discontinued Operation": NaN,
        "Total Expenses": NaN,
        "Total Operating Income As Reported": NaN,
        "Diluted Average Shares": NaN,
        "Basic Average Shares": NaN,
        "Diluted EPS": NaN,
        "Basic EPS": NaN,
        "Diluted NI Availto Com Stockholders": NaN,
        "Net Income Common Stockholders": NaN,
        "Net Income": NaN,
        "Net Income Including Noncontrolling Interests": NaN,
        "Net Income Continuous Operations": NaN,
        "Tax Provision": NaN,
        "Pretax Income": NaN,
        "Other Income Expense": NaN,
        "Other Non Operating Income Expenses": NaN,
        "Special Income Charges": NaN,
        "Gain On Sale Of Business": NaN,
        "Restructuring And Mergern Acquisition": NaN,
        "Net Non Operating Interest Income Expense": NaN,
        "Interest Income Non Operating": NaN,
        "Operating Income": NaN,
        "Operating Expense": NaN,
        "Depreciation Amortization Depletion Income Statement": NaN,
        "Depreciation And Amortization In Income Statement": NaN,
        "Amortization": NaN,
        "Amortization Of Intangibles Income Statement": NaN,
        "Research And Development": NaN,
        "Selling General And Administration": NaN,
        "General And Administrative Expense": 7350000.0,
        "Other Gand A": 6586000.0,
        "Salaries And Wages": 764000.0,
        "Gross Profit": NaN,
        "Cost Of Revenue": NaN,
        "Total Revenue": NaN,
        "Operating Revenue": NaN
    },
    "2022-06-30": {
        "Tax Effect Of Unusual Items": -68000.0,
        "Tax Rate For Calcs": 0.4,
        "Normalized EBITDA": -7128000.0,
        "Total Unusual Items": -170000.0,
        "Total Unusual Items Excluding Goodwill": -170000.0,
        "Net Income From Continuing Operation Net Minority Interest": -8710000.0,
        "Reconciled Depreciation": 1401000.0,
        "Reconciled Cost Of Revenue": 19737000.0,
        "EBITDA": -7298000.0,
        "EBIT": -8699000.0,
        "Net Interest Income": 24000.0,
        "Interest Income": 24000.0,
        "Normalized Income": -8608000.0,
        "Net Income From Continuing And Discontinued Operation": -8710000.0,
        "Total Expenses": 31378000.0,
        "Total Operating Income As Reported": -8869000.0,
        "Diluted Average Shares": 27560000.0,
        "Basic Average Shares": 27560000.0,
        "Diluted EPS": -0.32,
        "Basic EPS": -0.32,
        "Diluted NI Availto Com Stockholders": -8710000.0,
        "Net Income Common Stockholders": -8710000.0,
        "Net Income": -8710000.0,
        "Net Income Including Noncontrolling Interests": -8710000.0,
        "Net Income Continuous Operations": -8710000.0,
        "Tax Provision": 32000.0,
        "Pretax Income": -8678000.0,
        "Other Income Expense": -3000.0,
        "Other Non Operating Income Expenses": 167000.0,
        "Special Income Charges": -170000.0,
        "Gain On Sale Of Business": NaN,
        "Restructuring And Mergern Acquisition": 170000.0,
        "Net Non Operating Interest Income Expense": 24000.0,
        "Interest Income Non Operating": 24000.0,
        "Operating Income": -8699000.0,
        "Operating Expense": 10920000.0,
        "Depreciation Amortization Depletion Income Statement": 680000.0,
        "Depreciation And Amortization In Income Statement": 680000.0,
        "Amortization": 680000.0,
        "Amortization Of Intangibles Income Statement": 680000.0,
        "Research And Development": 2678000.0,
        "Selling General And Administration": 7562000.0,
        "General And Administrative Expense": NaN,
        "Other Gand A": NaN,
        "Salaries And Wages": NaN,
        "Gross Profit": 2221000.0,
        "Cost Of Revenue": 20458000.0,
        "Total Revenue": 22679000.0,
        "Operating Revenue": 22679000.0
    },
    "2022-03-31": {
        "Diluted EPS": -0.19,
        "Total Revenue": 28,
        "Gross Profit": 3,
        "Operating Income": -5,
        "EBIT": -4,
        "Net Income": -5
    },
    "2021-12-31": {
        "Diluted EPS": -0.16,
        "Total Revenue": 27,
        "Gross Profit": 4,
        "Operating Income": -4,
        "EBIT": -3,
        "Net Income": -4
    },
    "2021-09-30": {
        "Diluted EPS": -0.16,
        "Total Revenue": 28,
        "Gross Profit": 3,
        "Operating Income": -4,
        "EBIT": -3,
        "Net Income": -4
    },
    "2021-06-30": {
        "Diluted EPS": -0.2,
        "Total Revenue": 25,
        "Gross Profit": 3,
        "Operating Income": -7,
        "EBIT": -6,
        "Net Income": -5
    },
    "2021-03-31": {
        "Diluted EPS": -0.31,
        "Total Revenue": 21,
        "Gross Profit": 3,
        "Operating Income": -7,
        "EBIT": -6,
        "Net Income": -8
    },
    "2020-12-31": {
        "Diluted EPS": -0.31,
        "Total Revenue": 24,
        "Gross Profit": 4,
        "Operating Income": -9,
        "EBIT": -7,
        "Net Income": -8
    },
    "2020-09-30": {
        "Diluted EPS": -0.17,
        "Total Revenue": 21,
        "Gross Profit": 6,
        "Operating Income": -3,
        "EBIT": -2,
        "Net Income": -4
    },
    "2020-06-30": {
        "Diluted EPS": -0.16,
        "Total Revenue": 21,
        "Gross Profit": 5,
        "Operating Income": -3,
        "EBIT": -2,
        "Net Income": -3
    },
    "2020-03-31": {
        "Diluted EPS": -0.41,
        "Total Revenue": 18,
        "Gross Profit": 3,
        "Operating Income": -6,
        "EBIT": -5,
        "Net Income": -6
    },
    "2019-12-31": {
        "Diluted EPS": -0.35,
        "Total Revenue": 18,
        "Gross Profit": 2,
        "Operating Income": -7,
        "EBIT": -6,
        "Net Income": -7
    },
    "2019-09-30": {
        "Diluted EPS": -0.1,
        "Total Revenue": 14,
        "Gross Profit": 4,
        "Operating Income": -4,
        "EBIT": -3,
        "Net Income": -1
    },
    "2019-06-30": {
        "Diluted EPS": -0.17,
        "Total Revenue": 14,
        "Gross Profit": 2,
        "Operating Income": -6,
        "EBIT": -5,
        "Net Income": -4
    },
    "2019-03-31": {
        "Diluted EPS": -0.41,
        "Total Revenue": 15,
        "Gross Profit": 3,
        "Operating Income": -6,
        "EBIT": -5,
        "Net Income": -8
    },
    "2018-12-31": {
        "Diluted EPS": 0.83,
        "Total Revenue": 14,
        "Gross Profit": 4,
        "Operating Income": 21,
        "EBIT": 22,
        "Net Income": 17
    },
    "2018-09-30": {
        "Diluted EPS": 1.1,
        "Total Revenue": 15,
        "Gross Profit": 4,
        "Operating Income": 25,
        "EBIT": 26,
        "Net Income": 23
    },
    "2018-06-30": {
        "Diluted EPS": -0.23,
        "Total Revenue": 13,
        "Gross Profit": 4,
        "Operating Income": -5,
        "EBIT": -4,
        "Net Income": -5
    },
    "2018-03-31": {
        "Diluted EPS": -0.23,
        "Total Revenue": 13,
        "Gross Profit": 3,
        "Operating Income": -6,
        "EBIT": -4,
        "Net Income": -6
    },
    "2017-12-31": {
        "Diluted EPS": -0.21,
        "Total Revenue": 15,
        "Gross Profit": 5,
        "Operating Income": -4,
        "EBIT": -2,
        "Net Income": -4
    },
    "2017-09-30": {
        "Diluted EPS": -0.38,
        "Total Revenue": 11,
        "Gross Profit": 0,
        "Operating Income": -8,
        "EBIT": -4,
        "Net Income": -7
    },
    "2017-06-30": {
        "Diluted EPS": -0.91,
        "Total Revenue": 9,
        "Gross Profit": -4,
        "Operating Income": -15,
        "EBIT": -10,
        "Net Income": -15
    },
    "2017-03-31": {
        "Diluted EPS": -0.49,
        "Total Revenue": 16,
        "Gross Profit": 3,
        "Operating Income": -7,
        "EBIT": -5,
        "Net Income": -7
    },
    "2016-12-31": {
        "Diluted EPS": -0.2,
        "Total Revenue": 27,
        "Gross Profit": 5,
        "Operating Income": -4,
        "EBIT": -2,
        "Net Income": -3
    },
    "2016-09-30": {
        "Diluted EPS": -0.53,
        "Total Revenue": 19,
        "Gross Profit": 2,
        "Operating Income": -7,
        "EBIT": -5,
        "Net Income": -7
    },
    "2016-06-30": {
        "Diluted EPS": -0.76,
        "Total Revenue": 13,
        "Gross Profit": 1,
        "Operating Income": -9,
        "EBIT": -7,
        "Net Income": -10
    },
    "2016-03-31": {
        "Diluted EPS": -0.22,
        "Total Revenue": 28,
        "Gross Profit": 9,
        "Operating Income": -2,
        "EBIT": 0,
        "Net Income": -3
    },
    "2015-12-31": {
        "Diluted EPS": -0.22,
        "Total Revenue": 26,
        "Gross Profit": 7,
        "Operating Income": -3,
        "EBIT": -1,
        "Net Income": -3
    },
    "2015-09-30": {
        "Diluted EPS": -0.57,
        "Total Revenue": 19,
        "Gross Profit": 3,
        "Operating Income": -7,
        "EBIT": -5,
        "Net Income": -8
    },
    "2015-06-30": {
        "Diluted EPS": -0.75,
        "Total Revenue": 24,
        "Gross Profit": 3,
        "Operating Income": -8,
        "EBIT": -6,
        "Net Income": -9
    },
    "2015-03-31": {
        "Diluted EPS": -0.16,
        "Total Revenue": 25,
        "Gross Profit": 2,
        "Operating Income": -6,
        "EBIT": -3,
        "Net Income": -3
    },
    "2014-12-31": {
        "Diluted EPS": -0.72,
        "Total Revenue": 21,
        "Gross Profit": 3,
        "Operating Income": -8,
        "EBIT": -5,
        "Net Income": -6
    },
    "2014-09-30": {
        "Diluted EPS": -3.12,
        "Total Revenue": 12,
        "Gross Profit": -1,
        "Operating Income": -26,
        "EBIT": -24,
        "Net Income": -25
    },
    "2014-06-30": {
        "Diluted EPS": -1.74,
        "Total Revenue": 12,
        "Gross Profit": 0,
        "Operating Income": -13,
        "EBIT": -10,
        "Net Income": -14
    },
    "2014-03-31": {
        "Diluted EPS": -3.38,
        "Total Revenue": 16,
        "Gross Profit": 0,
        "Operating Income": -15,
        "EBIT": -12,
        "Net Income": -23
    },
    "2013-12-31": {
        "Diluted EPS": -1.4,
        "Total Revenue": 21,
        "Gross Profit": 5,
        "Operating Income": -7,
        "EBIT": -4,
        "Net Income": -8
    },
    "2013-09-30": {
        "Diluted EPS": -2.4,
        "Total Revenue": 24,
        "Gross Profit": 2,
        "Operating Income": -11,
        "EBIT": -8,
        "Net Income": -15
    },
    "2013-06-30": {
        "Diluted EPS": -1.8,
        "Total Revenue": 23,
        "Gross Profit": 5,
        "Operating Income": -9,
        "EBIT": -6,
        "Net Income": -11
    },
    "2013-03-31": {
        "Diluted EPS": -3.56,
        "Total Revenue": 20,
        "Gross Profit": 2,
        "Operating Income": -16,
        "EBIT": -13,
        "Net Income": -20
    },
    "2012-12-31": {
        "Diluted EPS": -3.8,
        "Total Revenue": 17,
        "Gross Profit": 1,
        "Operating Income": -21,
        "EBIT": -17,
        "Net Income": -20
    },
    "2012-09-30": {
        "Diluted EPS": -3.1,
        "Total Revenue": 21,
        "Gross Profit": 0,
        "Operating Income": -15,
        "EBIT": -12,
        "Net Income": -16
    },
    "2012-06-30": {
        "Diluted EPS": -2.0,
        "Total Revenue": 29,
        "Gross Profit": 12,
        "Operating Income": -6,
        "EBIT": -3,
        "Net Income": -10
    },
    "2012-03-31": {
        "Diluted EPS": -4.1,
        "Total Revenue": 29,
        "Gross Profit": 4,
        "Operating Income": -20,
        "EBIT": -16,
        "Net Income": -21
    },
    "2011-12-31": {
        "Diluted EPS": -5.2,
        "Total Revenue": 18,
        "Gross Profit": -1,
        "Operating Income": -27,
        "EBIT": -22,
        "Net Income": -26
    },
    "2011-09-30": {
        "Diluted EPS": -10.2,
        "Total Revenue": 21,
        "Gross Profit": -1,
        "Operating Income": -51,
        "EBIT": -48,
        "Net Income": -52
    },
    "2011-06-30": {
        "Diluted EPS": -7.4,
        "Total Revenue": 9,
        "Gross Profit": -8,
        "Operating Income": -38,
        "EBIT": -35,
        "Net Income": -38
    },
    "2011-03-31": {
        "Diluted EPS": -39.4,
        "Total Revenue": 60,
        "Gross Profit": -99,
        "Operating Income": -184,
        "EBIT": -132,
        "Net Income": -185
    },
    "2010-12-31": {
        "Diluted EPS": -3.8,
        "Total Revenue": 32,
        "Gross Profit": 0,
        "Operating Income": -23,
        "EBIT": -20,
        "Net Income": -18
    },
    "2010-09-30": {
        "Diluted EPS": 1.7,
        "Total Revenue": 98,
        "Gross Profit": 39,
        "Operating Income": 13,
        "EBIT": 16,
        "Net Income": 8
    },
    "2010-06-30": {
        "Diluted EPS": 2.0,
        "Total Revenue": 97,
        "Gross Profit": 39,
        "Operating Income": 16,
        "EBIT": 19,
        "Net Income": 9
    },
    "2010-03-31": {
        "Diluted EPS": 1.1,
        "Total Revenue": 88,
        "Gross Profit": 33,
        "Operating Income": 12,
        "EBIT": 14,
        "Net Income": 5
    },
    "2009-12-31": {
        "Diluted EPS": 1.1,
        "Total Revenue": 81,
        "Gross Profit": 30,
        "Operating Income": 10,
        "EBIT": 13,
        "Net Income": 5
    },
    "2009-09-30": {
        "Diluted EPS": 1.0,
        "Total Revenue": 75,
        "Gross Profit": 29,
        "Operating Income": 10,
        "EBIT": 13,
        "Net Income": 4
    },
    "2009-06-30": {
        "Diluted EPS": 0.4,
        "Total Revenue": 73,
        "Gross Profit": 23,
        "Operating Income": 6,
        "EBIT": 9,
        "Net Income": 2
    },
    "2009-03-31": {
        "Diluted EPS": 0.3,
        "Total Revenue": 61,
        "Gross Profit": 20,
        "Operating Income": 4,
        "EBIT": 6,
        "Net Income": 1
    },
    "2023-06-30": {
        "Tax Effect Of Unusual Items": NaN,
        "Tax Rate For Calcs": NaN,
        "Normalized EBITDA": NaN,
        "Total Unusual Items": NaN,
        "Total Unusual Items Excluding Goodwill": NaN,
        "Net Income From Continuing Operation Net Minority Interest": NaN,
        "Reconciled Depreciation": NaN,
        "Reconciled Cost Of Revenue": NaN,
        "EBITDA": NaN,
        "EBIT": NaN,
        "Net Interest Income": NaN,
        "Interest Income": NaN,
        "Normalized Income": NaN,
        "Net Income From Continuing And Discontinued Operation": NaN,
        "Total Expenses": NaN,
        "Total Operating Income As Reported": NaN,
        "Diluted Average Shares": NaN,
        "Basic Average Shares": NaN,
        "Diluted EPS": NaN,
        "Basic EPS": NaN,
        "Diluted NI Availto Com Stockholders": NaN,
        "Net Income Common Stockholders": NaN,
        "Net Income": NaN,
        "Net Income Including Noncontrolling Interests": NaN,
        "Net Income Continuous Operations": NaN,
        "Tax Provision": NaN,
        "Pretax Income": NaN,
        "Other Income Expense": NaN,
        "Other Non Operating Income Expenses": NaN,
        "Special Income Charges": NaN,
        "Gain On Sale Of Business": NaN,
        "Restructuring And Mergern Acquisition": NaN,
        "Net Non Operating Interest Income Expense": NaN,
        "Interest Income Non Operating": NaN,
        "Operating Income": NaN,
        "Operating Expense": NaN,
        "Depreciation Amortization Depletion Income Statement": NaN,
        "Depreciation And Amortization In Income Statement": NaN,
        "Amortization": NaN,
        "Amortization Of Intangibles Income Statement": NaN,
        "Research And Development": NaN,
        "Selling General And Administration": NaN,
        "General And Administrative Expense": 7868000.0,
        "Other Gand A": 6776000.0,
        "Salaries And Wages": 1092000.0,
        "Gross Profit": NaN,
        "Cost Of Revenue": NaN,
        "Total Revenue": NaN,
        "Operating Revenue": NaN
    },
    "2023-09-30": {
        "Tax Effect Of Unusual Items": NaN,
        "Tax Rate For Calcs": NaN,
        "Normalized EBITDA": NaN,
        "Total Unusual Items": NaN,
        "Total Unusual Items Excluding Goodwill": NaN,
        "Net Income From Continuing Operation Net Minority Interest": NaN,
        "Reconciled Depreciation": NaN,
        "Reconciled Cost Of Revenue": NaN,
        "EBITDA": NaN,
        "EBIT": NaN,
        "Net Interest Income": NaN,
        "Interest Income": NaN,
        "Normalized Income": NaN,
        "Net Income From Continuing And Discontinued Operation": NaN,
        "Total Expenses": NaN,
        "Total Operating Income As Reported": NaN,
        "Diluted Average Shares": 28828000.0,
        "Basic Average Shares": 28828000.0,
        "Diluted EPS": -0.09,
        "Basic EPS": -0.09,
        "Diluted NI Availto Com Stockholders": NaN,
        "Net Income Common Stockholders": NaN,
        "Net Income": NaN,
        "Net Income Including Noncontrolling Interests": NaN,
        "Net Income Continuous Operations": NaN,
        "Tax Provision": NaN,
        "Pretax Income": NaN,
        "Other Income Expense": NaN,
        "Other Non Operating Income Expenses": NaN,
        "Special Income Charges": NaN,
        "Gain On Sale Of Business": 0.0,
        "Restructuring And Mergern Acquisition": NaN,
        "Net Non Operating Interest Income Expense": NaN,
        "Interest Income Non Operating": NaN,
        "Operating Income": NaN,
        "Operating Expense": NaN,
        "Depreciation Amortization Depletion Income Statement": NaN,
        "Depreciation And Amortization In Income Statement": NaN,
        "Amortization": NaN,
        "Amortization Of Intangibles Income Statement": NaN,
        "Research And Development": NaN,
        "Selling General And Administration": NaN,
        "General And Administrative Expense": 7946000.0,
        "Other Gand A": 7050000.0,
        "Salaries And Wages": 896000.0,
        "Gross Profit": NaN,
        "Cost Of Revenue": NaN,
        "Total Revenue": NaN,
        "Operating Revenue": NaN
    },
    "2023-12-31": {
        "Tax Effect Of Unusual Items": -178920.0,
        "Tax Rate For Calcs": 0.21,
        "Normalized EBITDA": 1727000.0,
        "Total Unusual Items": -852000.0,
        "Total Unusual Items Excluding Goodwill": -852000.0,
        "Net Income From Continuing Operation Net Minority Interest": -1649000.0,
        "Reconciled Depreciation": 1461000.0,
        "Reconciled Cost Of Revenue": 28446000.0,
        "EBITDA": 875000.0,
        "EBIT": -586000.0,
        "Net Interest Income": 150000.0,
        "Interest Income": 150000.0,
        "Normalized Income": -975920.0,
        "Net Income From Continuing And Discontinued Operation": -1649000.0,
        "Total Expenses": 39939000.0,
        "Total Operating Income As Reported": -1438000.0,
        "Diluted Average Shares": 29092000.0,
        "Basic Average Shares": 29092000.0,
        "Diluted EPS": -0.06,
        "Basic EPS": -0.06,
        "Diluted NI Availto Com Stockholders": -1649000.0,
        "Net Income Common Stockholders": -1649000.0,
        "Net Income": -1649000.0,
        "Net Income Including Noncontrolling Interests": -1649000.0,
        "Net Income Continuous Operations": -1649000.0,
        "Tax Provision": 63000.0,
        "Pretax Income": -1586000.0,
        "Other Income Expense": -1150000.0,
        "Other Non Operating Income Expenses": -298000.0,
        "Special Income Charges": -852000.0,
        "Gain On Sale Of Business": 0.0,
        "Restructuring And Mergern Acquisition": 852000.0,
        "Net Non Operating Interest Income Expense": 150000.0,
        "Interest Income Non Operating": 150000.0,
        "Operating Income": -586000.0,
        "Operating Expense": 10570000.0,
        "Depreciation Amortization Depletion Income Statement": 538000.0,
        "Depreciation And Amortization In Income Statement": 538000.0,
        "Amortization": 538000.0,
        "Amortization Of Intangibles Income Statement": 538000.0,
        "Research And Development": 2199000.0,
        "Selling General And Administration": 7833000.0,
        "General And Administrative Expense": NaN,
        "Other Gand A": NaN,
        "Salaries And Wages": NaN,
        "Gross Profit": 9984000.0,
        "Cost Of Revenue": 29369000.0,
        "Total Revenue": 39353000.0,
        "Operating Revenue": 39353000.0
    },
    "2024-03-31": {
        "Tax Effect Of Unusual Items": -392700.0,
        "Tax Rate For Calcs": 0.21,
        "Normalized EBITDA": 2647000.0,
        "Total Unusual Items": -1870000.0,
        "Total Unusual Items Excluding Goodwill": -1870000.0,
        "Net Income From Continuing Operation Net Minority Interest": -1579000.0,
        "Reconciled Depreciation": 1134000.0,
        "Reconciled Cost Of Revenue": 31001000.0,
        "EBITDA": 777000.0,
        "EBIT": -357000.0,
        "Net Interest Income": 784000.0,
        "Interest Income": 784000.0,
        "Normalized Income": -101700.0,
        "Net Income From Continuing And Discontinued Operation": -1579000.0,
        "Total Expenses": 42385000.0,
        "Total Operating Income As Reported": -2227000.0,
        "Diluted Average Shares": NaN,
        "Basic Average Shares": NaN,
        "Diluted EPS": NaN,
        "Basic EPS": NaN,
        "Diluted NI Availto Com Stockholders": -1579000.0,
        "Net Income Common Stockholders": -1579000.0,
        "Net Income": -1579000.0,
        "Net Income Including Noncontrolling Interests": -1579000.0,
        "Net Income Continuous Operations": -1579000.0,
        "Tax Provision": 18000.0,
        "Pretax Income": -1561000.0,
        "Other Income Expense": -1988000.0,
        "Other Non Operating Income Expenses": -118000.0,
        "Special Income Charges": -1870000.0,
        "Gain On Sale Of Business": 0.0,
        "Restructuring And Mergern Acquisition": 1870000.0,
        "Net Non Operating Interest Income Expense": 784000.0,
        "Interest Income Non Operating": 784000.0,
        "Operating Income": -357000.0,
        "Operating Expense": 10788000.0,
        "Depreciation Amortization Depletion Income Statement": 538000.0,
        "Depreciation And Amortization In Income Statement": 538000.0,
        "Amortization": 538000.0,
        "Amortization Of Intangibles Income Statement": 538000.0,
        "Research And Development": 2298000.0,
        "Selling General And Administration": 7952000.0,
        "General And Administrative Expense": NaN,
        "Other Gand A": NaN,
        "Salaries And Wages": NaN,
        "Gross Profit": 10431000.0,
        "Cost Of Revenue": 31597000.0,
        "Total Revenue": 42028000.0,
        "Operating Revenue": 42028000.0
    },
    "2024-06-30": {
        "Tax Effect Of Unusual Items": -823200.0,
        "Tax Rate For Calcs": 0.21,
        "Normalized EBITDA": 5557000.0,
        "Total Unusual Items": -3920000.0,
        "Total Unusual Items Excluding Goodwill": -3920000.0,
        "Net Income From Continuing Operation Net Minority Interest": -2524000.0,
        "Reconciled Depreciation": 1008000.0,
        "Reconciled Cost Of Revenue": 27469000.0,
        "EBITDA": 1637000.0,
        "EBIT": 629000.0,
        "Net Interest Income": 1120000.0,
        "Interest Income": 1120000.0,
        "Normalized Income": 572800.0,
        "Net Income From Continuing And Discontinued Operation": -2524000.0,
        "Total Expenses": 39661000.0,
        "Total Operating Income As Reported": -3291000.0,
        "Diluted Average Shares": 35676000.0,
        "Basic Average Shares": 35676000.0,
        "Diluted EPS": -0.07,
        "Basic EPS": -0.07,
        "Diluted NI Availto Com Stockholders": -2524000.0,
        "Net Income Common Stockholders": -2524000.0,
        "Net Income": -2524000.0,
        "Net Income Including Noncontrolling Interests": -2524000.0,
        "Net Income Continuous Operations": -2524000.0,
        "Tax Provision": 193000.0,
        "Pretax Income": -2331000.0,
        "Other Income Expense": -4080000.0,
        "Other Non Operating Income Expenses": -160000.0,
        "Special Income Charges": -3920000.0,
        "Gain On Sale Of Business": NaN,
        "Restructuring And Mergern Acquisition": 3920000.0,
        "Net Non Operating Interest Income Expense": 1120000.0,
        "Interest Income Non Operating": 1120000.0,
        "Operating Income": 629000.0,
        "Operating Expense": 11596000.0,
        "Depreciation Amortization Depletion Income Statement": 412000.0,
        "Depreciation And Amortization In Income Statement": 412000.0,
        "Amortization": 412000.0,
        "Amortization Of Intangibles Income Statement": 412000.0,
        "Research And Development": 2286000.0,
        "Selling General And Administration": 8898000.0,
        "General And Administrative Expense": NaN,
        "Other Gand A": NaN,
        "Salaries And Wages": NaN,
        "Gross Profit": 12225000.0,
        "Cost Of Revenue": 28065000.0,
        "Total Revenue": 40290000.0,
        "Operating Revenue": 40290000.0
    },
    "2024-09-30": {
        "Tax Effect Of Unusual Items": -580020.0,
        "Tax Rate For Calcs": 0.21,
        "Normalized EBITDA": 6704000.0,
        "Total Unusual Items": -2762000.0,
        "Total Unusual Items Excluding Goodwill": -2762000.0,
        "Net Income From Continuing Operation Net Minority Interest": 4887000.0,
        "Reconciled Depreciation": 1933000.0,
        "Reconciled Cost Of Revenue": 37358000.0,
        "EBITDA": 3942000.0,
        "EBIT": 2009000.0,
        "Net Interest Income": 979000.0,
        "Interest Income": 979000.0,
        "Normalized Income": 7068980.0,
        "Net Income From Continuing And Discontinued Operation": 4887000.0,
        "Total Expenses": 52462000.0,
        "Total Operating Income As Reported": -753000.0,
        "Diluted Average Shares": 37499000.0,
        "Basic Average Shares": 36952000.0,
        "Diluted EPS": 0.13,
        "Basic EPS": 0.13,
        "Diluted NI Availto Com Stockholders": 4887000.0,
        "Net Income Common Stockholders": 4887000.0,
        "Net Income": 4887000.0,
        "Net Income Including Noncontrolling Interests": 4887000.0,
        "Net Income Continuous Operations": 4887000.0,
        "Tax Provision": -4990000.0,
        "Pretax Income": -103000.0,
        "Other Income Expense": -3091000.0,
        "Other Non Operating Income Expenses": -329000.0,
        "Special Income Charges": -2762000.0,
        "Gain On Sale Of Business": NaN,
        "Restructuring And Mergern Acquisition": 2762000.0,
        "Net Non Operating Interest Income Expense": 979000.0,
        "Interest Income Non Operating": 979000.0,
        "Operating Income": 2009000.0,
        "Operating Expense": 13604000.0,
        "Depreciation Amortization Depletion Income Statement": 433000.0,
        "Depreciation And Amortization In Income Statement": 433000.0,
        "Amortization": 433000.0,
        "Amortization Of Intangibles Income Statement": 433000.0,
        "Research And Development": 2646000.0,
        "Selling General And Administration": 10525000.0,
        "General And Administrative Expense": 10525000.0,
        "Other Gand A": 9834000.0,
        "Salaries And Wages": 691000.0,
        "Gross Profit": 15613000.0,
        "Cost Of Revenue": 38858000.0,
        "Total Revenue": 54471000.0,
        "Operating Revenue": 54471000.0
    },
    "2024-12-31": {
        "Tax Effect Of Unusual Items": 0.0,
        "Tax Rate For Calcs": 0.21,
        "Normalized EBITDA": 3111000.0,
        "Total Unusual Items": 0.0,
        "Total Unusual Items Excluding Goodwill": 0.0,
        "Net Income From Continuing Operation Net Minority Interest": 2465000.0,
        "Reconciled Depreciation": 1796000.0,
        "Reconciled Cost Of Revenue": 43725000.0,
        "EBITDA": 3111000.0,
        "EBIT": 1315000.0,
        "Net Interest Income": 802000.0,
        "Interest Income": 802000.0,
        "Normalized Income": 2465000.0,
        "Net Income From Continuing And Discontinued Operation": 2465000.0,
        "Total Expenses": 60088000.0,
        "Total Operating Income As Reported": 1315000.0,
        "Diluted Average Shares": 38463000.0,
        "Basic Average Shares": 37661000.0,
        "Diluted EPS": 0.06,
        "Basic EPS": 0.07,
        "Diluted NI Availto Com Stockholders": 2465000.0,
        "Net Income Common Stockholders": 2465000.0,
        "Net Income": 2465000.0,
        "Net Income Including Noncontrolling Interests": 2465000.0,
        "Net Income Continuous Operations": 2465000.0,
        "Tax Provision": -76000.0,
        "Pretax Income": 2389000.0,
        "Other Income Expense": 272000.0,
        "Other Non Operating Income Expenses": 272000.0,
        "Special Income Charges": 0.0,
        "Gain On Sale Of Business": NaN,
        "Restructuring And Mergern Acquisition": 0.0,
        "Net Non Operating Interest Income Expense": 802000.0,
        "Interest Income Non Operating": 802000.0,
        "Operating Income": 1315000.0,
        "Operating Expense": 15011000.0,
        "Depreciation Amortization Depletion Income Statement": 444000.0,
        "Depreciation And Amortization In Income Statement": 444000.0,
        "Amortization": 444000.0,
        "Amortization Of Intangibles Income Statement": 444000.0,
        "Research And Development": 3000000.0,
        "Selling General And Administration": 11567000.0,
        "General And Administrative Expense": NaN,
        "Other Gand A": NaN,
        "Salaries And Wages": NaN,
        "Gross Profit": 16326000.0,
        "Cost Of Revenue": 45077000.0,
        "Total Revenue": 61403000.0,
        "Operating Revenue": 61403000.0
    }
}