{
    "2023-06-30": {
        "Tax Effect Of Unusual Items": 0.0,
        "Tax Rate For Calcs": 0.201,
        "Net Income From Continuing Operation Net Minority Interest": 15627000.0,
        "Reconciled Depreciation": 349000.0,
        "Normalized Income": 15627000.0,
        "Net Income From Continuing And Discontinued Operation": 15627000.0,
        "Total Expenses": 56107000.0,
        "Diluted Average Shares": 19196755.0,
        "Basic Average Shares": 19139735.0,
        "Diluted EPS": 0.81,
        "Basic EPS": 0.82,
        "Diluted NI Availto Com Stockholders": 15627000.0,
        "Net Income Common Stockholders": 15627000.0,
        "Net Income": 15627000.0,
        "Net Income Including Noncontrolling Interests": 15627000.0,
        "Net Income Continuous Operations": 15627000.0,
        "Tax Provision": 3941000.0,
        "Pretax Income": 19568000.0,
        "Selling General And Administration": 6700000.0,
        "General And Administrative Expense": 6700000.0,
        "Salaries And Wages": 6700000.0,
        "Total Revenue": 75675000.0,
        "Operating Revenue": 75675000.0
    },
    "2023-03-31": {
        "Tax Effect Of Unusual Items": 0.0,
        "Tax Rate For Calcs": 0.194846,
        "Net Income From Continuing Operation Net Minority Interest": 17339000.0,
        "Reconciled Depreciation": 350000.0,
        "Normalized Income": 17339000.0,
        "Net Income From Continuing And Discontinued Operation": 17339000.0,
        "Total Expenses": 56922000.0,
        "Diluted Average Shares": 19235411.0,
        "Basic Average Shares": 19131356.0,
        "Diluted EPS": 0.9,
        "Basic EPS": 0.91,
        "Diluted NI Availto Com Stockholders": 17339000.0,
        "Net Income Common Stockholders": 17339000.0,
        "Net Income": 17339000.0,
        "Net Income Including Noncontrolling Interests": 17339000.0,
        "Net Income Continuous Operations": 17339000.0,
        "Tax Provision": 4196000.0,
        "Pretax Income": 21535000.0,
        "Selling General And Administration": 6023000.0,
        "General And Administrative Expense": 6023000.0,
        "Salaries And Wages": 6023000.0,
        "Total Revenue": 78457000.0,
        "Operating Revenue": 78457000.0
    },
    "2022-12-31": {
        "Tax Effect Of Unusual Items": 0.0,
        "Tax Rate For Calcs": 0.189942,
        "Net Income From Continuing Operation Net Minority Interest": 20778000.0,
        "Reconciled Depreciation": 356000.0,
        "Normalized Income": 20778000.0,
        "Net Income From Continuing And Discontinued Operation": 20778000.0,
        "Total Expenses": 54127000.0,
        "Diluted Average Shares": 19209279.0,
        "Basic Average Shares": 19131271.0,
        "Diluted EPS": 1.08,
        "Basic EPS": 1.09,
        "Diluted NI Availto Com Stockholders": 20778000.0,
        "Net Income Common Stockholders": 20778000.0,
        "Net Income": 20778000.0,
        "Net Income Including Noncontrolling Interests": 20778000.0,
        "Net Income Continuous Operations": 20778000.0,
        "Tax Provision": 4872000.0,
        "Pretax Income": 25650000.0,
        "Selling General And Administration": 7082000.0,
        "General And Administrative Expense": 7082000.0,
        "Salaries And Wages": 7082000.0,
        "Total Revenue": 79777000.0,
        "Operating Revenue": 79777000.0
    },
    "2022-09-30": {
        "Tax Effect Of Unusual Items": 0.0,
        "Tax Rate For Calcs": 0.155,
        "Net Income From Continuing Operation Net Minority Interest": 11361000.0,
        "Reconciled Depreciation": 351000.0,
        "Normalized Income": 11361000.0,
        "Net Income From Continuing And Discontinued Operation": 11361000.0,
        "Total Expenses": 57950000.0,
        "Diluted Average Shares": 19269346.0,
        "Basic Average Shares": 19198320.0,
        "Diluted EPS": 0.59,
        "Basic EPS": 0.59,
        "Diluted NI Availto Com Stockholders": 11361000.0,
        "Net Income Common Stockholders": 11361000.0,
        "Net Income": 11361000.0,
        "Net Income Including Noncontrolling Interests": 11361000.0,
        "Net Income Continuous Operations": 11361000.0,
        "Tax Provision": 2090000.0,
        "Pretax Income": 13451000.0,
        "Selling General And Administration": 6737000.0,
        "General And Administrative Expense": 6737000.0,
        "Salaries And Wages": 6737000.0,
        "Total Revenue": 71401000.0,
        "Operating Revenue": 71401000.0
    },
    "2022-06-30": {
        "Tax Effect Of Unusual Items": 0.0,
        "Tax Rate For Calcs": 0.139,
        "Net Income From Continuing Operation Net Minority Interest": 6132000.0,
        "Reconciled Depreciation": 308000.0,
        "Normalized Income": 6132000.0,
        "Net Income From Continuing And Discontinued Operation": 6132000.0,
        "Total Expenses": 60927000.0,
        "Diluted Average Shares": 19332168.0,
        "Basic Average Shares": 19273934.0,
        "Diluted EPS": 0.32,
        "Basic EPS": 0.32,
        "Diluted NI Availto Com Stockholders": 6132000.0,
        "Net Income Common Stockholders": 6132000.0,
        "Net Income": 6132000.0,
        "Net Income Including Noncontrolling Interests": 6132000.0,
        "Net Income Continuous Operations": 6132000.0,
        "Tax Provision": 991000.0,
        "Pretax Income": 7123000.0,
        "Selling General And Administration": 6776000.0,
        "General And Administrative Expense": 6776000.0,
        "Salaries And Wages": 6776000.0,
        "Total Revenue": 68050000.0,
        "Operating Revenue": 68050000.0
    },
    "2022-03-31": {
        "Diluted EPS": 0.89,
        "Total Revenue": 76,
        "Gross Profit": 29,
        "Operating Income": 21,
        "EBIT": 24,
        "Net Income": 17
    },
    "2021-12-31": {
        "Diluted EPS": 0.18,
        "Total Revenue": 78,
        "Gross Profit": 9,
        "Operating Income": 2,
        "EBIT": 4,
        "Net Income": 4
    },
    "2021-09-30": {
        "Diluted EPS": 0.99,
        "Total Revenue": 73,
        "Gross Profit": 32,
        "Operating Income": 25,
        "EBIT": 27,
        "Net Income": 19
    },
    "2021-06-30": {
        "Diluted EPS": 1.23,
        "Total Revenue": 81,
        "Gross Profit": 37,
        "Operating Income": 29,
        "EBIT": 32,
        "Net Income": 24
    },
    "2021-03-31": {
        "Diluted EPS": 0.99,
        "Total Revenue": 83,
        "Gross Profit": 31,
        "Operating Income": 24,
        "EBIT": 26,
        "Net Income": 19
    },
    "2020-12-31": {
        "Diluted EPS": 1.46,
        "Total Revenue": 88,
        "Gross Profit": 43,
        "Operating Income": 36,
        "EBIT": 38,
        "Net Income": 29
    },
    "2020-09-30": {
        "Diluted EPS": 1.21,
        "Total Revenue": 83,
        "Gross Profit": 36,
        "Operating Income": 29,
        "EBIT": 31,
        "Net Income": 23
    },
    "2020-06-30": {
        "Diluted EPS": 1.24,
        "Total Revenue": 89,
        "Gross Profit": 38,
        "Operating Income": 29,
        "EBIT": 32,
        "Net Income": 24
    },
    "2020-03-31": {
        "Diluted EPS": 0.56,
        "Total Revenue": 79,
        "Gross Profit": 21,
        "Operating Income": 13,
        "EBIT": 16,
        "Net Income": 11
    },
    "2019-12-31": {
        "Diluted EPS": 1.75,
        "Total Revenue": 92,
        "Gross Profit": 52,
        "Operating Income": 43,
        "EBIT": 45,
        "Net Income": 34
    },
    "2019-09-30": {
        "Diluted EPS": 1.11,
        "Total Revenue": 91,
        "Gross Profit": 34,
        "Operating Income": 27,
        "EBIT": 29,
        "Net Income": 21
    },
    "2019-06-30": {
        "Diluted EPS": 0.93,
        "Total Revenue": 92,
        "Gross Profit": 29,
        "Operating Income": 22,
        "EBIT": 25,
        "Net Income": 18
    },
    "2019-03-31": {
        "Diluted EPS": 1.01,
        "Total Revenue": 95,
        "Gross Profit": 32,
        "Operating Income": 24,
        "EBIT": 26,
        "Net Income": 19
    },
    "2018-12-31": {
        "Diluted EPS": 0.97,
        "Total Revenue": 95,
        "Gross Profit": 31,
        "Operating Income": 23,
        "EBIT": 25,
        "Net Income": 19
    },
    "2018-09-30": {
        "Diluted EPS": 1.02,
        "Total Revenue": 94,
        "Gross Profit": 32,
        "Operating Income": 24,
        "EBIT": 27,
        "Net Income": 20
    },
    "2018-06-30": {
        "Diluted EPS": 0.88,
        "Total Revenue": 95,
        "Gross Profit": 29,
        "Operating Income": 21,
        "EBIT": 24,
        "Net Income": 17
    },
    "2018-03-31": {
        "Diluted EPS": 0.84,
        "Total Revenue": 94,
        "Gross Profit": 27,
        "Operating Income": 19,
        "EBIT": 23,
        "Net Income": 16
    },
    "2017-12-31": {
        "Diluted EPS": 0.03,
        "Total Revenue": 95,
        "Gross Profit": 25,
        "Operating Income": 18,
        "EBIT": 21,
        "Net Income": 1
    },
    "2017-09-30": {
        "Diluted EPS": 0.86,
        "Total Revenue": 93,
        "Gross Profit": 31,
        "Operating Income": 24,
        "EBIT": 27,
        "Net Income": 17
    },
    "2017-06-30": {
        "Diluted EPS": 0.81,
        "Total Revenue": 90,
        "Gross Profit": 30,
        "Operating Income": 22,
        "EBIT": 26,
        "Net Income": 15
    },
    "2017-03-31": {
        "Diluted EPS": 0.7,
        "Total Revenue": 98,
        "Gross Profit": 26,
        "Operating Income": 19,
        "EBIT": 23,
        "Net Income": 14
    },
    "2016-12-31": {
        "Diluted EPS": 0.98,
        "Total Revenue": 99,
        "Gross Profit": 35,
        "Operating Income": 28,
        "EBIT": 32,
        "Net Income": 19
    },
    "2016-09-30": {
        "Diluted EPS": 0.93,
        "Total Revenue": 98,
        "Gross Profit": 33,
        "Operating Income": 26,
        "EBIT": 30,
        "Net Income": 18
    },
    "2016-06-30": {
        "Diluted EPS": 0.87,
        "Total Revenue": 98,
        "Gross Profit": 32,
        "Operating Income": 25,
        "EBIT": 29,
        "Net Income": 17
    },
    "2016-03-31": {
        "Diluted EPS": 1.27,
        "Total Revenue": 102,
        "Gross Profit": 41,
        "Operating Income": 34,
        "EBIT": 39,
        "Net Income": 24
    },
    "2015-12-31": {
        "Diluted EPS": 1.21,
        "Total Revenue": 102,
        "Gross Profit": 40,
        "Operating Income": 34,
        "EBIT": 38,
        "Net Income": 23
    },
    "2015-09-30": {
        "Diluted EPS": 0.94,
        "Total Revenue": 97,
        "Gross Profit": 33,
        "Operating Income": 26,
        "EBIT": 30,
        "Net Income": 18
    },
    "2015-06-30": {
        "Diluted EPS": 0.75,
        "Total Revenue": 100,
        "Gross Profit": 26,
        "Operating Income": 20,
        "EBIT": 25,
        "Net Income": 14
    },
    "2015-03-31": {
        "Diluted EPS": 0.79,
        "Total Revenue": 102,
        "Gross Profit": 27,
        "Operating Income": 21,
        "EBIT": 26,
        "Net Income": 15
    },
    "2014-12-31": {
        "Diluted EPS": 0.89,
        "Total Revenue": 105,
        "Gross Profit": 30,
        "Operating Income": 24,
        "EBIT": 28,
        "Net Income": 17
    },
    "2014-09-30": {
        "Diluted EPS": 0.71,
        "Total Revenue": 102,
        "Gross Profit": 26,
        "Operating Income": 19,
        "EBIT": 24,
        "Net Income": 13
    },
    "2014-06-30": {
        "Diluted EPS": 0.68,
        "Total Revenue": 101,
        "Gross Profit": 22,
        "Operating Income": 17,
        "EBIT": 21,
        "Net Income": 13
    },
    "2014-03-31": {
        "Diluted EPS": 0.56,
        "Total Revenue": 96,
        "Gross Profit": 20,
        "Operating Income": 13,
        "EBIT": 18,
        "Net Income": 11
    },
    "2013-12-31": {
        "Diluted EPS": 0.92,
        "Total Revenue": 94,
        "Gross Profit": 31,
        "Operating Income": 25,
        "EBIT": 29,
        "Net Income": 17
    },
    "2013-09-30": {
        "Diluted EPS": 0.52,
        "Total Revenue": 88,
        "Gross Profit": 18,
        "Operating Income": 12,
        "EBIT": 16,
        "Net Income": 10
    },
    "2013-06-30": {
        "Diluted EPS": 0.41,
        "Total Revenue": 88,
        "Gross Profit": 17,
        "Operating Income": 11,
        "EBIT": 14,
        "Net Income": 8
    },
    "2013-03-31": {
        "Diluted EPS": 0.47,
        "Total Revenue": 87,
        "Gross Profit": 17,
        "Operating Income": 11,
        "EBIT": 14,
        "Net Income": 9
    },
    "2012-12-31": {
        "Diluted EPS": 0.49,
        "Total Revenue": 86,
        "Gross Profit": 19,
        "Operating Income": 13,
        "EBIT": 16,
        "Net Income": 9
    },
    "2012-09-30": {
        "Diluted EPS": 0.38,
        "Total Revenue": 80,
        "Gross Profit": 15,
        "Operating Income": 9,
        "EBIT": 12,
        "Net Income": 7
    },
    "2012-06-30": {
        "Diluted EPS": 0.19,
        "Total Revenue": 77,
        "Gross Profit": 10,
        "Operating Income": 4,
        "EBIT": 7,
        "Net Income": 3
    },
    "2012-03-31": {
        "Diluted EPS": 0.52,
        "Total Revenue": 79,
        "Gross Profit": 17,
        "Operating Income": 11,
        "EBIT": 14,
        "Net Income": 10
    },
    "2011-12-31": {
        "Diluted EPS": 0.44,
        "Total Revenue": 75,
        "Gross Profit": 15,
        "Operating Income": 10,
        "EBIT": 12,
        "Net Income": 8
    },
    "2011-09-30": {
        "Diluted EPS": 0.26,
        "Total Revenue": 72,
        "Gross Profit": 11,
        "Operating Income": 6,
        "EBIT": 8,
        "Net Income": 5
    },
    "2011-06-30": {
        "Diluted EPS": 0.24,
        "Total Revenue": 67,
        "Gross Profit": 10,
        "Operating Income": 5,
        "EBIT": 7,
        "Net Income": 5
    },
    "2011-03-31": {
        "Diluted EPS": 0.35,
        "Total Revenue": 67,
        "Gross Profit": 13,
        "Operating Income": 7,
        "EBIT": 9,
        "Net Income": 7
    },
    "2010-12-31": {
        "Diluted EPS": 0.46,
        "Total Revenue": 63,
        "Gross Profit": 19,
        "Operating Income": 12,
        "EBIT": 14,
        "Net Income": 8
    },
    "2010-09-30": {
        "Diluted EPS": 0.23,
        "Total Revenue": 61,
        "Gross Profit": 11,
        "Operating Income": 5,
        "EBIT": 7,
        "Net Income": 4
    },
    "2010-06-30": {
        "Diluted EPS": 0.54,
        "Total Revenue": 60,
        "Gross Profit": 19,
        "Operating Income": 13,
        "EBIT": 15,
        "Net Income": 10
    },
    "2010-03-31": {
        "Diluted EPS": 0.58,
        "Total Revenue": 64,
        "Gross Profit": 19,
        "Operating Income": 14,
        "EBIT": 15,
        "Net Income": 11
    },
    "2009-12-31": {
        "Diluted EPS": 0.33,
        "Total Revenue": 64,
        "Gross Profit": 16,
        "Operating Income": 10,
        "EBIT": 12,
        "Net Income": 7
    },
    "2009-09-30": {
        "Diluted EPS": 0.74,
        "Total Revenue": 67,
        "Gross Profit": 27,
        "Operating Income": 21,
        "EBIT": 22,
        "Net Income": 15
    },
    "2009-06-30": {
        "Diluted EPS": 0.67,
        "Total Revenue": 73,
        "Gross Profit": 24,
        "Operating Income": 18,
        "EBIT": 20,
        "Net Income": 14
    },
    "2009-03-31": {
        "Diluted EPS": 0.54,
        "Total Revenue": 78,
        "Gross Profit": 21,
        "Operating Income": 15,
        "EBIT": 17,
        "Net Income": 11
    },
    "2023-09-30": {
        "Tax Effect Of Unusual Items": 0.0,
        "Tax Rate For Calcs": 0.192,
        "Net Income From Continuing Operation Net Minority Interest": 9961000.0,
        "Reconciled Depreciation": 373000.0,
        "Normalized Income": 9961000.0,
        "Net Income From Continuing And Discontinued Operation": 9961000.0,
        "Total Expenses": 60329000.0,
        "Diluted Average Shares": 19223588.0,
        "Basic Average Shares": 19164854.0,
        "Diluted EPS": 0.52,
        "Basic EPS": 0.52,
        "Diluted NI Availto Com Stockholders": 9961000.0,
        "Net Income Common Stockholders": 9961000.0,
        "Net Income": 9961000.0,
        "Net Income Including Noncontrolling Interests": 9961000.0,
        "Net Income Continuous Operations": 9961000.0,
        "Tax Provision": 2366000.0,
        "Pretax Income": 12327000.0,
        "Selling General And Administration": 6902000.0,
        "General And Administrative Expense": 6902000.0,
        "Salaries And Wages": 6902000.0,
        "Total Revenue": 72656000.0,
        "Operating Revenue": 72656000.0
    },
    "2023-12-31": {
        "Tax Effect Of Unusual Items": 0.0,
        "Tax Rate For Calcs": 0.199023,
        "Net Income From Continuing Operation Net Minority Interest": 19181000.0,
        "Reconciled Depreciation": 355000.0,
        "Normalized Income": 19181000.0,
        "Net Income From Continuing And Discontinued Operation": 19181000.0,
        "Total Expenses": 56175000.0,
        "Diluted Average Shares": 19220250.0,
        "Basic Average Shares": 19159911.0,
        "Diluted EPS": 1.0,
        "Basic EPS": 1.0,
        "Diluted NI Availto Com Stockholders": 19181000.0,
        "Net Income Common Stockholders": 19181000.0,
        "Net Income": 19181000.0,
        "Net Income Including Noncontrolling Interests": 19181000.0,
        "Net Income Continuous Operations": 19181000.0,
        "Tax Provision": 4766000.0,
        "Pretax Income": 23947000.0,
        "Selling General And Administration": 7734000.0,
        "General And Administrative Expense": 7734000.0,
        "Salaries And Wages": 7734000.0,
        "Total Revenue": 80122000.0,
        "Operating Revenue": 80122000.0
    },
    "2024-03-31": {
        "Tax Effect Of Unusual Items": 0.0,
        "Tax Rate For Calcs": 0.184141,
        "Net Income From Continuing Operation Net Minority Interest": 16925000.0,
        "Reconciled Depreciation": 328000.0,
        "Normalized Income": 16925000.0,
        "Net Income From Continuing And Discontinued Operation": 16925000.0,
        "Total Expenses": 59761000.0,
        "Diluted Average Shares": 19211282.0,
        "Basic Average Shares": 19122168.0,
        "Diluted EPS": 0.88,
        "Basic EPS": 0.89,
        "Diluted NI Availto Com Stockholders": 16925000.0,
        "Net Income Common Stockholders": 16925000.0,
        "Net Income": 16925000.0,
        "Net Income Including Noncontrolling Interests": 16925000.0,
        "Net Income Continuous Operations": 16925000.0,
        "Tax Provision": 3820000.0,
        "Pretax Income": 20745000.0,
        "Selling General And Administration": 7505000.0,
        "General And Administrative Expense": 7505000.0,
        "Salaries And Wages": 7505000.0,
        "Total Revenue": 80506000.0,
        "Operating Revenue": 80506000.0
    }
}