{
    "2023-04-30": {
        "Tax Effect Of Unusual Items": 0.0,
        "Tax Rate For Calcs": 0.130685,
        "Normalized EBITDA": 3042000.0,
        "Net Income From Continuing Operation Net Minority Interest": 2867000.0,
        "Reconciled Depreciation": 772000.0,
        "Reconciled Cost Of Revenue": 11187000.0,
        "EBITDA": 3042000.0,
        "EBIT": 2270000.0,
        "Net Interest Income": 875000.0,
        "Interest Income": 875000.0,
        "Normalized Income": 2867000.0,
        "Net Income From Continuing And Discontinued Operation": 2867000.0,
        "Total Expenses": 27644000.0,
        "Total Operating Income As Reported": 2270000.0,
        "Diluted NI Availto Com Stockholders": 2867000.0,
        "Net Income Common Stockholders": 2867000.0,
        "Net Income": 2867000.0,
        "Net Income Including Noncontrolling Interests": 2867000.0,
        "Net Income Discontinuous Operations": NaN,
        "Net Income Continuous Operations": 2867000.0,
        "Tax Provision": 431000.0,
        "Pretax Income": 3298000.0,
        "Other Income Expense": 153000.0,
        "Other Non Operating Income Expenses": 153000.0,
        "Net Non Operating Interest Income Expense": 875000.0,
        "Interest Income Non Operating": 875000.0,
        "Operating Income": 2270000.0,
        "Operating Expense": 15710000.0,
        "Depreciation Amortization Depletion Income Statement": 25000.0,
        "Depreciation And Amortization In Income Statement": 25000.0,
        "Amortization": 25000.0,
        "Amortization Of Intangibles Income Statement": 25000.0,
        "Research And Development": 4547000.0,
        "Selling General And Administration": 11138000.0,
        "Selling And Marketing Expense": 5250000.0,
        "General And Administrative Expense": 5888000.0,
        "Other Gand A": 5888000.0,
        "Gross Profit": 17980000.0,
        "Cost Of Revenue": 11934000.0,
        "Total Revenue": 29914000.0,
        "Operating Revenue": 29914000.0
    },
    "2023-01-31": {
        "Tax Effect Of Unusual Items": 0.0,
        "Tax Rate For Calcs": 0.218,
        "Normalized EBITDA": 3744000.0,
        "Net Income From Continuing Operation Net Minority Interest": 3340000.0,
        "Reconciled Depreciation": 788000.0,
        "Reconciled Cost Of Revenue": 11510000.0,
        "EBITDA": 3744000.0,
        "EBIT": 2956000.0,
        "Net Interest Income": 701000.0,
        "Interest Income": 701000.0,
        "Normalized Income": 3340000.0,
        "Net Income From Continuing And Discontinued Operation": 3340000.0,
        "Total Expenses": 28055000.0,
        "Total Operating Income As Reported": 2956000.0,
        "Diluted NI Availto Com Stockholders": 3340000.0,
        "Net Income Common Stockholders": 3340000.0,
        "Net Income": 3340000.0,
        "Net Income Including Noncontrolling Interests": 3340000.0,
        "Net Income Discontinuous Operations": NaN,
        "Net Income Continuous Operations": 3340000.0,
        "Tax Provision": 950000.0,
        "Pretax Income": 4290000.0,
        "Other Income Expense": 633000.0,
        "Other Non Operating Income Expenses": 633000.0,
        "Net Non Operating Interest Income Expense": 701000.0,
        "Interest Income Non Operating": 701000.0,
        "Operating Income": 2956000.0,
        "Operating Expense": 15782000.0,
        "Depreciation Amortization Depletion Income Statement": 25000.0,
        "Depreciation And Amortization In Income Statement": 25000.0,
        "Amortization": 25000.0,
        "Amortization Of Intangibles Income Statement": 25000.0,
        "Research And Development": 4402000.0,
        "Selling General And Administration": 11355000.0,
        "Selling And Marketing Expense": 5325000.0,
        "General And Administrative Expense": 6030000.0,
        "Other Gand A": 6030000.0,
        "Gross Profit": 18738000.0,
        "Cost Of Revenue": 12273000.0,
        "Total Revenue": 31011000.0,
        "Operating Revenue": 31011000.0
    },
    "2022-10-31": {
        "Tax Effect Of Unusual Items": 0.0,
        "Tax Rate For Calcs": 0.215,
        "Normalized EBITDA": 3383000.0,
        "Net Income From Continuing Operation Net Minority Interest": 1916000.0,
        "Reconciled Depreciation": 833000.0,
        "Reconciled Cost Of Revenue": 8419000.0,
        "EBITDA": 3383000.0,
        "EBIT": 2550000.0,
        "Net Interest Income": 364000.0,
        "Interest Income": 364000.0,
        "Normalized Income": 1916000.0,
        "Net Income From Continuing And Discontinued Operation": 2105000.0,
        "Total Expenses": 24729000.0,
        "Total Operating Income As Reported": 2550000.0,
        "Diluted NI Availto Com Stockholders": 2105000.0,
        "Net Income Common Stockholders": 2105000.0,
        "Net Income": 2105000.0,
        "Net Income Including Noncontrolling Interests": 2105000.0,
        "Net Income Discontinuous Operations": 189000.0,
        "Net Income Continuous Operations": 1916000.0,
        "Tax Provision": 489000.0,
        "Pretax Income": 2405000.0,
        "Other Income Expense": -509000.0,
        "Other Non Operating Income Expenses": -509000.0,
        "Net Non Operating Interest Income Expense": 364000.0,
        "Interest Income Non Operating": 364000.0,
        "Operating Income": 2550000.0,
        "Operating Expense": 15509000.0,
        "Depreciation Amortization Depletion Income Statement": 32000.0,
        "Depreciation And Amortization In Income Statement": 32000.0,
        "Amortization": 32000.0,
        "Amortization Of Intangibles Income Statement": 32000.0,
        "Research And Development": 4364000.0,
        "Selling General And Administration": 11113000.0,
        "Selling And Marketing Expense": 5229000.0,
        "General And Administrative Expense": 5884000.0,
        "Other Gand A": 5884000.0,
        "Gross Profit": 18059000.0,
        "Cost Of Revenue": 9220000.0,
        "Total Revenue": 27279000.0,
        "Operating Revenue": 27279000.0
    },
    "2022-07-31": {
        "Tax Effect Of Unusual Items": 0.0,
        "Tax Rate For Calcs": 0.203,
        "Normalized EBITDA": 2581000.0,
        "Net Income From Continuing Operation Net Minority Interest": 2133000.0,
        "Reconciled Depreciation": 24000.0,
        "Reconciled Cost Of Revenue": 12584000.0,
        "EBITDA": 2581000.0,
        "EBIT": 2557000.0,
        "Net Interest Income": 119000.0,
        "Interest Income": 119000.0,
        "Normalized Income": 2133000.0,
        "Net Income From Continuing And Discontinued Operation": 2133000.0,
        "Total Expenses": 28739000.0,
        "Total Operating Income As Reported": 2557000.0,
        "Diluted Average Shares": 34007000.0,
        "Basic Average Shares": 33656000.0,
        "Diluted EPS": 0.06,
        "Basic EPS": 0.06,
        "Diluted NI Availto Com Stockholders": 2133000.0,
        "Net Income Common Stockholders": 2133000.0,
        "Net Income": 2133000.0,
        "Net Income Including Noncontrolling Interests": 2133000.0,
        "Net Income Continuous Operations": 2133000.0,
        "Tax Provision": 543000.0,
        "Pretax Income": 2676000.0,
        "Other Income Expense": -90000.0,
        "Other Non Operating Income Expenses": -90000.0,
        "Net Non Operating Interest Income Expense": 119000.0,
        "Total Other Finance Cost": NaN,
        "Interest Income Non Operating": 119000.0,
        "Operating Income": 2557000.0,
        "Operating Expense": 16155000.0,
        "Depreciation Amortization Depletion Income Statement": 24000.0,
        "Depreciation And Amortization In Income Statement": 24000.0,
        "Amortization": 24000.0,
        "Amortization Of Intangibles Income Statement": 24000.0,
        "Research And Development": 4454000.0,
        "Selling General And Administration": 11677000.0,
        "Selling And Marketing Expense": 5912000.0,
        "General And Administrative Expense": 5765000.0,
        "Other Gand A": 5765000.0,
        "Gross Profit": 18712000.0,
        "Cost Of Revenue": 12584000.0,
        "Total Revenue": 31296000.0,
        "Operating Revenue": 31296000.0
    },
    "2022-04-30": {
        "Diluted EPS": 0.09,
        "Total Revenue": 35,
        "Gross Profit": 22,
        "Operating Income": 5,
        "EBIT": 6,
        "Net Income": 4
    },
    "2022-01-31": {
        "Diluted EPS": 0.09,
        "Total Revenue": 32,
        "Gross Profit": 19,
        "Operating Income": 3,
        "EBIT": 4,
        "Net Income": 3
    },
    "2021-10-31": {
        "Diluted EPS": 0.1,
        "Total Revenue": 31,
        "Gross Profit": 18,
        "Operating Income": 3,
        "EBIT": 4,
        "Net Income": 3
    },
    "2021-07-31": {
        "Diluted EPS": 0.09,
        "Total Revenue": 29,
        "Gross Profit": 17,
        "Operating Income": 2,
        "EBIT": 3,
        "Net Income": 3
    },
    "2021-04-30": {
        "Diluted EPS": 0.09,
        "Total Revenue": 29,
        "Gross Profit": 17,
        "Operating Income": 2,
        "EBIT": 3,
        "Net Income": 3
    },
    "2021-01-31": {
        "Diluted EPS": 0.07,
        "Total Revenue": 28,
        "Gross Profit": 15,
        "Operating Income": 1,
        "EBIT": 2,
        "Net Income": 2
    },
    "2020-10-31": {
        "Diluted EPS": 0.02,
        "Total Revenue": 28,
        "Gross Profit": 15,
        "Operating Income": 1,
        "EBIT": 2,
        "Net Income": 1
    },
    "2020-07-31": {
        "Diluted EPS": 0.06,
        "Total Revenue": 27,
        "Gross Profit": 14,
        "Operating Income": 1,
        "EBIT": 3,
        "Net Income": 2
    },
    "2020-04-30": {
        "Diluted EPS": 0.02,
        "Total Revenue": 29,
        "Gross Profit": 16,
        "Operating Income": 2,
        "EBIT": 3,
        "Net Income": 1
    },
    "2020-01-31": {
        "Diluted EPS": 0.1,
        "Total Revenue": 31,
        "Gross Profit": 17,
        "Operating Income": 3,
        "EBIT": 5,
        "Net Income": 3
    },
    "2019-10-31": {
        "Diluted EPS": 0.05,
        "Total Revenue": 28,
        "Gross Profit": 15,
        "Operating Income": 1,
        "EBIT": 3,
        "Net Income": 2
    },
    "2019-07-31": {
        "Diluted EPS": 0.04,
        "Total Revenue": 27,
        "Gross Profit": 15,
        "Operating Income": 1,
        "EBIT": 3,
        "Net Income": 1
    },
    "2019-04-30": {
        "Diluted EPS": 0.07,
        "Total Revenue": 26,
        "Gross Profit": 14,
        "Operating Income": 1,
        "EBIT": 3,
        "Net Income": 2
    },
    "2019-01-31": {
        "Diluted EPS": 0.07,
        "Total Revenue": 27,
        "Gross Profit": 14,
        "Operating Income": 2,
        "EBIT": 4,
        "Net Income": 2
    },
    "2018-10-31": {
        "Diluted EPS": 0.04,
        "Total Revenue": 28,
        "Gross Profit": 15,
        "Operating Income": 2,
        "EBIT": 3,
        "Net Income": 1
    },
    "2018-07-31": {
        "Diluted EPS": 0.04,
        "Total Revenue": 27,
        "Gross Profit": 14,
        "Operating Income": 1,
        "EBIT": 2,
        "Net Income": 1
    },
    "2018-04-30": {
        "Diluted EPS": 0.05,
        "Total Revenue": 29,
        "Gross Profit": 16,
        "Operating Income": 2,
        "EBIT": 4,
        "Net Income": 1
    },
    "2018-01-31": {
        "Diluted EPS": 0.18,
        "Total Revenue": 30,
        "Gross Profit": 17,
        "Operating Income": 4,
        "EBIT": 6,
        "Net Income": 6
    },
    "2017-10-31": {
        "Diluted EPS": 0.08,
        "Total Revenue": 26,
        "Gross Profit": 14,
        "Operating Income": 3,
        "EBIT": 5,
        "Net Income": 2
    },
    "2017-07-31": {
        "Diluted EPS": 0.09,
        "Total Revenue": 27,
        "Gross Profit": 15,
        "Operating Income": 4,
        "EBIT": 5,
        "Net Income": 3
    },
    "2017-04-30": {
        "Diluted EPS": 0.34,
        "Total Revenue": 26,
        "Gross Profit": 14,
        "Operating Income": 3,
        "EBIT": 5,
        "Net Income": 10
    },
    "2017-01-31": {
        "Diluted EPS": 0.08,
        "Total Revenue": 26,
        "Gross Profit": 14,
        "Operating Income": 2,
        "EBIT": 4,
        "Net Income": 2
    },
    "2016-10-31": {
        "Diluted EPS": 0.01,
        "Total Revenue": 26,
        "Gross Profit": 13,
        "Operating Income": 1,
        "EBIT": 2,
        "Net Income": 0
    },
    "2016-07-31": {
        "Diluted EPS": 0.06,
        "Total Revenue": 27,
        "Gross Profit": 14,
        "Operating Income": 2,
        "EBIT": 3,
        "Net Income": 2
    },
    "2016-04-30": {
        "Diluted EPS": 0.12,
        "Total Revenue": 29,
        "Gross Profit": 16,
        "Operating Income": 4,
        "EBIT": 5,
        "Net Income": 3
    },
    "2016-01-31": {
        "Diluted EPS": 0.07,
        "Total Revenue": 27,
        "Gross Profit": 14,
        "Operating Income": 3,
        "EBIT": 4,
        "Net Income": 2
    },
    "2015-10-31": {
        "Diluted EPS": 0.07,
        "Total Revenue": 29,
        "Gross Profit": 15,
        "Operating Income": 3,
        "EBIT": 5,
        "Net Income": 2
    },
    "2015-07-31": {
        "Diluted EPS": 0.09,
        "Total Revenue": 29,
        "Gross Profit": 15,
        "Operating Income": 4,
        "EBIT": 5,
        "Net Income": 3
    },
    "2015-04-30": {
        "Diluted EPS": 0.09,
        "Total Revenue": 28,
        "Gross Profit": 14,
        "Operating Income": 3,
        "EBIT": 5,
        "Net Income": 3
    },
    "2015-01-31": {
        "Diluted EPS": 0.1,
        "Total Revenue": 26,
        "Gross Profit": 13,
        "Operating Income": 2,
        "EBIT": 4,
        "Net Income": 3
    },
    "2014-10-31": {
        "Diluted EPS": 0.04,
        "Total Revenue": 25,
        "Gross Profit": 12,
        "Operating Income": 1,
        "EBIT": 3,
        "Net Income": 1
    },
    "2014-07-31": {
        "Diluted EPS": 0.05,
        "Total Revenue": 25,
        "Gross Profit": 13,
        "Operating Income": 2,
        "EBIT": 4,
        "Net Income": 2
    },
    "2014-04-30": {
        "Diluted EPS": 0.09,
        "Total Revenue": 26,
        "Gross Profit": 15,
        "Operating Income": 3,
        "EBIT": 4,
        "Net Income": 3
    },
    "2014-01-31": {
        "Diluted EPS": 0.09,
        "Total Revenue": 24,
        "Gross Profit": 14,
        "Operating Income": 4,
        "EBIT": 4,
        "Net Income": 2
    },
    "2013-10-31": {
        "Diluted EPS": 0.13,
        "Total Revenue": 27,
        "Gross Profit": 16,
        "Operating Income": 5,
        "EBIT": 6,
        "Net Income": 4
    },
    "2013-07-31": {
        "Diluted EPS": 0.06,
        "Total Revenue": 23,
        "Gross Profit": 12,
        "Operating Income": 2,
        "EBIT": 3,
        "Net Income": 2
    },
    "2013-04-30": {
        "Diluted EPS": 0.11,
        "Total Revenue": 25,
        "Gross Profit": 14,
        "Operating Income": 4,
        "EBIT": 5,
        "Net Income": 3
    },
    "2013-01-31": {
        "Diluted EPS": 0.08,
        "Total Revenue": 23,
        "Gross Profit": 12,
        "Operating Income": 2,
        "EBIT": 3,
        "Net Income": 2
    },
    "2012-10-31": {
        "Diluted EPS": 0.1,
        "Total Revenue": 26,
        "Gross Profit": 15,
        "Operating Income": 4,
        "EBIT": 5,
        "Net Income": 3
    },
    "2012-07-31": {
        "Diluted EPS": 0.09,
        "Total Revenue": 26,
        "Gross Profit": 14,
        "Operating Income": 4,
        "EBIT": 5,
        "Net Income": 2
    },
    "2012-04-30": {
        "Diluted EPS": 0.12,
        "Total Revenue": 28,
        "Gross Profit": 15,
        "Operating Income": 5,
        "EBIT": 6,
        "Net Income": 3
    },
    "2012-01-31": {
        "Diluted EPS": 0.1,
        "Total Revenue": 25,
        "Gross Profit": 14,
        "Operating Income": 3,
        "EBIT": 4,
        "Net Income": 3
    },
    "2011-10-31": {
        "Diluted EPS": 0.11,
        "Total Revenue": 26,
        "Gross Profit": 15,
        "Operating Income": 5,
        "EBIT": 6,
        "Net Income": 3
    },
    "2011-07-31": {
        "Diluted EPS": 0.09,
        "Total Revenue": 24,
        "Gross Profit": 13,
        "Operating Income": 4,
        "EBIT": 5,
        "Net Income": 2
    },
    "2011-04-30": {
        "Diluted EPS": 0.1,
        "Total Revenue": 25,
        "Gross Profit": 14,
        "Operating Income": 4,
        "EBIT": 5,
        "Net Income": 3
    },
    "2011-01-31": {
        "Diluted EPS": 0.07,
        "Total Revenue": 20,
        "Gross Profit": 10,
        "Operating Income": 2,
        "EBIT": 3,
        "Net Income": 2
    },
    "2010-10-31": {
        "Diluted EPS": 0.06,
        "Total Revenue": 21,
        "Gross Profit": 11,
        "Operating Income": 2,
        "EBIT": 3,
        "Net Income": 1
    },
    "2010-07-31": {
        "Diluted EPS": 0.05,
        "Total Revenue": 19,
        "Gross Profit": 10,
        "Operating Income": 2,
        "EBIT": 3,
        "Net Income": 1
    },
    "2010-04-30": {
        "Diluted EPS": 0.05,
        "Total Revenue": 19,
        "Gross Profit": 10,
        "Operating Income": 1,
        "EBIT": 2,
        "Net Income": 1
    },
    "2010-01-31": {
        "Diluted EPS": 0.07,
        "Total Revenue": 20,
        "Gross Profit": 11,
        "Operating Income": 3,
        "EBIT": 4,
        "Net Income": 2
    },
    "2009-10-31": {
        "Diluted EPS": 0.05,
        "Total Revenue": 19,
        "Gross Profit": 10,
        "Operating Income": 2,
        "EBIT": 2,
        "Net Income": 1
    },
    "2009-07-31": {
        "Diluted EPS": 0.05,
        "Total Revenue": 18,
        "Gross Profit": 11,
        "Operating Income": 1,
        "EBIT": 2,
        "Net Income": 1
    },
    "2009-04-30": {
        "Diluted EPS": 0.05,
        "Total Revenue": 19,
        "Gross Profit": 11,
        "Operating Income": 2,
        "EBIT": 3,
        "Net Income": 1
    },
    "2009-01-31": {
        "Diluted EPS": 0.03,
        "Total Revenue": 20,
        "Gross Profit": 11,
        "Operating Income": 2,
        "EBIT": 3,
        "Net Income": 1
    },
    "2023-07-31": {
        "Tax Effect Of Unusual Items": 0.0,
        "Tax Rate For Calcs": 0.204,
        "Normalized EBITDA": 2298000.0,
        "Net Income From Continuing Operation Net Minority Interest": 2748000.0,
        "Reconciled Depreciation": 731000.0,
        "Reconciled Cost Of Revenue": 10886000.0,
        "EBITDA": 2298000.0,
        "EBIT": 1567000.0,
        "Net Interest Income": 1089000.0,
        "Interest Income": 1089000.0,
        "Normalized Income": 2748000.0,
        "Net Income From Continuing And Discontinued Operation": 2748000.0,
        "Total Expenses": 27601000.0,
        "Total Operating Income As Reported": 1567000.0,
        "Diluted NI Availto Com Stockholders": 2748000.0,
        "Net Income Common Stockholders": 2748000.0,
        "Net Income": 2748000.0,
        "Net Income Including Noncontrolling Interests": 2748000.0,
        "Net Income Discontinuous Operations": NaN,
        "Net Income Continuous Operations": 2748000.0,
        "Tax Provision": 706000.0,
        "Pretax Income": 3454000.0,
        "Other Income Expense": 798000.0,
        "Other Non Operating Income Expenses": 798000.0,
        "Net Non Operating Interest Income Expense": 1089000.0,
        "Interest Income Non Operating": 1089000.0,
        "Operating Income": 1567000.0,
        "Operating Expense": 16009000.0,
        "Depreciation Amortization Depletion Income Statement": 25000.0,
        "Depreciation And Amortization In Income Statement": 25000.0,
        "Amortization": 25000.0,
        "Amortization Of Intangibles Income Statement": 25000.0,
        "Research And Development": 4249000.0,
        "Selling General And Administration": 11735000.0,
        "Selling And Marketing Expense": 6148000.0,
        "General And Administrative Expense": 5587000.0,
        "Other Gand A": 5587000.0,
        "Gross Profit": 17576000.0,
        "Cost Of Revenue": 11592000.0,
        "Total Revenue": 29168000.0,
        "Operating Revenue": 29168000.0
    },
    "2023-10-31": {
        "Tax Effect Of Unusual Items": 0.0,
        "Tax Rate For Calcs": 0.048,
        "Normalized EBITDA": 2505000.0,
        "Net Income From Continuing Operation Net Minority Interest": 621000.0,
        "Reconciled Depreciation": 1276000.0,
        "Reconciled Cost Of Revenue": 8142000.0,
        "EBITDA": 2505000.0,
        "EBIT": 1229000.0,
        "Net Interest Income": 1073000.0,
        "Interest Income": 1073000.0,
        "Normalized Income": 621000.0,
        "Net Income From Continuing And Discontinued Operation": 2363000.0,
        "Total Expenses": 24461000.0,
        "Total Operating Income As Reported": 1229000.0,
        "Diluted NI Availto Com Stockholders": 2363000.0,
        "Net Income Common Stockholders": 2363000.0,
        "Net Income": 2363000.0,
        "Net Income Including Noncontrolling Interests": 2363000.0,
        "Net Income Discontinuous Operations": 1742000.0,
        "Net Income Continuous Operations": 621000.0,
        "Tax Provision": 31000.0,
        "Pretax Income": 652000.0,
        "Other Income Expense": -1650000.0,
        "Other Non Operating Income Expenses": -1650000.0,
        "Net Non Operating Interest Income Expense": 1073000.0,
        "Interest Income Non Operating": 1073000.0,
        "Operating Income": 1229000.0,
        "Operating Expense": 15172000.0,
        "Depreciation Amortization Depletion Income Statement": 129000.0,
        "Depreciation And Amortization In Income Statement": 129000.0,
        "Amortization": 129000.0,
        "Amortization Of Intangibles Income Statement": 129000.0,
        "Research And Development": 4269000.0,
        "Selling General And Administration": 10774000.0,
        "Selling And Marketing Expense": 5313000.0,
        "General And Administrative Expense": 5461000.0,
        "Other Gand A": 5461000.0,
        "Gross Profit": 16401000.0,
        "Cost Of Revenue": 9289000.0,
        "Total Revenue": 25690000.0,
        "Operating Revenue": 25690000.0
    }
}