{
    "2023-06-30": {
        "Tax Effect Of Unusual Items": NaN,
        "Tax Rate For Calcs": NaN,
        "Total Unusual Items": NaN,
        "Total Unusual Items Excluding Goodwill": NaN,
        "Net Income From Continuing Operation Net Minority Interest": NaN,
        "Reconciled Depreciation": NaN,
        "Net Interest Income": NaN,
        "Interest Expense": NaN,
        "Interest Income": NaN,
        "Normalized Income": NaN,
        "Net Income From Continuing And Discontinued Operation": NaN,
        "Diluted Average Shares": NaN,
        "Basic Average Shares": NaN,
        "Diluted EPS": NaN,
        "Basic EPS": NaN,
        "Diluted NI Availto Com Stockholders": NaN,
        "Net Income Common Stockholders": NaN,
        "Net Income": NaN,
        "Minority Interests": NaN,
        "Net Income Including Noncontrolling Interests": NaN,
        "Net Income Continuous Operations": NaN,
        "Tax Provision": NaN,
        "Pretax Income": NaN,
        "Special Income Charges": NaN,
        "Other Special Charges": 1550000.0,
        "Gain On Sale Of Security": NaN,
        "Depreciation Amortization Depletion Income Statement": NaN,
        "Depreciation And Amortization In Income Statement": NaN,
        "Selling General And Administration": NaN,
        "Selling And Marketing Expense": NaN,
        "General And Administrative Expense": NaN,
        "Insurance And Claims": NaN,
        "Salaries And Wages": NaN,
        "Total Revenue": NaN,
        "Operating Revenue": NaN,
        "Occupancy And Equipment": NaN,
        "Professional Expense And Contract Services Expense": NaN,
        "Other Non Interest Expense": NaN
    },
    "2023-03-31": {
        "Tax Effect Of Unusual Items": 2766330.0,
        "Tax Rate For Calcs": 0.21,
        "Total Unusual Items": 13173000.0,
        "Total Unusual Items Excluding Goodwill": 13173000.0,
        "Net Income From Continuing Operation Net Minority Interest": 20186000.0,
        "Reconciled Depreciation": 1292000.0,
        "Net Interest Income": 82333000.0,
        "Interest Expense": 42797000.0,
        "Interest Income": 125130000.0,
        "Normalized Income": 9779330.0,
        "Net Income From Continuing And Discontinued Operation": 20186000.0,
        "Diluted Average Shares": NaN,
        "Basic Average Shares": NaN,
        "Diluted EPS": NaN,
        "Basic EPS": NaN,
        "Diluted NI Availto Com Stockholders": 20186000.0,
        "Net Income Common Stockholders": 20186000.0,
        "Net Income": 20186000.0,
        "Minority Interests": 244000.0,
        "Net Income Including Noncontrolling Interests": 19942000.0,
        "Net Income Continuous Operations": 19942000.0,
        "Tax Provision": 5301000.0,
        "Pretax Income": 25243000.0,
        "Special Income Charges": 13173000.0,
        "Other Special Charges": NaN,
        "Gain On Sale Of Security": -9246000.0,
        "Depreciation Amortization Depletion Income Statement": 1292000.0,
        "Depreciation And Amortization In Income Statement": 1292000.0,
        "Selling General And Administration": 40199000.0,
        "Selling And Marketing Expense": 2586000.0,
        "General And Administrative Expense": 37613000.0,
        "Insurance And Claims": 2737000.0,
        "Salaries And Wages": 34876000.0,
        "Total Revenue": 86903000.0,
        "Operating Revenue": 86903000.0,
        "Occupancy And Equipment": 6798000.0,
        "Professional Expense And Contract Services Expense": 7628000.0,
        "Other Non Interest Expense": 7216000.0
    },
    "2022-12-31": {
        "Tax Effect Of Unusual Items": NaN,
        "Tax Rate For Calcs": NaN,
        "Total Unusual Items": NaN,
        "Total Unusual Items Excluding Goodwill": NaN,
        "Net Income From Continuing Operation Net Minority Interest": NaN,
        "Reconciled Depreciation": NaN,
        "Net Interest Income": NaN,
        "Interest Expense": NaN,
        "Interest Income": NaN,
        "Normalized Income": NaN,
        "Net Income From Continuing And Discontinued Operation": NaN,
        "Diluted Average Shares": NaN,
        "Basic Average Shares": NaN,
        "Diluted EPS": NaN,
        "Basic EPS": NaN,
        "Diluted NI Availto Com Stockholders": NaN,
        "Net Income Common Stockholders": NaN,
        "Net Income": NaN,
        "Minority Interests": NaN,
        "Net Income Including Noncontrolling Interests": NaN,
        "Net Income Continuous Operations": NaN,
        "Tax Provision": NaN,
        "Pretax Income": NaN,
        "Special Income Charges": NaN,
        "Other Special Charges": 0.0,
        "Gain On Sale Of Security": NaN,
        "Depreciation Amortization Depletion Income Statement": NaN,
        "Depreciation And Amortization In Income Statement": NaN,
        "Selling General And Administration": NaN,
        "Selling And Marketing Expense": NaN,
        "General And Administrative Expense": NaN,
        "Insurance And Claims": NaN,
        "Salaries And Wages": NaN,
        "Total Revenue": NaN,
        "Operating Revenue": NaN,
        "Occupancy And Equipment": NaN,
        "Professional Expense And Contract Services Expense": NaN,
        "Other Non Interest Expense": NaN
    },
    "2022-09-30": {
        "Tax Effect Of Unusual Items": NaN,
        "Tax Rate For Calcs": NaN,
        "Total Unusual Items": NaN,
        "Total Unusual Items Excluding Goodwill": NaN,
        "Net Income From Continuing Operation Net Minority Interest": NaN,
        "Reconciled Depreciation": NaN,
        "Net Interest Income": NaN,
        "Interest Expense": NaN,
        "Interest Income": NaN,
        "Normalized Income": NaN,
        "Net Income From Continuing And Discontinued Operation": NaN,
        "Diluted Average Shares": NaN,
        "Basic Average Shares": NaN,
        "Diluted EPS": NaN,
        "Basic EPS": NaN,
        "Diluted NI Availto Com Stockholders": NaN,
        "Net Income Common Stockholders": NaN,
        "Net Income": NaN,
        "Minority Interests": NaN,
        "Net Income Including Noncontrolling Interests": NaN,
        "Net Income Continuous Operations": NaN,
        "Tax Provision": NaN,
        "Pretax Income": NaN,
        "Special Income Charges": NaN,
        "Other Special Charges": 289000.0,
        "Gain On Sale Of Security": NaN,
        "Depreciation Amortization Depletion Income Statement": NaN,
        "Depreciation And Amortization In Income Statement": NaN,
        "Selling General And Administration": NaN,
        "Selling And Marketing Expense": NaN,
        "General And Administrative Expense": NaN,
        "Insurance And Claims": NaN,
        "Salaries And Wages": NaN,
        "Total Revenue": NaN,
        "Operating Revenue": NaN
    },
    "2022-06-30": {
        "Tax Effect Of Unusual Items": 0.0,
        "Tax Rate For Calcs": 0.211,
        "Total Unusual Items": -2800000.0,
        "Total Unusual Items Excluding Goodwill": -2800000.0,
        "Net Income From Continuing Operation Net Minority Interest": 7674000.0,
        "Reconciled Depreciation": 1294000.0,
        "Net Interest Income": 58945000.0,
        "Interest Expense": 12222000.0,
        "Interest Income": 58945000.0,
        "Normalized Income": 7674000.0,
        "Net Income From Continuing And Discontinued Operation": 7674000.0,
        "Diluted Average Shares": 33914529.0,
        "Basic Average Shares": 33675930.0,
        "Diluted EPS": 0.25,
        "Basic EPS": 0.25,
        "Diluted NI Availto Com Stockholders": 7674000.0,
        "Net Income Common Stockholders": 7674000.0,
        "Otherunder Preferred Stock Dividend": NaN,
        "Net Income": 7674000.0,
        "Minority Interests": 72000.0,
        "Net Income Including Noncontrolling Interests": 7674000.0,
        "Net Income Continuous Operations": 7674000.0,
        "Tax Provision": 2033000.0,
        "Pretax Income": 7674000.0,
        "Special Income Charges": -2800000.0,
        "Other Special Charges": 2802000.0,
        "Impairment Of Capital Assets": NaN,
        "Gain On Sale Of Security": -738000.0,
        "Depreciation Amortization Depletion Income Statement": 1294000.0,
        "Depreciation And Amortization In Income Statement": 1294000.0,
        "Selling General And Administration": -12980000.0,
        "Selling And Marketing Expense": 3253000.0,
        "General And Administrative Expense": -16233000.0,
        "Other Gand A": 3214000.0,
        "Insurance And Claims": 1526000.0,
        "Salaries And Wages": 30212000.0,
        "Total Revenue": 58945000.0,
        "Operating Revenue": 58945000.0
    },
    "2022-03-31": {
        "Diluted EPS": 0.44,
        "Total Revenue": 79,
        "Gross Profit": 70,
        "Operating Income": 18,
        "EBIT": NaN,
        "Net Income": 15
    },
    "2021-12-31": {
        "Diluted EPS": 1.76,
        "Total Revenue": 142,
        "Gross Profit": 133,
        "Operating Income": 84,
        "EBIT": NaN,
        "Net Income": 65
    },
    "2021-09-30": {
        "Diluted EPS": 0.45,
        "Total Revenue": 75,
        "Gross Profit": 65,
        "Operating Income": 22,
        "EBIT": NaN,
        "Net Income": 17
    },
    "2021-06-30": {
        "Diluted EPS": 0.42,
        "Total Revenue": 77,
        "Gross Profit": 66,
        "Operating Income": 20,
        "EBIT": NaN,
        "Net Income": 16
    },
    "2021-03-31": {
        "Diluted EPS": 0.38,
        "Total Revenue": 74,
        "Gross Profit": 62,
        "Operating Income": 18,
        "EBIT": NaN,
        "Net Income": 14
    },
    "2020-12-31": {
        "Diluted EPS": 0.21,
        "Total Revenue": 75,
        "Gross Profit": 60,
        "Operating Income": 9,
        "EBIT": NaN,
        "Net Income": 8
    },
    "2020-09-30": {
        "Diluted EPS": 0.04,
        "Total Revenue": 82,
        "Gross Profit": 66,
        "Operating Income": 2,
        "EBIT": NaN,
        "Net Income": 2
    },
    "2020-06-30": {
        "Diluted EPS": -0.37,
        "Total Revenue": 84,
        "Gross Profit": 66,
        "Operating Income": -19,
        "EBIT": NaN,
        "Net Income": -15
    },
    "2020-03-31": {
        "Diluted EPS": 0.08,
        "Total Revenue": 93,
        "Gross Profit": 71,
        "Operating Income": 4,
        "EBIT": NaN,
        "Net Income": 3
    },
    "2019-12-31": {
        "Diluted EPS": 0.32,
        "Total Revenue": 91,
        "Gross Profit": 67,
        "Operating Income": 16,
        "EBIT": NaN,
        "Net Income": 13
    },
    "2019-09-30": {
        "Diluted EPS": 0.28,
        "Total Revenue": 92,
        "Gross Profit": 66,
        "Operating Income": 15,
        "EBIT": NaN,
        "Net Income": 12
    },
    "2019-06-30": {
        "Diluted EPS": 0.3,
        "Total Revenue": 93,
        "Gross Profit": 68,
        "Operating Income": 16,
        "EBIT": NaN,
        "Net Income": 13
    },
    "2019-03-31": {
        "Diluted EPS": 0.3,
        "Total Revenue": 93,
        "Gross Profit": 69,
        "Operating Income": 17,
        "EBIT": NaN,
        "Net Income": 13
    },
    "2018-12-31": {
        "Diluted EPS": 0.34,
        "Total Revenue": 94,
        "Gross Profit": 69,
        "Operating Income": 16,
        "EBIT": NaN,
        "Net Income": 14
    },
    "2018-09-30": {
        "Diluted EPS": 0.27,
        "Total Revenue": 93,
        "Gross Profit": 69,
        "Operating Income": 15,
        "EBIT": NaN,
        "Net Income": 12
    },
    "2018-06-30": {
        "Diluted EPS": 0.25,
        "Total Revenue": 91,
        "Gross Profit": 69,
        "Operating Income": 16,
        "EBIT": NaN,
        "Net Income": 10
    },
    "2018-03-31": {
        "Diluted EPS": 0.22,
        "Total Revenue": 86,
        "Gross Profit": 67,
        "Operating Income": 11,
        "EBIT": NaN,
        "Net Income": 9
    },
    "2017-12-31": {
        "Diluted EPS": 0.0,
        "Total Revenue": NaN,
        "Gross Profit": NaN,
        "Operating Income": NaN,
        "EBIT": NaN,
        "Net Income": NaN
    },
    "2017-09-30": {
        "Diluted EPS": 0.41,
        "Total Revenue": 96,
        "Gross Profit": 79,
        "Operating Income": 26,
        "EBIT": NaN,
        "Net Income": 17
    },
    "2017-06-30": {
        "Diluted EPS": 0.08,
        "Total Revenue": 84,
        "Gross Profit": 69,
        "Operating Income": 15,
        "EBIT": NaN,
        "Net Income": 10
    },
    "2016-12-31": {
        "Diluted EPS": 0.0,
        "Total Revenue": NaN,
        "Gross Profit": NaN,
        "Operating Income": NaN,
        "EBIT": NaN,
        "Net Income": NaN
    },
    "2023-09-30": {
        "Tax Effect Of Unusual Items": 1612348.742788,
        "Tax Rate For Calcs": 0.225693,
        "Total Unusual Items": 7144000.0,
        "Total Unusual Items Excluding Goodwill": 7144000.0,
        "Net Income From Continuing Operation Net Minority Interest": 22119000.0,
        "Reconciled Depreciation": 1795000.0,
        "Net Interest Income": 78577000.0,
        "Interest Expense": 60806000.0,
        "Interest Income": 139383000.0,
        "Normalized Income": 16587348.742788,
        "Net Income From Continuing And Discontinued Operation": 22119000.0,
        "Diluted Average Shares": 33696620.0,
        "Basic Average Shares": 33489560.0,
        "Diluted EPS": 0.66,
        "Basic EPS": 0.66,
        "Diluted NI Availto Com Stockholders": 22119000.0,
        "Net Income Common Stockholders": 22119000.0,
        "Net Income": 22119000.0,
        "Minority Interests": 378000.0,
        "Net Income Including Noncontrolling Interests": 21741000.0,
        "Net Income Continuous Operations": 21741000.0,
        "Tax Provision": 6337000.0,
        "Pretax Income": 28078000.0,
        "Special Income Charges": 7010000.0,
        "Other Special Charges": NaN,
        "Gain On Sale Of Security": 1047000.0,
        "Depreciation Amortization Depletion Income Statement": 1795000.0,
        "Depreciation And Amortization In Income Statement": 1795000.0,
        "Selling General And Administration": 36648000.0,
        "Selling And Marketing Expense": 2724000.0,
        "General And Administrative Expense": 33924000.0,
        "Insurance And Claims": 2590000.0,
        "Salaries And Wages": 31334000.0,
        "Total Revenue": 88042000.0,
        "Operating Revenue": 88042000.0,
        "Occupancy And Equipment": 7293000.0,
        "Professional Expense And Contract Services Expense": 5325000.0,
        "Other Non Interest Expense": 7913000.0
    },
    "2023-12-31": {
        "Tax Effect Of Unusual Items": 918233.167559,
        "Tax Rate For Calcs": 0.142119,
        "Total Unusual Items": 6461000.0,
        "Total Unusual Items Excluding Goodwill": 6461000.0,
        "Net Income From Continuing Operation Net Minority Interest": -17123000.0,
        "Reconciled Depreciation": 1480000.0,
        "Net Interest Income": 81677000.0,
        "Interest Expense": 63892000.0,
        "Interest Income": 145569000.0,
        "Normalized Income": -22665766.832441,
        "Net Income From Continuing And Discontinued Operation": -17123000.0,
        "Diluted Average Shares": 33432871.0,
        "Basic Average Shares": 33432871.0,
        "Diluted EPS": -0.51,
        "Basic EPS": -0.51,
        "Diluted NI Availto Com Stockholders": -17123000.0,
        "Net Income Common Stockholders": -17123000.0,
        "Net Income": -17123000.0,
        "Minority Interests": 817000.0,
        "Net Income Including Noncontrolling Interests": -17940000.0,
        "Net Income Continuous Operations": -17940000.0,
        "Tax Provision": -2972000.0,
        "Pretax Income": -20912000.0,
        "Special Income Charges": 6461000.0,
        "Other Special Charges": 0.0,
        "Gain On Sale Of Security": 537000.0,
        "Depreciation Amortization Depletion Income Statement": 1480000.0,
        "Depreciation And Amortization In Income Statement": 1480000.0,
        "Selling General And Administration": 38753000.0,
        "Selling And Marketing Expense": 3169000.0,
        "General And Administrative Expense": 35584000.0,
        "Insurance And Claims": 2535000.0,
        "Salaries And Wages": 33049000.0,
        "Total Revenue": 57152000.0,
        "Operating Revenue": 57152000.0,
        "Occupancy And Equipment": 7015000.0,
        "Professional Expense And Contract Services Expense": 14201000.0,
        "Other Non Interest Expense": 10576000.0
    },
    "2024-03-31": {
        "Tax Effect Of Unusual Items": 0.0,
        "Tax Rate For Calcs": 0.215,
        "Total Unusual Items": 0.0,
        "Total Unusual Items Excluding Goodwill": 0.0,
        "Net Income From Continuing Operation Net Minority Interest": 10568000.0,
        "Reconciled Depreciation": 1477000.0,
        "Net Interest Income": 77968000.0,
        "Interest Expense": 66657000.0,
        "Interest Income": 144625000.0,
        "Normalized Income": 10568000.0,
        "Net Income From Continuing And Discontinued Operation": 10568000.0,
        "Diluted Average Shares": 33821562.0,
        "Basic Average Shares": 33538069.0,
        "Diluted EPS": 0.31,
        "Basic EPS": 0.32,
        "Diluted NI Availto Com Stockholders": 10568000.0,
        "Net Income Common Stockholders": 10568000.0,
        "Net Income": 10568000.0,
        "Minority Interests": 0.0,
        "Net Income Including Noncontrolling Interests": 10568000.0,
        "Net Income Continuous Operations": 10568000.0,
        "Tax Provision": 2894000.0,
        "Pretax Income": 13462000.0,
        "Special Income Charges": 0.0,
        "Other Special Charges": NaN,
        "Gain On Sale Of Security": 256000.0,
        "Depreciation Amortization Depletion Income Statement": 1477000.0,
        "Depreciation And Amortization In Income Statement": 1477000.0,
        "Selling General And Administration": 39044000.0,
        "Selling And Marketing Expense": 3078000.0,
        "General And Administrative Expense": 35966000.0,
        "Insurance And Claims": 3008000.0,
        "Salaries And Wages": 32958000.0,
        "Total Revenue": 92452000.0,
        "Operating Revenue": 92452000.0,
        "Occupancy And Equipment": 6476000.0,
        "Professional Expense And Contract Services Expense": 10963000.0,
        "Other Non Interest Expense": 8630000.0
    },
    "2024-06-30": {
        "Tax Effect Of Unusual Items": 40653.9,
        "Tax Rate For Calcs": 0.2151,
        "Total Unusual Items": 189000.0,
        "Total Unusual Items Excluding Goodwill": 189000.0,
        "Net Income From Continuing Operation Net Minority Interest": 4963000.0,
        "Reconciled Depreciation": 1652000.0,
        "Net Interest Income": 79355000.0,
        "Interest Expense": 67054000.0,
        "Interest Income": 146409000.0,
        "Normalized Income": 4814653.9,
        "Net Income From Continuing And Discontinued Operation": 4963000.0,
        "Diluted Average Shares": 33780666.0,
        "Basic Average Shares": 33581604.0,
        "Diluted EPS": 0.15,
        "Basic EPS": 0.15,
        "Diluted NI Availto Com Stockholders": 4963000.0,
        "Net Income Common Stockholders": 4963000.0,
        "Net Income": 4963000.0,
        "Minority Interests": 0.0,
        "Net Income Including Noncontrolling Interests": 4963000.0,
        "Net Income Continuous Operations": 4963000.0,
        "Tax Provision": 1360000.0,
        "Pretax Income": 6323000.0,
        "Special Income Charges": 189000.0,
        "Other Special Charges": NaN,
        "Gain On Sale Of Security": 1616000.0,
        "Depreciation Amortization Depletion Income Statement": 1652000.0,
        "Depreciation And Amortization In Income Statement": 1652000.0,
        "Selling General And Administration": 40872000.0,
        "Selling And Marketing Expense": 4243000.0,
        "General And Administrative Expense": 36629000.0,
        "Insurance And Claims": 2772000.0,
        "Salaries And Wages": 33857000.0,
        "Total Revenue": 96748000.0,
        "Operating Revenue": 96748000.0,
        "Occupancy And Equipment": 9041000.0,
        "Professional Expense And Contract Services Expense": 12110000.0,
        "Other Non Interest Expense": 7789000.0
    },
    "2024-09-30": {
        "Tax Effect Of Unusual Items": 0.0,
        "Tax Rate For Calcs": 0.221806,
        "Total Unusual Items": 0.0,
        "Total Unusual Items Excluding Goodwill": 0.0,
        "Net Income From Continuing Operation Net Minority Interest": -48164000.0,
        "Reconciled Depreciation": 1737000.0,
        "Net Interest Income": 80999000.0,
        "Interest Expense": 70638000.0,
        "Interest Income": 151637000.0,
        "Normalized Income": -48164000.0,
        "Net Income From Continuing And Discontinued Operation": -48164000.0,
        "Diluted Average Shares": 33784999.0,
        "Basic Average Shares": 33784999.0,
        "Diluted EPS": -1.43,
        "Basic EPS": -1.43,
        "Diluted NI Availto Com Stockholders": -48164000.0,
        "Net Income Common Stockholders": -48164000.0,
        "Net Income": -48164000.0,
        "Minority Interests": 0.0,
        "Net Income Including Noncontrolling Interests": -48164000.0,
        "Net Income Continuous Operations": -48164000.0,
        "Tax Provision": -13728000.0,
        "Pretax Income": -61892000.0,
        "Special Income Charges": 0.0,
        "Other Special Charges": NaN,
        "Gain On Sale Of Security": -66771000.0,
        "Depreciation Amortization Depletion Income Statement": 1737000.0,
        "Depreciation And Amortization In Income Statement": 1737000.0,
        "Selling General And Administration": 41310000.0,
        "Selling And Marketing Expense": 3468000.0,
        "General And Administrative Expense": 37842000.0,
        "Insurance And Claims": 2863000.0,
        "Salaries And Wages": 34979000.0,
        "Total Revenue": 31514000.0,
        "Operating Revenue": 31514000.0,
        "Occupancy And Equipment": 5891000.0,
        "Professional Expense And Contract Services Expense": 13711000.0,
        "Other Non Interest Expense": 11757000.0
    }
}