{
    "2023-03-31": {
        "Tax Effect Of Unusual Items": 0.0,
        "Tax Rate For Calcs": 0.009303,
        "Normalized EBITDA": -12214000.0,
        "Total Unusual Items": NaN,
        "Total Unusual Items Excluding Goodwill": NaN,
        "Net Income From Continuing Operation Net Minority Interest": -26410000.0,
        "Reconciled Depreciation": 1802000.0,
        "Reconciled Cost Of Revenue": 3446000.0,
        "EBITDA": -12214000.0,
        "EBIT": -14016000.0,
        "Net Interest Income": -14611000.0,
        "Interest Expense": 12642000.0,
        "Normalized Income": -26410000.0,
        "Net Income From Continuing And Discontinued Operation": -26410000.0,
        "Total Expenses": 14274000.0,
        "Total Operating Income As Reported": -12123000.0,
        "Diluted Average Shares": 36425000.0,
        "Basic Average Shares": 36425000.0,
        "Diluted EPS": -0.73,
        "Basic EPS": -0.73,
        "Diluted NI Availto Com Stockholders": -26410000.0,
        "Net Income Common Stockholders": -26410000.0,
        "Net Income": -26410000.0,
        "Net Income Including Noncontrolling Interests": -26410000.0,
        "Net Income Continuous Operations": -26410000.0,
        "Tax Provision": -248000.0,
        "Pretax Income": -26658000.0,
        "Other Income Expense": 76000.0,
        "Other Non Operating Income Expenses": 76000.0,
        "Special Income Charges": NaN,
        "Other Special Charges": NaN,
        "Net Non Operating Interest Income Expense": -14611000.0,
        "Total Other Finance Cost": 1969000.0,
        "Interest Expense Non Operating": 12642000.0,
        "Operating Income": -12123000.0,
        "Operating Expense": 10828000.0,
        "Research And Development": 42000.0,
        "Selling General And Administration": 10786000.0,
        "Gross Profit": -1295000.0,
        "Cost Of Revenue": 3446000.0,
        "Total Revenue": 2151000.0,
        "Operating Revenue": 2151000.0
    },
    "2022-12-31": {
        "Tax Effect Of Unusual Items": 0.0,
        "Tax Rate For Calcs": 0.21,
        "Normalized EBITDA": -9307000.0,
        "Total Unusual Items": 0.0,
        "Total Unusual Items Excluding Goodwill": 0.0,
        "Net Income From Continuing Operation Net Minority Interest": -22410000.0,
        "Reconciled Depreciation": 1507000.0,
        "Reconciled Cost Of Revenue": 67864000.0,
        "EBITDA": -9307000.0,
        "EBIT": -10814000.0,
        "Net Interest Income": -12720000.0,
        "Interest Expense": 10556000.0,
        "Normalized Income": -22410000.0,
        "Net Income From Continuing And Discontinued Operation": -22410000.0,
        "Total Expenses": 75425000.0,
        "Total Operating Income As Reported": -8693000.0,
        "Diluted Average Shares": 35302000.0,
        "Basic Average Shares": 35302000.0,
        "Diluted EPS": -0.63,
        "Basic EPS": -0.63,
        "Diluted NI Availto Com Stockholders": -22410000.0,
        "Net Income Common Stockholders": -22410000.0,
        "Net Income": -22410000.0,
        "Net Income Including Noncontrolling Interests": -22410000.0,
        "Net Income Continuous Operations": -22410000.0,
        "Tax Provision": 1040000.0,
        "Pretax Income": -21370000.0,
        "Other Income Expense": 43000.0,
        "Other Non Operating Income Expenses": 43000.0,
        "Special Income Charges": 0.0,
        "Other Special Charges": 0.0,
        "Net Non Operating Interest Income Expense": -12720000.0,
        "Total Other Finance Cost": 2164000.0,
        "Interest Expense Non Operating": 10556000.0,
        "Operating Income": -8693000.0,
        "Operating Expense": 7561000.0,
        "Research And Development": 41000.0,
        "Selling General And Administration": 7452000.0,
        "Gross Profit": -1132000.0,
        "Cost Of Revenue": 67864000.0,
        "Total Revenue": 66732000.0,
        "Operating Revenue": 66732000.0
    },
    "2022-09-30": {
        "Tax Effect Of Unusual Items": -11316060.0,
        "Tax Rate For Calcs": 0.21,
        "Normalized EBITDA": -9226000.0,
        "Total Unusual Items": -53886000.0,
        "Total Unusual Items Excluding Goodwill": -53886000.0,
        "Net Income From Continuing Operation Net Minority Interest": -69845000.0,
        "Reconciled Depreciation": 1390000.0,
        "Reconciled Cost Of Revenue": 72935000.0,
        "EBITDA": -63112000.0,
        "EBIT": -63112000.0,
        "Net Interest Income": -8363000.0,
        "Interest Expense": 6730000.0,
        "Normalized Income": -27275060.0,
        "Net Income From Continuing And Discontinued Operation": -69845000.0,
        "Total Expenses": 79426000.0,
        "Total Operating Income As Reported": -7595000.0,
        "Diluted Average Shares": 34769000.0,
        "Basic Average Shares": 34769000.0,
        "Diluted EPS": -2.01,
        "Basic EPS": -2.01,
        "Diluted NI Availto Com Stockholders": -69845000.0,
        "Net Income Common Stockholders": -69845000.0,
        "Net Income": -69845000.0,
        "Net Income Including Noncontrolling Interests": -69845000.0,
        "Net Income Continuous Operations": -69845000.0,
        "Tax Provision": 3000.0,
        "Pretax Income": -69842000.0,
        "Other Income Expense": -53884000.0,
        "Other Non Operating Income Expenses": 2000.0,
        "Special Income Charges": -53886000.0,
        "Other Special Charges": 53886000.0,
        "Net Non Operating Interest Income Expense": -8363000.0,
        "Total Other Finance Cost": 1633000.0,
        "Interest Expense Non Operating": 6730000.0,
        "Operating Income": -7595000.0,
        "Operating Expense": 6491000.0,
        "Other Operating Expenses": -428000.0,
        "Depreciation Amortization Depletion Income Statement": NaN,
        "Depreciation And Amortization In Income Statement": NaN,
        "Amortization": NaN,
        "Amortization Of Intangibles Income Statement": NaN,
        "Research And Development": 52000.0,
        "Selling General And Administration": 6867000.0,
        "Gross Profit": -1104000.0,
        "Cost Of Revenue": 72935000.0,
        "Total Revenue": 71831000.0,
        "Operating Revenue": 71831000.0
    },
    "2022-06-30": {
        "Tax Effect Of Unusual Items": 560000.0,
        "Tax Rate For Calcs": 0.4,
        "Normalized EBITDA": 4828000.0,
        "Total Unusual Items": 1400000.0,
        "Total Unusual Items Excluding Goodwill": 1400000.0,
        "Net Income From Continuing Operation Net Minority Interest": -209000.0,
        "Reconciled Depreciation": 1336000.0,
        "Reconciled Cost Of Revenue": 66115000.0,
        "EBITDA": 6228000.0,
        "EBIT": 6228000.0,
        "Net Interest Income": -8174000.0,
        "Interest Expense": 6434000.0,
        "Normalized Income": -1049000.0,
        "Net Income From Continuing And Discontinued Operation": -209000.0,
        "Total Expenses": 73587000.0,
        "Total Operating Income As Reported": -7686000.0,
        "Diluted Average Shares": 34536000.0,
        "Basic Average Shares": 34536000.0,
        "Diluted EPS": -0.01,
        "Basic EPS": -0.01,
        "Diluted NI Availto Com Stockholders": -209000.0,
        "Net Income Common Stockholders": -209000.0,
        "Net Income": -209000.0,
        "Net Income Including Noncontrolling Interests": -209000.0,
        "Net Income Continuous Operations": -209000.0,
        "Tax Provision": 3000.0,
        "Pretax Income": -206000.0,
        "Other Income Expense": 15654000.0,
        "Other Non Operating Income Expenses": 14254000.0,
        "Special Income Charges": 1400000.0,
        "Other Special Charges": -1400000.0,
        "Net Non Operating Interest Income Expense": -8174000.0,
        "Total Other Finance Cost": 1740000.0,
        "Interest Expense Non Operating": 6434000.0,
        "Operating Income": -7686000.0,
        "Operating Expense": 7472000.0,
        "Other Operating Expenses": 360000.0,
        "Depreciation Amortization Depletion Income Statement": NaN,
        "Depreciation And Amortization In Income Statement": NaN,
        "Amortization": NaN,
        "Amortization Of Intangibles Income Statement": NaN,
        "Research And Development": 51000.0,
        "Selling General And Administration": 7061000.0,
        "Gross Profit": -214000.0,
        "Cost Of Revenue": 66115000.0,
        "Total Revenue": 65901000.0,
        "Operating Revenue": 65901000.0
    },
    "2022-03-31": {
        "Diluted EPS": -0.54,
        "Total Revenue": 52,
        "Gross Profit": -3,
        "Operating Income": -10,
        "EBIT": -7,
        "Net Income": -18
    },
    "2021-12-31": {
        "Diluted EPS": 0.04,
        "Total Revenue": 64,
        "Gross Profit": 13,
        "Operating Income": 5,
        "EBIT": 7,
        "Net Income": -1
    },
    "2021-09-30": {
        "Diluted EPS": -0.55,
        "Total Revenue": 50,
        "Gross Profit": -5,
        "Operating Income": -10,
        "EBIT": -7,
        "Net Income": -18
    },
    "2021-06-30": {
        "Diluted EPS": -0.34,
        "Total Revenue": 55,
        "Gross Profit": 4,
        "Operating Income": -2,
        "EBIT": 0,
        "Net Income": -11
    },
    "2021-03-31": {
        "Diluted EPS": -0.69,
        "Total Revenue": 43,
        "Gross Profit": -4,
        "Operating Income": -9,
        "EBIT": -6,
        "Net Income": -18
    },
    "2020-12-31": {
        "Diluted EPS": -0.67,
        "Total Revenue": 37,
        "Gross Profit": -3,
        "Operating Income": -8,
        "EBIT": -6,
        "Net Income": -15
    },
    "2020-09-30": {
        "Diluted EPS": -0.59,
        "Total Revenue": 41,
        "Gross Profit": 1,
        "Operating Income": -4,
        "EBIT": -2,
        "Net Income": -12
    },
    "2020-06-30": {
        "Diluted EPS": 0.1,
        "Total Revenue": 48,
        "Gross Profit": 14,
        "Operating Income": 10,
        "EBIT": 12,
        "Net Income": 2
    },
    "2020-03-31": {
        "Diluted EPS": -0.58,
        "Total Revenue": 39,
        "Gross Profit": 0,
        "Operating Income": -4,
        "EBIT": -2,
        "Net Income": -12
    },
    "2019-12-31": {
        "Diluted EPS": -0.33,
        "Total Revenue": 52,
        "Gross Profit": 6,
        "Operating Income": 1,
        "EBIT": 3,
        "Net Income": -7
    },
    "2019-09-30": {
        "Diluted EPS": -0.31,
        "Total Revenue": 57,
        "Gross Profit": 4,
        "Operating Income": -1,
        "EBIT": 1,
        "Net Income": -6
    },
    "2019-06-30": {
        "Diluted EPS": -0.63,
        "Total Revenue": 51,
        "Gross Profit": 3,
        "Operating Income": -1,
        "EBIT": 2,
        "Net Income": -13
    },
    "2019-03-31": {
        "Diluted EPS": -0.48,
        "Total Revenue": 42,
        "Gross Profit": 0,
        "Operating Income": -5,
        "EBIT": -2,
        "Net Income": -10
    },
    "2018-12-31": {
        "Diluted EPS": -0.56,
        "Total Revenue": 39,
        "Gross Profit": -2,
        "Operating Income": -7,
        "EBIT": -4,
        "Net Income": -11
    },
    "2018-09-30": {
        "Diluted EPS": -0.29,
        "Total Revenue": 45,
        "Gross Profit": 3,
        "Operating Income": -1,
        "EBIT": 1,
        "Net Income": -6
    },
    "2018-06-30": {
        "Diluted EPS": -0.27,
        "Total Revenue": 45,
        "Gross Profit": 3,
        "Operating Income": -1,
        "EBIT": 1,
        "Net Income": -5
    },
    "2018-03-31": {
        "Diluted EPS": -0.51,
        "Total Revenue": 43,
        "Gross Profit": 2,
        "Operating Income": -2,
        "EBIT": 4,
        "Net Income": -10
    },
    "2017-12-31": {
        "Diluted EPS": -0.42,
        "Total Revenue": 39,
        "Gross Profit": 0,
        "Operating Income": -3,
        "EBIT": -1,
        "Net Income": -8
    },
    "2017-09-30": {
        "Diluted EPS": -0.38,
        "Total Revenue": 39,
        "Gross Profit": 2,
        "Operating Income": -3,
        "EBIT": -1,
        "Net Income": -8
    },
    "2017-06-30": {
        "Diluted EPS": -0.3,
        "Total Revenue": 41,
        "Gross Profit": 2,
        "Operating Income": -2,
        "EBIT": 1,
        "Net Income": -6
    },
    "2017-03-31": {
        "Diluted EPS": -0.43,
        "Total Revenue": 32,
        "Gross Profit": -1,
        "Operating Income": -4,
        "EBIT": -1,
        "Net Income": -9
    },
    "2016-12-31": {
        "Diluted EPS": -0.07,
        "Total Revenue": 37,
        "Gross Profit": 4,
        "Operating Income": 1,
        "EBIT": 4,
        "Net Income": -1
    },
    "2016-09-30": {
        "Diluted EPS": -0.21,
        "Total Revenue": 39,
        "Gross Profit": 4,
        "Operating Income": 0,
        "EBIT": 3,
        "Net Income": -4
    },
    "2016-06-30": {
        "Diluted EPS": -0.25,
        "Total Revenue": 33,
        "Gross Profit": 2,
        "Operating Income": -1,
        "EBIT": 2,
        "Net Income": -5
    },
    "2016-03-31": {
        "Diluted EPS": -0.26,
        "Total Revenue": 33,
        "Gross Profit": 2,
        "Operating Income": -1,
        "EBIT": 2,
        "Net Income": -5
    },
    "2015-12-31": {
        "Diluted EPS": -0.34,
        "Total Revenue": 35,
        "Gross Profit": 1,
        "Operating Income": -1,
        "EBIT": 2,
        "Net Income": -6
    },
    "2015-09-30": {
        "Diluted EPS": -0.29,
        "Total Revenue": 39,
        "Gross Profit": 1,
        "Operating Income": -2,
        "EBIT": 1,
        "Net Income": -6
    },
    "2015-06-30": {
        "Diluted EPS": -0.32,
        "Total Revenue": 38,
        "Gross Profit": 2,
        "Operating Income": -1,
        "EBIT": 2,
        "Net Income": -6
    },
    "2015-03-31": {
        "Diluted EPS": -0.42,
        "Total Revenue": 35,
        "Gross Profit": 0,
        "Operating Income": -4,
        "EBIT": -1,
        "Net Income": -9
    },
    "2014-12-31": {
        "Diluted EPS": -0.15,
        "Total Revenue": 41,
        "Gross Profit": 2,
        "Operating Income": -1,
        "EBIT": 1,
        "Net Income": -4
    },
    "2014-09-30": {
        "Diluted EPS": 0.02,
        "Total Revenue": 48,
        "Gross Profit": 8,
        "Operating Income": 5,
        "EBIT": 7,
        "Net Income": 0
    },
    "2014-06-30": {
        "Diluted EPS": 0.13,
        "Total Revenue": 57,
        "Gross Profit": 11,
        "Operating Income": 8,
        "EBIT": 11,
        "Net Income": 3
    },
    "2014-03-31": {
        "Diluted EPS": 0.34,
        "Total Revenue": 61,
        "Gross Profit": 16,
        "Operating Income": 13,
        "EBIT": 16,
        "Net Income": 8
    },
    "2013-12-31": {
        "Diluted EPS": 5.06,
        "Total Revenue": 54,
        "Gross Profit": 11,
        "Operating Income": 8,
        "EBIT": 11,
        "Net Income": 3
    },
    "2013-09-30": {
        "Diluted EPS": -0.43,
        "Total Revenue": 57,
        "Gross Profit": 3,
        "Operating Income": -1,
        "EBIT": 2,
        "Net Income": -8
    },
    "2013-06-30": {
        "Diluted EPS": -0.51,
        "Total Revenue": 47,
        "Gross Profit": 4,
        "Operating Income": 0,
        "EBIT": 6,
        "Net Income": -10
    },
    "2013-03-31": {
        "Diluted EPS": -5.4,
        "Total Revenue": 19,
        "Gross Profit": 0,
        "Operating Income": -4,
        "EBIT": 0,
        "Net Income": -10
    },
    "2012-12-31": {
        "Diluted EPS": -0.18,
        "Total Revenue": 47,
        "Gross Profit": -2,
        "Operating Income": -7,
        "EBIT": -5,
        "Net Income": -7
    },
    "2012-09-30": {
        "Diluted EPS": 1.2,
        "Total Revenue": 53,
        "Gross Profit": -2,
        "Operating Income": -5,
        "EBIT": -2,
        "Net Income": 21
    },
    "2012-06-30": {
        "Diluted EPS": -0.7,
        "Total Revenue": 44,
        "Gross Profit": -2,
        "Operating Income": -5,
        "EBIT": -1,
        "Net Income": -10
    },
    "2012-03-31": {
        "Diluted EPS": -0.6,
        "Total Revenue": 44,
        "Gross Profit": -2,
        "Operating Income": -4,
        "EBIT": -3,
        "Net Income": -8
    },
    "2011-12-31": {
        "Diluted EPS": -0.1,
        "Total Revenue": 57,
        "Gross Profit": 4,
        "Operating Income": 2,
        "EBIT": 3,
        "Net Income": -2
    },
    "2011-09-30": {
        "Diluted EPS": -0.5,
        "Total Revenue": 57,
        "Gross Profit": 1,
        "Operating Income": -2,
        "EBIT": -1,
        "Net Income": -5
    },
    "2011-06-30": {
        "Diluted EPS": -0.7,
        "Total Revenue": 27,
        "Gross Profit": 0,
        "Operating Income": -2,
        "EBIT": 0,
        "Net Income": -6
    },
    "2011-03-31": {
        "Diluted EPS": -0.5,
        "Total Revenue": 1,
        "Gross Profit": 0,
        "Operating Income": -2,
        "EBIT": -1,
        "Net Income": -4
    },
    "2010-12-31": {
        "Diluted EPS": -0.3,
        "Total Revenue": 2,
        "Gross Profit": 0,
        "Operating Income": -2,
        "EBIT": -1,
        "Net Income": -3
    },
    "2010-09-30": {
        "Diluted EPS": -0.2,
        "Total Revenue": 2,
        "Gross Profit": 0,
        "Operating Income": -1,
        "EBIT": -1,
        "Net Income": -2
    },
    "2010-06-30": {
        "Diluted EPS": -0.3,
        "Total Revenue": 2,
        "Gross Profit": 0,
        "Operating Income": -1,
        "EBIT": -1,
        "Net Income": -2
    },
    "2010-03-31": {
        "Diluted EPS": -0.2,
        "Total Revenue": 2,
        "Gross Profit": 0,
        "Operating Income": -1,
        "EBIT": -1,
        "Net Income": -2
    },
    "2009-12-31": {
        "Diluted EPS": -0.3,
        "Total Revenue": 2,
        "Gross Profit": 0,
        "Operating Income": -2,
        "EBIT": -2,
        "Net Income": -2
    },
    "2009-09-30": {
        "Diluted EPS": -0.4,
        "Total Revenue": 4,
        "Gross Profit": 0,
        "Operating Income": -3,
        "EBIT": -3,
        "Net Income": -4
    },
    "2009-06-30": {
        "Diluted EPS": -0.3,
        "Total Revenue": 1,
        "Gross Profit": 0,
        "Operating Income": -2,
        "EBIT": -2,
        "Net Income": -2
    },
    "2009-03-31": {
        "Diluted EPS": -0.3,
        "Total Revenue": 3,
        "Gross Profit": 0,
        "Operating Income": -2,
        "EBIT": -1,
        "Net Income": -2
    },
    "2023-06-30": {
        "Tax Effect Of Unusual Items": 0.0,
        "Tax Rate For Calcs": 0.21,
        "Normalized EBITDA": -7347000.0,
        "Total Unusual Items": 0.0,
        "Total Unusual Items Excluding Goodwill": 0.0,
        "Net Income From Continuing Operation Net Minority Interest": -25279000.0,
        "Reconciled Depreciation": 1682000.0,
        "Reconciled Cost Of Revenue": 43156000.0,
        "EBITDA": -7347000.0,
        "EBIT": -9029000.0,
        "Net Interest Income": -16514000.0,
        "Interest Expense": 15184000.0,
        "Normalized Income": -25279000.0,
        "Net Income From Continuing And Discontinued Operation": -25279000.0,
        "Total Expenses": 52902000.0,
        "Total Operating Income As Reported": -7790000.0,
        "Diluted Average Shares": 37179000.0,
        "Basic Average Shares": 37179000.0,
        "Diluted EPS": -0.68,
        "Basic EPS": NaN,
        "Diluted NI Availto Com Stockholders": -25279000.0,
        "Net Income Common Stockholders": -25279000.0,
        "Net Income": -25279000.0,
        "Net Income Including Noncontrolling Interests": -25279000.0,
        "Net Income Continuous Operations": -25279000.0,
        "Tax Provision": 1066000.0,
        "Pretax Income": -24213000.0,
        "Other Income Expense": 91000.0,
        "Other Non Operating Income Expenses": 91000.0,
        "Special Income Charges": 0.0,
        "Other Special Charges": NaN,
        "Net Non Operating Interest Income Expense": -16514000.0,
        "Total Other Finance Cost": 1330000.0,
        "Interest Expense Non Operating": 15184000.0,
        "Operating Income": -7790000.0,
        "Operating Expense": 9746000.0,
        "Research And Development": 37000.0,
        "Selling General And Administration": 9709000.0,
        "Gross Profit": 1956000.0,
        "Cost Of Revenue": 43156000.0,
        "Total Revenue": 45112000.0,
        "Operating Revenue": 45112000.0
    },
    "2023-09-30": {
        "Tax Effect Of Unusual Items": 0.0,
        "Tax Rate For Calcs": 0.21,
        "Normalized EBITDA": -6350000.0,
        "Total Unusual Items": 0.0,
        "Total Unusual Items Excluding Goodwill": 0.0,
        "Net Income From Continuing Operation Net Minority Interest": 30711000.0,
        "Reconciled Depreciation": 1759000.0,
        "Reconciled Cost Of Revenue": 68198000.0,
        "EBITDA": -6350000.0,
        "EBIT": -8109000.0,
        "Net Interest Income": -17921000.0,
        "Interest Expense": 16488000.0,
        "Normalized Income": 30711000.0,
        "Net Income From Continuing And Discontinued Operation": 30711000.0,
        "Total Expenses": 77219000.0,
        "Total Operating Income As Reported": -8529000.0,
        "Diluted Average Shares": 41841000.0,
        "Basic Average Shares": NaN,
        "Diluted EPS": 0.73,
        "Basic EPS": 0.79,
        "Diluted NI Availto Com Stockholders": 30711000.0,
        "Net Income Common Stockholders": 30711000.0,
        "Net Income": 30711000.0,
        "Net Income Including Noncontrolling Interests": 30711000.0,
        "Net Income Continuous Operations": 30711000.0,
        "Tax Provision": -55308000.0,
        "Pretax Income": -24597000.0,
        "Other Income Expense": 1853000.0,
        "Other Non Operating Income Expenses": 1853000.0,
        "Special Income Charges": 0.0,
        "Other Special Charges": NaN,
        "Net Non Operating Interest Income Expense": -17921000.0,
        "Total Other Finance Cost": 1433000.0,
        "Interest Expense Non Operating": 16488000.0,
        "Operating Income": -8529000.0,
        "Operating Expense": 9021000.0,
        "Research And Development": 36000.0,
        "Selling General And Administration": 8985000.0,
        "Gross Profit": 492000.0,
        "Cost Of Revenue": 68198000.0,
        "Total Revenue": 68690000.0,
        "Operating Revenue": 68690000.0
    }
}