{
    "2023-04-30": {
        "Tax Effect Of Unusual Items": 392031.298739,
        "Tax Rate For Calcs": 0.20323,
        "Normalized EBITDA": 39116000.0,
        "Total Unusual Items": 1929000.0,
        "Total Unusual Items Excluding Goodwill": 1929000.0,
        "Net Income From Continuing Operation Net Minority Interest": 30141000.0,
        "Reconciled Depreciation": 22916000.0,
        "Reconciled Cost Of Revenue": 384392000.0,
        "EBITDA": 41045000.0,
        "EBIT": 41045000.0,
        "Net Interest Income": -3216000.0,
        "Interest Expense": 3216000.0,
        "Normalized Income": 28604031.298739,
        "Net Income From Continuing And Discontinued Operation": 30141000.0,
        "Total Expenses": 441129000.0,
        "Total Operating Income As Reported": 39751000.0,
        "Diluted Average Shares": 16756298.0,
        "Basic Average Shares": 16635900.0,
        "Diluted EPS": 1.8,
        "Basic EPS": 1.81187,
        "Diluted NI Availto Com Stockholders": 30141000.0,
        "Net Income Common Stockholders": 30141000.0,
        "Net Income": 30141000.0,
        "Net Income Including Noncontrolling Interests": 30141000.0,
        "Net Income Continuous Operations": 30141000.0,
        "Tax Provision": 7688000.0,
        "Pretax Income": 37829000.0,
        "Other Income Expense": 1079000.0,
        "Other Non Operating Income Expenses": -850000.0,
        "Special Income Charges": 1929000.0,
        "Other Special Charges": -2144000.0,
        "Restructuring And Mergern Acquisition": 215000.0,
        "Net Non Operating Interest Income Expense": -3216000.0,
        "Interest Expense Non Operating": 3216000.0,
        "Operating Income": 39966000.0,
        "Operating Expense": 56737000.0,
        "Selling General And Administration": 56737000.0,
        "Selling And Marketing Expense": 22821000.0,
        "General And Administrative Expense": 33916000.0,
        "Other Gand A": 33916000.0,
        "Gross Profit": 96703000.0,
        "Cost Of Revenue": 384392000.0,
        "Total Revenue": 481095000.0,
        "Operating Revenue": 481095000.0
    },
    "2023-01-31": {
        "Tax Effect Of Unusual Items": -400484.643203,
        "Tax Rate For Calcs": 0.249834,
        "Normalized EBITDA": 25539000.0,
        "Total Unusual Items": -1603000.0,
        "Total Unusual Items Excluding Goodwill": -1603000.0,
        "Net Income From Continuing Operation Net Minority Interest": 14728000.0,
        "Reconciled Depreciation": 23230000.0,
        "Reconciled Cost Of Revenue": 405373000.0,
        "EBITDA": 23936000.0,
        "EBIT": 23936000.0,
        "Net Interest Income": -4303000.0,
        "Interest Expense": 4303000.0,
        "Normalized Income": 15930515.356797,
        "Net Income From Continuing And Discontinued Operation": 14728000.0,
        "Total Expenses": 455585000.0,
        "Total Operating Income As Reported": 23818000.0,
        "Diluted Average Shares": 16695714.0,
        "Basic Average Shares": 16621827.0,
        "Diluted EPS": 0.88,
        "Basic EPS": 0.89,
        "Diluted NI Availto Com Stockholders": 14728000.0,
        "Net Income Common Stockholders": 14728000.0,
        "Net Income": 14728000.0,
        "Net Income Including Noncontrolling Interests": 14728000.0,
        "Net Income Continuous Operations": 14728000.0,
        "Tax Provision": 4905000.0,
        "Pretax Income": 19633000.0,
        "Other Income Expense": -1192000.0,
        "Other Non Operating Income Expenses": 411000.0,
        "Special Income Charges": -1603000.0,
        "Other Special Charges": 293000.0,
        "Restructuring And Mergern Acquisition": 1310000.0,
        "Net Non Operating Interest Income Expense": -4303000.0,
        "Interest Expense Non Operating": 4303000.0,
        "Operating Income": 25128000.0,
        "Operating Expense": 50212000.0,
        "Selling General And Administration": 50212000.0,
        "Selling And Marketing Expense": 21364000.0,
        "General And Administrative Expense": 28848000.0,
        "Other Gand A": 28848000.0,
        "Gross Profit": 75340000.0,
        "Cost Of Revenue": 405373000.0,
        "Total Revenue": 480713000.0,
        "Operating Revenue": 480713000.0
    },
    "2022-10-31": {
        "Tax Effect Of Unusual Items": 1512.0,
        "Tax Rate For Calcs": 0.252,
        "Normalized EBITDA": 66630000.0,
        "Total Unusual Items": 6000.0,
        "Total Unusual Items Excluding Goodwill": 6000.0,
        "Net Income From Continuing Operation Net Minority Interest": 28784000.0,
        "Reconciled Depreciation": 23751000.0,
        "Reconciled Cost Of Revenue": 462765000.0,
        "EBITDA": 66636000.0,
        "EBIT": 42885000.0,
        "Net Interest Income": -4422000.0,
        "Interest Expense": 4422000.0,
        "Normalized Income": 28779512.0,
        "Net Income From Continuing And Discontinued Operation": 28784000.0,
        "Total Expenses": 519517000.0,
        "Total Operating Income As Reported": 41982000.0,
        "Diluted Average Shares": 16657454.0,
        "Basic Average Shares": 16614677.0,
        "Diluted EPS": 1.73,
        "Basic EPS": 1.73,
        "Diluted NI Availto Com Stockholders": 28784000.0,
        "Net Income Common Stockholders": 28784000.0,
        "Net Income": 28784000.0,
        "Net Income Including Noncontrolling Interests": 28784000.0,
        "Net Income Continuous Operations": 28784000.0,
        "Tax Provision": 9679000.0,
        "Pretax Income": 38463000.0,
        "Other Income Expense": 903000.0,
        "Other Non Operating Income Expenses": 897000.0,
        "Special Income Charges": 6000.0,
        "Other Special Charges": -6000.0,
        "Restructuring And Mergern Acquisition": 0.0,
        "Net Non Operating Interest Income Expense": -4422000.0,
        "Interest Expense Non Operating": 4422000.0,
        "Operating Income": 41982000.0,
        "Operating Expense": 56752000.0,
        "Selling General And Administration": 56752000.0,
        "Selling And Marketing Expense": 24651000.0,
        "General And Administrative Expense": 32101000.0,
        "Other Gand A": 32101000.0,
        "Gross Profit": 98734000.0,
        "Cost Of Revenue": 462765000.0,
        "Total Revenue": 561499000.0,
        "Operating Revenue": 561499000.0
    },
    "2022-07-31": {
        "Tax Effect Of Unusual Items": 59750.0,
        "Tax Rate For Calcs": 0.25,
        "Normalized EBITDA": 54422000.0,
        "Total Unusual Items": 239000.0,
        "Total Unusual Items Excluding Goodwill": 239000.0,
        "Net Income From Continuing Operation Net Minority Interest": 20070000.0,
        "Reconciled Depreciation": 23847000.0,
        "Reconciled Cost Of Revenue": 456146000.0,
        "EBITDA": 54661000.0,
        "EBIT": 30814000.0,
        "Net Interest Income": -4053000.0,
        "Interest Expense": 4053000.0,
        "Normalized Income": 19890750.0,
        "Net Income From Continuing And Discontinued Operation": 20070000.0,
        "Total Expenses": 512092000.0,
        "Total Operating Income As Reported": 30801000.0,
        "Diluted Average Shares": 16619916.0,
        "Basic Average Shares": 16583595.0,
        "Diluted EPS": 1.21,
        "Basic EPS": 1.21,
        "Diluted NI Availto Com Stockholders": 20070000.0,
        "Net Income Common Stockholders": 20070000.0,
        "Net Income": 20070000.0,
        "Net Income Including Noncontrolling Interests": 20070000.0,
        "Net Income Continuous Operations": 20070000.0,
        "Tax Provision": 6691000.0,
        "Pretax Income": 26761000.0,
        "Other Income Expense": 13000.0,
        "Other Non Operating Income Expenses": -226000.0,
        "Special Income Charges": 239000.0,
        "Other Special Charges": -239000.0,
        "Restructuring And Mergern Acquisition": 0.0,
        "Net Non Operating Interest Income Expense": -4053000.0,
        "Interest Expense Non Operating": 4053000.0,
        "Operating Income": 30801000.0,
        "Operating Expense": 55946000.0,
        "Selling General And Administration": 55946000.0,
        "Selling And Marketing Expense": 25766000.0,
        "General And Administrative Expense": 30180000.0,
        "Other Gand A": 30180000.0,
        "Gross Profit": 86747000.0,
        "Cost Of Revenue": 456146000.0,
        "Total Revenue": 542893000.0,
        "Operating Revenue": 542893000.0
    },
    "2022-04-30": {
        "Diluted EPS": 0.88,
        "Total Revenue": 502,
        "Gross Profit": 70,
        "Operating Income": 19,
        "EBIT": 43,
        "Net Income": 15
    },
    "2022-01-31": {
        "Diluted EPS": -2.97,
        "Total Revenue": 460,
        "Gross Profit": 52,
        "Operating Income": 5,
        "EBIT": 29,
        "Net Income": -49
    },
    "2021-10-31": {
        "Diluted EPS": 0.12,
        "Total Revenue": 453,
        "Gross Profit": 52,
        "Operating Income": 6,
        "EBIT": 30,
        "Net Income": 2
    },
    "2021-07-31": {
        "Diluted EPS": 0.18,
        "Total Revenue": 443,
        "Gross Profit": 53,
        "Operating Income": 6,
        "EBIT": 31,
        "Net Income": 3
    },
    "2021-04-30": {
        "Diluted EPS": 0.21,
        "Total Revenue": 473,
        "Gross Profit": 74,
        "Operating Income": 22,
        "EBIT": 47,
        "Net Income": 4
    },
    "2021-01-31": {
        "Diluted EPS": 1.08,
        "Total Revenue": 432,
        "Gross Profit": 77,
        "Operating Income": 30,
        "EBIT": 56,
        "Net Income": 18
    },
    "2020-10-31": {
        "Diluted EPS": 1.36,
        "Total Revenue": 449,
        "Gross Profit": 91,
        "Operating Income": 36,
        "EBIT": 62,
        "Net Income": 23
    },
    "2020-07-31": {
        "Diluted EPS": 0.94,
        "Total Revenue": 390,
        "Gross Profit": 80,
        "Operating Income": 26,
        "EBIT": 53,
        "Net Income": 16
    },
    "2020-04-30": {
        "Diluted EPS": 0.69,
        "Total Revenue": 399,
        "Gross Profit": 73,
        "Operating Income": 25,
        "EBIT": 51,
        "Net Income": 12
    },
    "2020-01-31": {
        "Diluted EPS": 0.75,
        "Total Revenue": 396,
        "Gross Profit": 72,
        "Operating Income": 24,
        "EBIT": 50,
        "Net Income": 13
    },
    "2019-10-31": {
        "Diluted EPS": 1.31,
        "Total Revenue": 428,
        "Gross Profit": 87,
        "Operating Income": 37,
        "EBIT": 62,
        "Net Income": 22
    },
    "2019-07-31": {
        "Diluted EPS": 1.59,
        "Total Revenue": 427,
        "Gross Profit": 95,
        "Operating Income": 44,
        "EBIT": 69,
        "Net Income": 27
    },
    "2019-04-30": {
        "Diluted EPS": 1.3,
        "Total Revenue": 407,
        "Gross Profit": 87,
        "Operating Income": 39,
        "EBIT": 63,
        "Net Income": 22
    },
    "2019-01-31": {
        "Diluted EPS": 1.07,
        "Total Revenue": 384,
        "Gross Profit": 77,
        "Operating Income": 27,
        "EBIT": 51,
        "Net Income": 18
    },
    "2018-10-31": {
        "Diluted EPS": 1.05,
        "Total Revenue": 425,
        "Gross Profit": 87,
        "Operating Income": 35,
        "EBIT": 60,
        "Net Income": 18
    },
    "2018-07-31": {
        "Diluted EPS": 1.41,
        "Total Revenue": 429,
        "Gross Profit": 96,
        "Operating Income": 41,
        "EBIT": 64,
        "Net Income": 25
    },
    "2018-04-30": {
        "Diluted EPS": 1.08,
        "Total Revenue": 406,
        "Gross Profit": 89,
        "Operating Income": 39,
        "EBIT": 62,
        "Net Income": 19
    },
    "2018-01-31": {
        "Diluted EPS": 0.12,
        "Total Revenue": 293,
        "Gross Profit": 50,
        "Operating Income": 8,
        "EBIT": 18,
        "Net Income": 2
    },
    "2017-10-31": {
        "Diluted EPS": 1.21,
        "Total Revenue": 275,
        "Gross Profit": 57,
        "Operating Income": 31,
        "EBIT": 36,
        "Net Income": 20
    },
    "2017-07-31": {
        "Diluted EPS": 1.36,
        "Total Revenue": 277,
        "Gross Profit": 58,
        "Operating Income": 31,
        "EBIT": 36,
        "Net Income": 22
    },
    "2017-04-30": {
        "Diluted EPS": 1.06,
        "Total Revenue": 259,
        "Gross Profit": 58,
        "Operating Income": 26,
        "EBIT": 31,
        "Net Income": 17
    },
    "2017-01-31": {
        "Diluted EPS": 0.89,
        "Total Revenue": 249,
        "Gross Profit": 52,
        "Operating Income": 22,
        "EBIT": 26,
        "Net Income": 15
    },
    "2016-10-31": {
        "Diluted EPS": 1.07,
        "Total Revenue": 264,
        "Gross Profit": 56,
        "Operating Income": 28,
        "EBIT": 33,
        "Net Income": 18
    },
    "2016-07-31": {
        "Diluted EPS": 1.32,
        "Total Revenue": 258,
        "Gross Profit": 59,
        "Operating Income": 32,
        "EBIT": 36,
        "Net Income": 22
    },
    "2016-04-30": {
        "Diluted EPS": 0.82,
        "Total Revenue": 241,
        "Gross Profit": 49,
        "Operating Income": 22,
        "EBIT": 27,
        "Net Income": 13
    },
    "2016-01-31": {
        "Diluted EPS": 0.73,
        "Total Revenue": 219,
        "Gross Profit": 45,
        "Operating Income": 19,
        "EBIT": 23,
        "Net Income": 12
    },
    "2015-10-31": {
        "Diluted EPS": 1.1,
        "Total Revenue": 256,
        "Gross Profit": 56,
        "Operating Income": 29,
        "EBIT": 32,
        "Net Income": 18
    },
    "2015-07-31": {
        "Diluted EPS": 0.92,
        "Total Revenue": 231,
        "Gross Profit": 50,
        "Operating Income": 24,
        "EBIT": 27,
        "Net Income": 15
    },
    "2015-04-30": {
        "Diluted EPS": 0.69,
        "Total Revenue": 207,
        "Gross Profit": 43,
        "Operating Income": 18,
        "EBIT": 22,
        "Net Income": 11
    },
    "2015-01-31": {
        "Diluted EPS": 0.45,
        "Total Revenue": 189,
        "Gross Profit": 35,
        "Operating Income": 11,
        "EBIT": 15,
        "Net Income": 7
    },
    "2014-10-31": {
        "Diluted EPS": 0.48,
        "Total Revenue": 218,
        "Gross Profit": 37,
        "Operating Income": 12,
        "EBIT": 16,
        "Net Income": 8
    },
    "2014-07-31": {
        "Diluted EPS": 0.59,
        "Total Revenue": 212,
        "Gross Profit": 37,
        "Operating Income": 13,
        "EBIT": 17,
        "Net Income": 9
    },
    "2014-04-30": {
        "Diluted EPS": 0.36,
        "Total Revenue": 189,
        "Gross Profit": 32,
        "Operating Income": 9,
        "EBIT": 13,
        "Net Income": 6
    },
    "2014-01-31": {
        "Diluted EPS": 0.18,
        "Total Revenue": 169,
        "Gross Profit": 26,
        "Operating Income": 5,
        "EBIT": 9,
        "Net Income": 3
    },
    "2013-10-31": {
        "Diluted EPS": 0.34,
        "Total Revenue": 191,
        "Gross Profit": 32,
        "Operating Income": 9,
        "EBIT": 12,
        "Net Income": 5
    },
    "2013-07-31": {
        "Diluted EPS": 0.43,
        "Total Revenue": 178,
        "Gross Profit": 34,
        "Operating Income": 11,
        "EBIT": 14,
        "Net Income": 7
    },
    "2013-04-30": {
        "Diluted EPS": 0.35,
        "Total Revenue": 171,
        "Gross Profit": 32,
        "Operating Income": 9,
        "EBIT": 12,
        "Net Income": 5
    },
    "2013-01-31": {
        "Diluted EPS": 0.14,
        "Total Revenue": 151,
        "Gross Profit": 24,
        "Operating Income": 4,
        "EBIT": 7,
        "Net Income": 2
    },
    "2012-10-31": {
        "Diluted EPS": 0.13,
        "Total Revenue": 160,
        "Gross Profit": 25,
        "Operating Income": 4,
        "EBIT": 7,
        "Net Income": 2
    },
    "2012-07-31": {
        "Diluted EPS": 0.04,
        "Total Revenue": 148,
        "Gross Profit": 22,
        "Operating Income": 1,
        "EBIT": 5,
        "Net Income": 1
    },
    "2012-04-30": {
        "Diluted EPS": -0.42,
        "Total Revenue": 136,
        "Gross Profit": 17,
        "Operating Income": -9,
        "EBIT": -3,
        "Net Income": -6
    },
    "2012-01-31": {
        "Diluted EPS": -0.63,
        "Total Revenue": 120,
        "Gross Profit": 15,
        "Operating Income": -16,
        "EBIT": -10,
        "Net Income": -9
    },
    "2011-10-31": {
        "Diluted EPS": -0.21,
        "Total Revenue": 128,
        "Gross Profit": 16,
        "Operating Income": -5,
        "EBIT": 1,
        "Net Income": -3
    },
    "2011-07-31": {
        "Diluted EPS": -0.19,
        "Total Revenue": 131,
        "Gross Profit": 18,
        "Operating Income": -4,
        "EBIT": 2,
        "Net Income": -3
    },
    "2011-04-30": {
        "Diluted EPS": -0.23,
        "Total Revenue": 124,
        "Gross Profit": 16,
        "Operating Income": -4,
        "EBIT": 2,
        "Net Income": -3
    },
    "2011-01-31": {
        "Diluted EPS": -0.41,
        "Total Revenue": 111,
        "Gross Profit": 12,
        "Operating Income": -9,
        "EBIT": -3,
        "Net Income": -6
    },
    "2010-10-31": {
        "Diluted EPS": -0.52,
        "Total Revenue": 108,
        "Gross Profit": 10,
        "Operating Income": -12,
        "EBIT": -5,
        "Net Income": -7
    },
    "2010-07-31": {
        "Diluted EPS": -0.24,
        "Total Revenue": 109,
        "Gross Profit": 14,
        "Operating Income": -6,
        "EBIT": 2,
        "Net Income": -3
    },
    "2010-04-30": {
        "Diluted EPS": -0.12,
        "Total Revenue": 112,
        "Gross Profit": 19,
        "Operating Income": -4,
        "EBIT": 3,
        "Net Income": -2
    },
    "2010-01-31": {
        "Diluted EPS": -0.64,
        "Total Revenue": 89,
        "Gross Profit": 6,
        "Operating Income": -15,
        "EBIT": -7,
        "Net Income": -9
    },
    "2009-10-31": {
        "Diluted EPS": -0.37,
        "Total Revenue": 104,
        "Gross Profit": 13,
        "Operating Income": -8,
        "EBIT": -1,
        "Net Income": -5
    },
    "2009-07-31": {
        "Diluted EPS": -0.45,
        "Total Revenue": 101,
        "Gross Profit": 12,
        "Operating Income": -10,
        "EBIT": -2,
        "Net Income": -6
    },
    "2009-04-30": {
        "Diluted EPS": -0.21,
        "Total Revenue": 141,
        "Gross Profit": 28,
        "Operating Income": -6,
        "EBIT": 3,
        "Net Income": -3
    },
    "2009-01-31": {
        "Diluted EPS": 0.0,
        "Total Revenue": 131,
        "Gross Profit": 20,
        "Operating Income": 0,
        "EBIT": 8,
        "Net Income": 0
    },
    "2023-07-31": {
        "Tax Effect Of Unusual Items": 37672.13453,
        "Tax Rate For Calcs": 0.219024,
        "Normalized EBITDA": 50730000.0,
        "Total Unusual Items": 172000.0,
        "Total Unusual Items Excluding Goodwill": 172000.0,
        "Net Income From Continuing Operation Net Minority Interest": 37850000.0,
        "Reconciled Depreciation": 23162000.0,
        "Reconciled Cost Of Revenue": 388646000.0,
        "EBITDA": 50902000.0,
        "EBIT": 50902000.0,
        "Net Interest Income": -2437000.0,
        "Interest Expense": 2437000.0,
        "Normalized Income": 37715672.13453,
        "Net Income From Continuing And Discontinued Operation": 37850000.0,
        "Total Expenses": 448600000.0,
        "Total Operating Income As Reported": 49827000.0,
        "Diluted Average Shares": 16589481.0,
        "Basic Average Shares": 16490408.0,
        "Diluted EPS": 2.28,
        "Basic EPS": 2.3,
        "Diluted NI Availto Com Stockholders": 37850000.0,
        "Net Income Common Stockholders": 37850000.0,
        "Net Income": 37850000.0,
        "Net Income Including Noncontrolling Interests": 37850000.0,
        "Net Income Continuous Operations": 37850000.0,
        "Tax Provision": 10615000.0,
        "Pretax Income": 48465000.0,
        "Other Income Expense": 1247000.0,
        "Other Non Operating Income Expenses": 1075000.0,
        "Special Income Charges": 172000.0,
        "Other Special Charges": NaN,
        "Restructuring And Mergern Acquisition": -172000.0,
        "Net Non Operating Interest Income Expense": -2437000.0,
        "Interest Expense Non Operating": 2437000.0,
        "Operating Income": 49655000.0,
        "Operating Expense": 59954000.0,
        "Selling General And Administration": 59954000.0,
        "Selling And Marketing Expense": 24360000.0,
        "General And Administrative Expense": 35594000.0,
        "Other Gand A": 35594000.0,
        "Gross Profit": 109609000.0,
        "Cost Of Revenue": 388646000.0,
        "Total Revenue": 498255000.0,
        "Operating Revenue": 498255000.0
    }
}