{
    "2023-03-31": {
        "Tax Effect Of Unusual Items": NaN,
        "Tax Rate For Calcs": NaN,
        "Normalized EBITDA": NaN,
        "Total Unusual Items": NaN,
        "Total Unusual Items Excluding Goodwill": NaN,
        "Net Income From Continuing Operation Net Minority Interest": NaN,
        "Reconciled Depreciation": NaN,
        "Reconciled Cost Of Revenue": NaN,
        "EBITDA": NaN,
        "EBIT": NaN,
        "Net Interest Income": NaN,
        "Interest Income": NaN,
        "Normalized Income": NaN,
        "Net Income From Continuing And Discontinued Operation": NaN,
        "Total Expenses": NaN,
        "Total Operating Income As Reported": NaN,
        "Diluted Average Shares": NaN,
        "Basic Average Shares": NaN,
        "Diluted EPS": NaN,
        "Basic EPS": NaN,
        "Diluted NI Availto Com Stockholders": NaN,
        "Net Income Common Stockholders": NaN,
        "Net Income": NaN,
        "Minority Interests": NaN,
        "Net Income Including Noncontrolling Interests": NaN,
        "Net Income Continuous Operations": NaN,
        "Earnings From Equity Interest Net Of Tax": NaN,
        "Tax Provision": NaN,
        "Pretax Income": NaN,
        "Other Income Expense": -330309000.0,
        "Special Income Charges": NaN,
        "Impairment Of Capital Assets": NaN,
        "Net Non Operating Interest Income Expense": NaN,
        "Interest Income Non Operating": NaN,
        "Operating Income": NaN,
        "Operating Expense": NaN,
        "Depreciation Amortization Depletion Income Statement": NaN,
        "Depreciation And Amortization In Income Statement": NaN,
        "Research And Development": NaN,
        "Selling General And Administration": NaN,
        "Selling And Marketing Expense": NaN,
        "General And Administrative Expense": NaN,
        "Other Gand A": NaN,
        "Gross Profit": NaN,
        "Cost Of Revenue": NaN,
        "Total Revenue": NaN,
        "Operating Revenue": NaN
    },
    "2022-12-31": {
        "Tax Effect Of Unusual Items": 0.0,
        "Tax Rate For Calcs": 0.00263,
        "Normalized EBITDA": -58219000.0,
        "Total Unusual Items": NaN,
        "Total Unusual Items Excluding Goodwill": NaN,
        "Net Income From Continuing Operation Net Minority Interest": -61163000.0,
        "Reconciled Depreciation": 6624000.0,
        "Reconciled Cost Of Revenue": 45463000.0,
        "EBITDA": -58219000.0,
        "EBIT": -64843000.0,
        "Net Interest Income": 4014000.0,
        "Interest Income": 4014000.0,
        "Normalized Income": -61163000.0,
        "Net Income From Continuing And Discontinued Operation": -61163000.0,
        "Total Expenses": 144076000.0,
        "Total Operating Income As Reported": -64843000.0,
        "Diluted Average Shares": NaN,
        "Basic Average Shares": NaN,
        "Diluted EPS": NaN,
        "Basic EPS": NaN,
        "Diluted NI Availto Com Stockholders": -61163000.0,
        "Net Income Common Stockholders": -61163000.0,
        "Net Income": -61163000.0,
        "Minority Interests": 429000.0,
        "Net Income Including Noncontrolling Interests": -61592000.0,
        "Net Income Continuous Operations": -61592000.0,
        "Earnings From Equity Interest Net Of Tax": -923000.0,
        "Tax Provision": -160000.0,
        "Pretax Income": -60829000.0,
        "Other Income Expense": NaN,
        "Special Income Charges": NaN,
        "Impairment Of Capital Assets": NaN,
        "Net Non Operating Interest Income Expense": 4014000.0,
        "Interest Income Non Operating": 4014000.0,
        "Operating Income": -64843000.0,
        "Operating Expense": 98423000.0,
        "Depreciation Amortization Depletion Income Statement": 6434000.0,
        "Depreciation And Amortization In Income Statement": 6434000.0,
        "Research And Development": 27685000.0,
        "Selling General And Administration": 64304000.0,
        "Selling And Marketing Expense": 23260000.0,
        "General And Administrative Expense": 41044000.0,
        "Other Gand A": 41044000.0,
        "Gross Profit": 33580000.0,
        "Cost Of Revenue": 45653000.0,
        "Total Revenue": 79233000.0,
        "Operating Revenue": 65781000.0
    },
    "2022-09-30": {
        "Tax Effect Of Unusual Items": 0.0,
        "Tax Rate For Calcs": 0.21,
        "Normalized EBITDA": -64727000.0,
        "Total Unusual Items": NaN,
        "Total Unusual Items Excluding Goodwill": NaN,
        "Net Income From Continuing Operation Net Minority Interest": -70084000.0,
        "Reconciled Depreciation": 6397000.0,
        "Reconciled Cost Of Revenue": 41507000.0,
        "EBITDA": -64727000.0,
        "EBIT": -71124000.0,
        "Net Interest Income": 1237000.0,
        "Interest Income": 1237000.0,
        "Normalized Income": -70084000.0,
        "Net Income From Continuing And Discontinued Operation": -70084000.0,
        "Total Expenses": 140333000.0,
        "Total Operating Income As Reported": -71124000.0,
        "Diluted Average Shares": 277389730.0,
        "Basic Average Shares": 277389730.0,
        "Diluted EPS": -0.25,
        "Basic EPS": -0.25,
        "Diluted NI Availto Com Stockholders": -70084000.0,
        "Net Income Common Stockholders": -70084000.0,
        "Net Income": -70084000.0,
        "Minority Interests": 491000.0,
        "Net Income Including Noncontrolling Interests": -70575000.0,
        "Net Income Continuous Operations": -70575000.0,
        "Earnings From Equity Interest Net Of Tax": -593000.0,
        "Tax Provision": 95000.0,
        "Pretax Income": -69887000.0,
        "Other Income Expense": NaN,
        "Special Income Charges": NaN,
        "Impairment Of Capital Assets": NaN,
        "Net Non Operating Interest Income Expense": 1237000.0,
        "Interest Income Non Operating": 1237000.0,
        "Operating Income": -71124000.0,
        "Operating Expense": 98826000.0,
        "Depreciation Amortization Depletion Income Statement": 6397000.0,
        "Depreciation And Amortization In Income Statement": 6397000.0,
        "Research And Development": 36254000.0,
        "Selling General And Administration": 56175000.0,
        "Selling And Marketing Expense": 18493000.0,
        "General And Administrative Expense": 37682000.0,
        "Other Gand A": 37682000.0,
        "Gross Profit": 27702000.0,
        "Cost Of Revenue": 41507000.0,
        "Total Revenue": 69209000.0,
        "Operating Revenue": 69209000.0
    },
    "2022-06-30": {
        "Tax Effect Of Unusual Items": 0.0,
        "Tax Rate For Calcs": 0.4,
        "Normalized EBITDA": -62680000.0,
        "Total Unusual Items": NaN,
        "Total Unusual Items Excluding Goodwill": NaN,
        "Net Income From Continuing Operation Net Minority Interest": -69145000.0,
        "Reconciled Depreciation": 6534000.0,
        "Reconciled Cost Of Revenue": 36687000.0,
        "EBITDA": -62680000.0,
        "EBIT": -69404000.0,
        "Net Interest Income": 764000.0,
        "Interest Income": 764000.0,
        "Normalized Income": -69145000.0,
        "Net Income From Continuing And Discontinued Operation": -69145000.0,
        "Total Expenses": 133920000.0,
        "Total Operating Income As Reported": -69404000.0,
        "Diluted Average Shares": 273320740.0,
        "Basic Average Shares": 273320740.0,
        "Diluted EPS": -0.25,
        "Basic EPS": -0.25,
        "Diluted NI Availto Com Stockholders": -69145000.0,
        "Net Income Common Stockholders": -69145000.0,
        "Net Income": -69145000.0,
        "Minority Interests": 507000.0,
        "Net Income Including Noncontrolling Interests": -69652000.0,
        "Net Income Continuous Operations": -69652000.0,
        "Earnings From Equity Interest Net Of Tax": -551000.0,
        "Tax Provision": 461000.0,
        "Pretax Income": -68640000.0,
        "Other Income Expense": NaN,
        "Special Income Charges": NaN,
        "Impairment Of Capital Assets": NaN,
        "Net Non Operating Interest Income Expense": 764000.0,
        "Interest Income Non Operating": 764000.0,
        "Operating Income": -69404000.0,
        "Operating Expense": 97423000.0,
        "Depreciation Amortization Depletion Income Statement": 6724000.0,
        "Depreciation And Amortization In Income Statement": 6724000.0,
        "Research And Development": 37067000.0,
        "Selling General And Administration": 53632000.0,
        "Selling And Marketing Expense": 18721000.0,
        "General And Administrative Expense": 34911000.0,
        "Other Gand A": 34911000.0,
        "Gross Profit": 28019000.0,
        "Cost Of Revenue": 36497000.0,
        "Total Revenue": 64516000.0,
        "Operating Revenue": 59342000.0
    },
    "2023-06-30": {
        "Tax Effect Of Unusual Items": NaN,
        "Tax Rate For Calcs": NaN,
        "Normalized EBITDA": NaN,
        "Total Unusual Items": NaN,
        "Total Unusual Items Excluding Goodwill": NaN,
        "Net Income From Continuing Operation Net Minority Interest": NaN,
        "Reconciled Depreciation": NaN,
        "Reconciled Cost Of Revenue": NaN,
        "EBITDA": NaN,
        "EBIT": NaN,
        "Net Interest Income": NaN,
        "Interest Income": NaN,
        "Normalized Income": NaN,
        "Net Income From Continuing And Discontinued Operation": NaN,
        "Total Expenses": NaN,
        "Total Operating Income As Reported": NaN,
        "Diluted Average Shares": NaN,
        "Basic Average Shares": NaN,
        "Diluted EPS": NaN,
        "Basic EPS": NaN,
        "Diluted NI Availto Com Stockholders": NaN,
        "Net Income Common Stockholders": NaN,
        "Net Income": NaN,
        "Minority Interests": NaN,
        "Net Income Including Noncontrolling Interests": NaN,
        "Net Income Continuous Operations": NaN,
        "Earnings From Equity Interest Net Of Tax": NaN,
        "Tax Provision": NaN,
        "Pretax Income": NaN,
        "Other Income Expense": -27276000.0,
        "Special Income Charges": NaN,
        "Impairment Of Capital Assets": NaN,
        "Net Non Operating Interest Income Expense": NaN,
        "Interest Income Non Operating": NaN,
        "Operating Income": NaN,
        "Operating Expense": NaN,
        "Depreciation Amortization Depletion Income Statement": NaN,
        "Depreciation And Amortization In Income Statement": NaN,
        "Research And Development": NaN,
        "Selling General And Administration": NaN,
        "Selling And Marketing Expense": NaN,
        "General And Administrative Expense": NaN,
        "Other Gand A": NaN,
        "Gross Profit": NaN,
        "Cost Of Revenue": NaN,
        "Total Revenue": NaN,
        "Operating Revenue": NaN
    },
    "2022-03-31": {
        "Diluted EPS": -0.26,
        "Total Revenue": 64,
        "Gross Profit": 27,
        "Operating Income": -70,
        "EBIT": -63,
        "Net Income": -70
    },
    "2021-12-31": {
        "Diluted EPS": -0.18,
        "Total Revenue": 73,
        "Gross Profit": 29,
        "Operating Income": -47,
        "EBIT": -40,
        "Net Income": -48
    },
    "2021-09-30": {
        "Diluted EPS": -0.2,
        "Total Revenue": 62,
        "Gross Profit": 27,
        "Operating Income": -55,
        "EBIT": -50,
        "Net Income": -51
    },
    "2021-06-30": {
        "Diluted EPS": -0.15,
        "Total Revenue": 60,
        "Gross Profit": 26,
        "Operating Income": -38,
        "EBIT": -34,
        "Net Income": -38
    },
    "2021-03-31": {
        "Diluted EPS": -0.16,
        "Total Revenue": 58,
        "Gross Profit": 22,
        "Operating Income": -39,
        "EBIT": -36,
        "Net Income": -39
    },
    "2020-12-31": {
        "Diluted EPS": 1.22,
        "Total Revenue": 60,
        "Gross Profit": 23,
        "Operating Income": -50,
        "EBIT": -46,
        "Net Income": -50
    },
    "2020-09-30": {
        "Diluted EPS": -0.92,
        "Total Revenue": 63,
        "Gross Profit": 20,
        "Operating Income": -64,
        "EBIT": -61,
        "Net Income": -63
    },
    "2020-06-30": {
        "Diluted EPS": -1.99,
        "Total Revenue": 69,
        "Gross Profit": 25,
        "Operating Income": -88,
        "EBIT": -85,
        "Net Income": -87
    },
    "2020-03-31": {
        "Diluted EPS": -0.58,
        "Total Revenue": 54,
        "Gross Profit": 21,
        "Operating Income": -26,
        "EBIT": -23,
        "Net Income": -24
    },
    "2019-12-31": {
        "Diluted EPS": 0.0,
        "Total Revenue": NaN,
        "Gross Profit": NaN,
        "Operating Income": NaN,
        "EBIT": NaN,
        "Net Income": NaN
    },
    "2019-09-30": {
        "Diluted EPS": -0.57,
        "Total Revenue": 35,
        "Gross Profit": 16,
        "Operating Income": -26,
        "EBIT": -26,
        "Net Income": -24
    },
    "2018-12-31": {
        "Diluted EPS": 0.0,
        "Total Revenue": NaN,
        "Gross Profit": NaN,
        "Operating Income": NaN,
        "EBIT": NaN,
        "Net Income": NaN
    },
    "2023-09-30": {
        "Tax Effect Of Unusual Items": -16567740.0,
        "Tax Rate For Calcs": 0.21,
        "Normalized EBITDA": 22694000.0,
        "Total Unusual Items": -78894000.0,
        "Total Unusual Items Excluding Goodwill": -78894000.0,
        "Net Income From Continuing Operation Net Minority Interest": -136414000.0,
        "Reconciled Depreciation": 8266000.0,
        "Reconciled Cost Of Revenue": 40457000.0,
        "EBITDA": -56200000.0,
        "EBIT": -64466000.0,
        "Net Interest Income": 7978000.0,
        "Interest Income": 7978000.0,
        "Normalized Income": -74087740.0,
        "Net Income From Continuing And Discontinued Operation": -136414000.0,
        "Total Expenses": 126388000.0,
        "Total Operating Income As Reported": -143360000.0,
        "Diluted Average Shares": 14294690.0,
        "Basic Average Shares": 14294690.0,
        "Diluted EPS": -9.54,
        "Basic EPS": -9.54,
        "Diluted NI Availto Com Stockholders": -136414000.0,
        "Net Income Common Stockholders": -136414000.0,
        "Net Income": -136414000.0,
        "Minority Interests": 690000.0,
        "Net Income Including Noncontrolling Interests": -137104000.0,
        "Net Income Continuous Operations": -137104000.0,
        "Earnings From Equity Interest Net Of Tax": -600000.0,
        "Tax Provision": 1122000.0,
        "Pretax Income": -135382000.0,
        "Other Income Expense": -78894000.0,
        "Special Income Charges": -78894000.0,
        "Impairment Of Capital Assets": 78894000.0,
        "Net Non Operating Interest Income Expense": 7978000.0,
        "Interest Income Non Operating": 7978000.0,
        "Operating Income": -64466000.0,
        "Operating Expense": 85931000.0,
        "Depreciation Amortization Depletion Income Statement": 8266000.0,
        "Depreciation And Amortization In Income Statement": 8266000.0,
        "Research And Development": 27715000.0,
        "Selling General And Administration": 49950000.0,
        "Selling And Marketing Expense": 20379000.0,
        "General And Administrative Expense": 29571000.0,
        "Other Gand A": 29571000.0,
        "Gross Profit": 21465000.0,
        "Cost Of Revenue": 40457000.0,
        "Total Revenue": 61922000.0,
        "Operating Revenue": 55085000.0
    },
    "2023-12-31": {
        "Tax Effect Of Unusual Items": 0.0,
        "Tax Rate For Calcs": 0.21,
        "Normalized EBITDA": -48659000.0,
        "Total Unusual Items": 0.0,
        "Total Unusual Items Excluding Goodwill": 0.0,
        "Net Income From Continuing Operation Net Minority Interest": -48587000.0,
        "Reconciled Depreciation": 8296000.0,
        "Reconciled Cost Of Revenue": 46803000.0,
        "EBITDA": -48659000.0,
        "EBIT": -56955000.0,
        "Net Interest Income": 8172000.0,
        "Interest Income": 8172000.0,
        "Normalized Income": -48587000.0,
        "Net Income From Continuing And Discontinued Operation": -48587000.0,
        "Total Expenses": 127632000.0,
        "Total Operating Income As Reported": -56955000.0,
        "Diluted Average Shares": 14399665.0,
        "Basic Average Shares": 14399665.0,
        "Diluted EPS": -3.4,
        "Basic EPS": -3.4,
        "Diluted NI Availto Com Stockholders": -48587000.0,
        "Net Income Common Stockholders": -48587000.0,
        "Net Income": -48587000.0,
        "Minority Interests": 1456000.0,
        "Net Income Including Noncontrolling Interests": -50043000.0,
        "Net Income Continuous Operations": -50043000.0,
        "Earnings From Equity Interest Net Of Tax": -713000.0,
        "Tax Provision": 547000.0,
        "Pretax Income": -48783000.0,
        "Other Income Expense": 0.0,
        "Special Income Charges": 0.0,
        "Impairment Of Capital Assets": 0.0,
        "Net Non Operating Interest Income Expense": 8172000.0,
        "Interest Income Non Operating": 8172000.0,
        "Operating Income": -56955000.0,
        "Operating Expense": 80798000.0,
        "Depreciation Amortization Depletion Income Statement": 8265000.0,
        "Depreciation And Amortization In Income Statement": 8265000.0,
        "Research And Development": 26347000.0,
        "Selling General And Administration": 46186000.0,
        "Selling And Marketing Expense": 21801000.0,
        "General And Administrative Expense": 24385000.0,
        "Other Gand A": 24385000.0,
        "Gross Profit": 23843000.0,
        "Cost Of Revenue": 46834000.0,
        "Total Revenue": 70677000.0,
        "Operating Revenue": 59416000.0
    },
    "2024-03-31": {
        "Tax Effect Of Unusual Items": 0.0,
        "Tax Rate For Calcs": 0.21,
        "Normalized EBITDA": -66794000.0,
        "Total Unusual Items": 0.0,
        "Total Unusual Items Excluding Goodwill": 0.0,
        "Net Income From Continuing Operation Net Minority Interest": -72105000.0,
        "Reconciled Depreciation": 8236000.0,
        "Reconciled Cost Of Revenue": 41155000.0,
        "EBITDA": -66794000.0,
        "EBIT": -75032000.0,
        "Net Interest Income": 3784000.0,
        "Interest Income": 3784000.0,
        "Normalized Income": -72105000.0,
        "Net Income From Continuing And Discontinued Operation": -72105000.0,
        "Total Expenses": 134554000.0,
        "Total Operating Income As Reported": -75032000.0,
        "Diluted Average Shares": 14591692.0,
        "Basic Average Shares": 14591692.0,
        "Diluted EPS": -5.0,
        "Basic EPS": -5.0,
        "Diluted NI Availto Com Stockholders": -72105000.0,
        "Net Income Common Stockholders": -72105000.0,
        "Net Income": -72105000.0,
        "Minority Interests": 1344000.0,
        "Net Income Including Noncontrolling Interests": -73449000.0,
        "Net Income Continuous Operations": -73449000.0,
        "Earnings From Equity Interest Net Of Tax": -926000.0,
        "Tax Provision": 1275000.0,
        "Pretax Income": -71248000.0,
        "Other Income Expense": NaN,
        "Special Income Charges": 0.0,
        "Impairment Of Capital Assets": 0.0,
        "Net Non Operating Interest Income Expense": 3784000.0,
        "Interest Income Non Operating": 3784000.0,
        "Operating Income": -75032000.0,
        "Operating Expense": 93401000.0,
        "Depreciation Amortization Depletion Income Statement": 8238000.0,
        "Depreciation And Amortization In Income Statement": 8238000.0,
        "Research And Development": 26680000.0,
        "Selling General And Administration": 58483000.0,
        "Selling And Marketing Expense": 25726000.0,
        "General And Administrative Expense": 32757000.0,
        "Other Gand A": 32757000.0,
        "Gross Profit": 18369000.0,
        "Cost Of Revenue": 41153000.0,
        "Total Revenue": 59522000.0,
        "Operating Revenue": 55933000.0
    },
    "2024-06-30": {
        "Tax Effect Of Unusual Items": 0.0,
        "Tax Rate For Calcs": 0.21,
        "Normalized EBITDA": -44160000.0,
        "Total Unusual Items": 0.0,
        "Total Unusual Items Excluding Goodwill": 0.0,
        "Net Income From Continuing Operation Net Minority Interest": -49920000.0,
        "Reconciled Depreciation": 8215000.0,
        "Reconciled Cost Of Revenue": 39295000.0,
        "EBITDA": -44160000.0,
        "EBIT": -52376000.0,
        "Net Interest Income": 2668000.0,
        "Interest Income": 2668000.0,
        "Normalized Income": -49920000.0,
        "Net Income From Continuing And Discontinued Operation": -49920000.0,
        "Total Expenses": 115166000.0,
        "Total Operating Income As Reported": -52376000.0,
        "Diluted Average Shares": 14875589.0,
        "Basic Average Shares": 14875589.0,
        "Diluted EPS": -3.36,
        "Basic EPS": -3.36,
        "Diluted NI Availto Com Stockholders": -49920000.0,
        "Net Income Common Stockholders": -49920000.0,
        "Net Income": -49920000.0,
        "Minority Interests": 659000.0,
        "Net Income Including Noncontrolling Interests": -50579000.0,
        "Net Income Continuous Operations": -50579000.0,
        "Earnings From Equity Interest Net Of Tax": -774000.0,
        "Tax Provision": 97000.0,
        "Pretax Income": -49708000.0,
        "Other Income Expense": NaN,
        "Special Income Charges": 0.0,
        "Impairment Of Capital Assets": 0.0,
        "Net Non Operating Interest Income Expense": 2668000.0,
        "Interest Income Non Operating": 2668000.0,
        "Operating Income": -52376000.0,
        "Operating Expense": 75872000.0,
        "Depreciation Amortization Depletion Income Statement": 8216000.0,
        "Depreciation And Amortization In Income Statement": 8216000.0,
        "Research And Development": 20806000.0,
        "Selling General And Administration": 46850000.0,
        "Selling And Marketing Expense": 18386000.0,
        "General And Administrative Expense": 28464000.0,
        "Other Gand A": 28464000.0,
        "Gross Profit": 23496000.0,
        "Cost Of Revenue": 39294000.0,
        "Total Revenue": 62790000.0,
        "Operating Revenue": 56233000.0
    },
    "2024-09-30": {
        "Tax Effect Of Unusual Items": 0.0,
        "Tax Rate For Calcs": 0.003426,
        "Normalized EBITDA": -39056000.0,
        "Total Unusual Items": 0.0,
        "Total Unusual Items Excluding Goodwill": 0.0,
        "Net Income From Continuing Operation Net Minority Interest": -43464000.0,
        "Reconciled Depreciation": 8314000.0,
        "Reconciled Cost Of Revenue": 38351000.0,
        "EBITDA": -39056000.0,
        "EBIT": -47370000.0,
        "Net Interest Income": 3882000.0,
        "Interest Income": 3882000.0,
        "Normalized Income": -43464000.0,
        "Net Income From Continuing And Discontinued Operation": -43464000.0,
        "Total Expenses": 108416000.0,
        "Total Operating Income As Reported": -47370000.0,
        "Diluted Average Shares": 15135421.0,
        "Basic Average Shares": 15135421.0,
        "Diluted EPS": -2.87,
        "Basic EPS": -2.87,
        "Diluted NI Availto Com Stockholders": -43464000.0,
        "Net Income Common Stockholders": -43464000.0,
        "Net Income": -43464000.0,
        "Minority Interests": 577000.0,
        "Net Income Including Noncontrolling Interests": -44041000.0,
        "Net Income Continuous Operations": -44041000.0,
        "Earnings From Equity Interest Net Of Tax": -702000.0,
        "Tax Provision": -149000.0,
        "Pretax Income": -43488000.0,
        "Other Income Expense": NaN,
        "Special Income Charges": 0.0,
        "Impairment Of Capital Assets": 0.0,
        "Net Non Operating Interest Income Expense": 3882000.0,
        "Interest Income Non Operating": 3882000.0,
        "Operating Income": -47370000.0,
        "Operating Expense": 70064000.0,
        "Depreciation Amortization Depletion Income Statement": 8313000.0,
        "Depreciation And Amortization In Income Statement": 8313000.0,
        "Research And Development": 19797000.0,
        "Selling General And Administration": 41954000.0,
        "Selling And Marketing Expense": 16771000.0,
        "General And Administrative Expense": 25183000.0,
        "Other Gand A": 25183000.0,
        "Gross Profit": 22694000.0,
        "Cost Of Revenue": 38352000.0,
        "Total Revenue": 61046000.0,
        "Operating Revenue": 53701000.0
    }
}