{
    "2023-03-31": {
        "Tax Effect Of Unusual Items": -7931196.0,
        "Tax Rate For Calcs": 0.091,
        "Normalized EBITDA": 71000000.0,
        "Total Unusual Items": -87156000.0,
        "Total Unusual Items Excluding Goodwill": -87156000.0,
        "Net Income From Continuing Operation Net Minority Interest": -14750000.0,
        "Reconciled Depreciation": 32220000.0,
        "Reconciled Cost Of Revenue": 3733227000.0,
        "EBITDA": -16156000.0,
        "EBIT": -48376000.0,
        "Net Interest Income": -16625000.0,
        "Interest Expense": 16625000.0,
        "Normalized Income": 64474804.0,
        "Net Income From Continuing And Discontinued Operation": -14750000.0,
        "Total Expenses": 3850462000.0,
        "Diluted Average Shares": 33622000.0,
        "Basic Average Shares": 33622000.0,
        "Diluted EPS": -0.44,
        "Basic EPS": -0.44,
        "Diluted NI Availto Com Stockholders": -14750000.0,
        "Net Income Common Stockholders": -14750000.0,
        "Net Income": -14750000.0,
        "Minority Interests": 44367000.0,
        "Net Income Including Noncontrolling Interests": -59117000.0,
        "Net Income Discontinuous Operations": 0.0,
        "Net Income Continuous Operations": -59117000.0,
        "Tax Provision": -5884000.0,
        "Pretax Income": -65001000.0,
        "Other Income Expense": -79152000.0,
        "Other Non Operating Income Expenses": 8004000.0,
        "Special Income Charges": -87156000.0,
        "Write Off": 87156000.0,
        "Net Non Operating Interest Income Expense": -16625000.0,
        "Interest Expense Non Operating": 16625000.0,
        "Operating Income": 30776000.0,
        "Operating Expense": 117235000.0,
        "Selling General And Administration": 117235000.0,
        "General And Administrative Expense": 117235000.0,
        "Other Gand A": 117235000.0,
        "Gross Profit": 148011000.0,
        "Cost Of Revenue": 3733227000.0,
        "Total Revenue": 3881238000.0,
        "Operating Revenue": 3881238000.0
    },
    "2022-12-31": {
        "Tax Effect Of Unusual Items": NaN,
        "Tax Rate For Calcs": NaN,
        "Normalized EBITDA": NaN,
        "Total Unusual Items": NaN,
        "Total Unusual Items Excluding Goodwill": NaN,
        "Net Income From Continuing Operation Net Minority Interest": NaN,
        "Reconciled Depreciation": NaN,
        "Reconciled Cost Of Revenue": NaN,
        "EBITDA": NaN,
        "EBIT": NaN,
        "Net Interest Income": NaN,
        "Interest Expense": NaN,
        "Normalized Income": NaN,
        "Net Income From Continuing And Discontinued Operation": NaN,
        "Total Expenses": NaN,
        "Diluted Average Shares": NaN,
        "Basic Average Shares": NaN,
        "Diluted EPS": NaN,
        "Basic EPS": NaN,
        "Diluted NI Availto Com Stockholders": NaN,
        "Net Income Common Stockholders": NaN,
        "Net Income": NaN,
        "Minority Interests": NaN,
        "Net Income Including Noncontrolling Interests": NaN,
        "Net Income Discontinuous Operations": -6074000.0,
        "Net Income Continuous Operations": NaN,
        "Tax Provision": NaN,
        "Pretax Income": NaN,
        "Other Income Expense": NaN,
        "Other Non Operating Income Expenses": NaN,
        "Special Income Charges": NaN,
        "Write Off": NaN,
        "Net Non Operating Interest Income Expense": NaN,
        "Interest Expense Non Operating": NaN,
        "Operating Income": NaN,
        "Operating Expense": NaN,
        "Selling General And Administration": NaN,
        "General And Administrative Expense": NaN,
        "Other Gand A": NaN,
        "Gross Profit": NaN,
        "Cost Of Revenue": NaN,
        "Total Revenue": NaN,
        "Operating Revenue": NaN
    },
    "2022-09-30": {
        "Tax Effect Of Unusual Items": NaN,
        "Tax Rate For Calcs": NaN,
        "Normalized EBITDA": NaN,
        "Total Unusual Items": NaN,
        "Total Unusual Items Excluding Goodwill": NaN,
        "Net Income From Continuing Operation Net Minority Interest": NaN,
        "Reconciled Depreciation": NaN,
        "Reconciled Cost Of Revenue": NaN,
        "EBITDA": NaN,
        "EBIT": NaN,
        "Net Interest Income": NaN,
        "Interest Expense": NaN,
        "Normalized Income": NaN,
        "Net Income From Continuing And Discontinued Operation": NaN,
        "Total Expenses": NaN,
        "Diluted Average Shares": NaN,
        "Basic Average Shares": NaN,
        "Diluted EPS": NaN,
        "Basic EPS": NaN,
        "Diluted NI Availto Com Stockholders": NaN,
        "Net Income Common Stockholders": NaN,
        "Net Income": NaN,
        "Minority Interests": NaN,
        "Net Income Including Noncontrolling Interests": NaN,
        "Net Income Discontinuous Operations": NaN,
        "Net Income Continuous Operations": NaN,
        "Tax Provision": NaN,
        "Pretax Income": NaN,
        "Other Income Expense": NaN,
        "Other Non Operating Income Expenses": NaN,
        "Special Income Charges": NaN,
        "Write Off": NaN,
        "Earnings From Equity Interest": 681000.0,
        "Net Non Operating Interest Income Expense": NaN,
        "Interest Expense Non Operating": NaN,
        "Operating Income": NaN,
        "Operating Expense": NaN,
        "Selling General And Administration": NaN,
        "General And Administrative Expense": NaN,
        "Other Gand A": NaN,
        "Gross Profit": NaN,
        "Cost Of Revenue": NaN,
        "Total Revenue": NaN,
        "Operating Revenue": NaN
    },
    "2022-06-30": {
        "Tax Effect Of Unusual Items": 0.0,
        "Tax Rate For Calcs": 0.133,
        "Normalized EBITDA": 168642000.0,
        "Total Unusual Items": NaN,
        "Total Unusual Items Excluding Goodwill": NaN,
        "Net Income From Continuing Operation Net Minority Interest": 80544000.0,
        "Reconciled Depreciation": 33568000.0,
        "Reconciled Cost Of Revenue": 4219776000.0,
        "EBITDA": 168642000.0,
        "EBIT": 135074000.0,
        "Net Interest Income": -16921000.0,
        "Interest Expense": 16921000.0,
        "Normalized Income": 80544000.0,
        "Net Income From Continuing And Discontinued Operation": 79805000.0,
        "Total Expenses": 4332335000.0,
        "Diluted Average Shares": 34416000.0,
        "Basic Average Shares": 33850000.0,
        "Diluted EPS": 2.32,
        "Basic EPS": 2.36,
        "Diluted NI Availto Com Stockholders": 79805000.0,
        "Net Income Common Stockholders": 79805000.0,
        "Net Income": 79805000.0,
        "Minority Interests": -21856000.0,
        "Net Income Including Noncontrolling Interests": 101661000.0,
        "Net Income Discontinuous Operations": -739000.0,
        "Net Income Continuous Operations": 102400000.0,
        "Tax Provision": 15753000.0,
        "Pretax Income": 118153000.0,
        "Other Income Expense": 16792000.0,
        "Other Non Operating Income Expenses": 22826000.0,
        "Special Income Charges": NaN,
        "Write Off": NaN,
        "Earnings From Equity Interest": -6034000.0,
        "Net Non Operating Interest Income Expense": -16921000.0,
        "Interest Expense Non Operating": 16921000.0,
        "Operating Income": 118282000.0,
        "Operating Expense": 112559000.0,
        "Selling General And Administration": 112559000.0,
        "General And Administrative Expense": 112559000.0,
        "Other Gand A": 112559000.0,
        "Gross Profit": 230841000.0,
        "Cost Of Revenue": 4219776000.0,
        "Total Revenue": 4450617000.0,
        "Operating Revenue": 4450617000.0
    },
    "2023-06-30": {
        "Tax Effect Of Unusual Items": 0.0,
        "Tax Rate For Calcs": 0.208,
        "Normalized EBITDA": 148736000.0,
        "Total Unusual Items": 0.0,
        "Total Unusual Items Excluding Goodwill": 0.0,
        "Net Income From Continuing Operation Net Minority Interest": 55046000.0,
        "Reconciled Depreciation": 30365000.0,
        "Reconciled Cost Of Revenue": 3798246000.0,
        "EBITDA": 148736000.0,
        "EBIT": 118371000.0,
        "Net Interest Income": -13953000.0,
        "Interest Expense": 13953000.0,
        "Normalized Income": 55046000.0,
        "Net Income From Continuing And Discontinued Operation": 55046000.0,
        "Total Expenses": 3914253000.0,
        "Diluted Average Shares": 34165000.0,
        "Basic Average Shares": 33744000.0,
        "Diluted EPS": 1.61,
        "Basic EPS": 1.63,
        "Diluted NI Availto Com Stockholders": 55046000.0,
        "Net Income Common Stockholders": 55046000.0,
        "Net Income": 55046000.0,
        "Minority Interests": -27640000.0,
        "Net Income Including Noncontrolling Interests": 82686000.0,
        "Net Income Discontinuous Operations": 0.0,
        "Net Income Continuous Operations": 82686000.0,
        "Tax Provision": 21732000.0,
        "Pretax Income": 104418000.0,
        "Other Income Expense": 12441000.0,
        "Other Non Operating Income Expenses": 12441000.0,
        "Special Income Charges": 0.0,
        "Write Off": 0.0,
        "Net Non Operating Interest Income Expense": -13953000.0,
        "Interest Expense Non Operating": 13953000.0,
        "Operating Income": 105930000.0,
        "Operating Expense": 116007000.0,
        "Selling General And Administration": 116007000.0,
        "General And Administrative Expense": 116007000.0,
        "Other Gand A": 116007000.0,
        "Gross Profit": 221937000.0,
        "Cost Of Revenue": 3798246000.0,
        "Total Revenue": 4020183000.0,
        "Operating Revenue": 4020183000.0
    },
    "2022-03-31": {
        "Diluted EPS": 0.16,
        "Total Revenue": NaN,
        "Gross Profit": 120,
        "Operating Income": 18,
        "EBIT": 52,
        "Net Income": 6
    },
    "2021-12-31": {
        "Diluted EPS": 0.86,
        "Total Revenue": NaN,
        "Gross Profit": 194,
        "Operating Income": 75,
        "EBIT": 112,
        "Net Income": 30
    },
    "2021-09-30": {
        "Diluted EPS": 0.46,
        "Total Revenue": NaN,
        "Gross Profit": 122,
        "Operating Income": 12,
        "EBIT": 59,
        "Net Income": 16
    },
    "2021-06-30": {
        "Diluted EPS": 1.3,
        "Total Revenue": NaN,
        "Gross Profit": 163,
        "Operating Income": 58,
        "EBIT": 105,
        "Net Income": 43
    },
    "2021-03-31": {
        "Diluted EPS": 0.45,
        "Total Revenue": NaN,
        "Gross Profit": 113,
        "Operating Income": 16,
        "EBIT": 64,
        "Net Income": 15
    },
    "2020-12-31": {
        "Diluted EPS": 0.49,
        "Total Revenue": NaN,
        "Gross Profit": 104,
        "Operating Income": 14,
        "EBIT": 61,
        "Net Income": 16
    },
    "2020-09-30": {
        "Diluted EPS": -0.03,
        "Total Revenue": NaN,
        "Gross Profit": 93,
        "Operating Income": 1,
        "EBIT": 48,
        "Net Income": -1
    },
    "2020-06-30": {
        "Diluted EPS": 0.92,
        "Total Revenue": NaN,
        "Gross Profit": 106,
        "Operating Income": 16,
        "EBIT": 63,
        "Net Income": 30
    },
    "2020-03-31": {
        "Diluted EPS": -1.15,
        "Total Revenue": NaN,
        "Gross Profit": 63,
        "Operating Income": -42,
        "EBIT": 5,
        "Net Income": -38
    },
    "2019-12-31": {
        "Diluted EPS": 0.2,
        "Total Revenue": NaN,
        "Gross Profit": 81,
        "Operating Income": -39,
        "EBIT": 9,
        "Net Income": 7
    },
    "2019-09-30": {
        "Diluted EPS": -0.13,
        "Total Revenue": NaN,
        "Gross Profit": 109,
        "Operating Income": 2,
        "EBIT": 36,
        "Net Income": -4
    },
    "2019-06-30": {
        "Diluted EPS": 0.91,
        "Total Revenue": NaN,
        "Gross Profit": 161,
        "Operating Income": 51,
        "EBIT": 81,
        "Net Income": 30
    },
    "2019-03-31": {
        "Diluted EPS": -0.43,
        "Total Revenue": NaN,
        "Gross Profit": 110,
        "Operating Income": -4,
        "EBIT": 30,
        "Net Income": -14
    },
    "2018-12-31": {
        "Diluted EPS": 0.83,
        "Total Revenue": 813,
        "Gross Profit": 94,
        "Operating Income": 26,
        "EBIT": 49,
        "Net Income": 24
    },
    "2018-09-30": {
        "Diluted EPS": -0.07,
        "Total Revenue": 686,
        "Gross Profit": 54,
        "Operating Income": -12,
        "EBIT": 11,
        "Net Income": -2
    },
    "2018-06-30": {
        "Diluted EPS": 0.76,
        "Total Revenue": 911,
        "Gross Profit": 90,
        "Operating Income": 24,
        "EBIT": 47,
        "Net Income": 22
    },
    "2018-03-31": {
        "Diluted EPS": -0.06,
        "Total Revenue": 636,
        "Gross Profit": 64,
        "Operating Income": -1,
        "EBIT": 22,
        "Net Income": -2
    },
    "2017-12-31": {
        "Diluted EPS": 2.46,
        "Total Revenue": NaN,
        "Gross Profit": 85,
        "Operating Income": -11,
        "EBIT": 28,
        "Net Income": 70
    },
    "2017-09-30": {
        "Diluted EPS": 0.09,
        "Total Revenue": 837,
        "Gross Profit": 70,
        "Operating Income": 2,
        "EBIT": 23,
        "Net Income": 3
    },
    "2017-06-30": {
        "Diluted EPS": -0.94,
        "Total Revenue": 994,
        "Gross Profit": 88,
        "Operating Income": -24,
        "EBIT": 40,
        "Net Income": -27
    },
    "2017-03-31": {
        "Diluted EPS": -0.11,
        "Total Revenue": 852,
        "Gross Profit": 76,
        "Operating Income": -5,
        "EBIT": 16,
        "Net Income": -3
    },
    "2016-12-31": {
        "Diluted EPS": 0.36,
        "Total Revenue": NaN,
        "Gross Profit": 104,
        "Operating Income": 13,
        "EBIT": 35,
        "Net Income": 10
    },
    "2016-09-30": {
        "Diluted EPS": 0.06,
        "Total Revenue": 860,
        "Gross Profit": 77,
        "Operating Income": -2,
        "EBIT": 19,
        "Net Income": 2
    },
    "2016-06-30": {
        "Diluted EPS": 0.51,
        "Total Revenue": NaN,
        "Gross Profit": 97,
        "Operating Income": 22,
        "EBIT": 42,
        "Net Income": 14
    },
    "2016-03-31": {
        "Diluted EPS": -0.52,
        "Total Revenue": 888,
        "Gross Profit": 68,
        "Operating Income": -12,
        "EBIT": 9,
        "Net Income": -15
    },
    "2015-12-31": {
        "Diluted EPS": -1.65,
        "Total Revenue": NaN,
        "Gross Profit": 99,
        "Operating Income": -96,
        "EBIT": -20,
        "Net Income": -47
    },
    "2015-09-30": {
        "Diluted EPS": -0.04,
        "Total Revenue": 909,
        "Gross Profit": 85,
        "Operating Income": -4,
        "EBIT": 19,
        "Net Income": -1
    },
    "2015-06-30": {
        "Diluted EPS": 1.09,
        "Total Revenue": NaN,
        "Gross Profit": 108,
        "Operating Income": 24,
        "EBIT": 44,
        "Net Income": 31
    },
    "2015-03-31": {
        "Diluted EPS": 0.14,
        "Total Revenue": 918,
        "Gross Profit": 83,
        "Operating Income": 5,
        "EBIT": 22,
        "Net Income": 4
    },
    "2014-12-31": {
        "Diluted EPS": 0.89,
        "Total Revenue": NaN,
        "Gross Profit": 114,
        "Operating Income": 19,
        "EBIT": 37,
        "Net Income": 26
    },
    "2014-09-30": {
        "Diluted EPS": 0.59,
        "Total Revenue": 953,
        "Gross Profit": 85,
        "Operating Income": 8,
        "EBIT": 24,
        "Net Income": 17
    },
    "2014-06-30": {
        "Diluted EPS": 1.56,
        "Total Revenue": NaN,
        "Gross Profit": 121,
        "Operating Income": 45,
        "EBIT": 60,
        "Net Income": 44
    },
    "2014-03-31": {
        "Diluted EPS": 0.8,
        "Total Revenue": NaN,
        "Gross Profit": 77,
        "Operating Income": 6,
        "EBIT": 20,
        "Net Income": 23
    },
    "2013-12-31": {
        "Diluted EPS": 1.07,
        "Total Revenue": NaN,
        "Gross Profit": 110,
        "Operating Income": 24,
        "EBIT": 37,
        "Net Income": 31
    },
    "2013-09-30": {
        "Diluted EPS": 0.61,
        "Total Revenue": NaN,
        "Gross Profit": 73,
        "Operating Income": 4,
        "EBIT": 17,
        "Net Income": 17
    },
    "2013-06-30": {
        "Diluted EPS": 1.05,
        "Total Revenue": NaN,
        "Gross Profit": 103,
        "Operating Income": 42,
        "EBIT": 55,
        "Net Income": 29
    },
    "2013-03-31": {
        "Diluted EPS": 0.45,
        "Total Revenue": NaN,
        "Gross Profit": 79,
        "Operating Income": 17,
        "EBIT": 32,
        "Net Income": 13
    },
    "2012-12-31": {
        "Diluted EPS": 0.53,
        "Total Revenue": NaN,
        "Gross Profit": 91,
        "Operating Income": 22,
        "EBIT": 35,
        "Net Income": 15
    },
    "2012-09-30": {
        "Diluted EPS": 0.6,
        "Total Revenue": NaN,
        "Gross Profit": 78,
        "Operating Income": 20,
        "EBIT": 33,
        "Net Income": 17
    },
    "2012-06-30": {
        "Diluted EPS": 1.04,
        "Total Revenue": NaN,
        "Gross Profit": 103,
        "Operating Income": 43,
        "EBIT": 55,
        "Net Income": 29
    },
    "2012-03-31": {
        "Diluted EPS": 0.65,
        "Total Revenue": NaN,
        "Gross Profit": 86,
        "Operating Income": 26,
        "EBIT": 36,
        "Net Income": 18
    },
    "2011-12-31": {
        "Diluted EPS": 0.76,
        "Total Revenue": NaN,
        "Gross Profit": 86,
        "Operating Income": 23,
        "EBIT": 34,
        "Net Income": 22
    },
    "2011-09-30": {
        "Diluted EPS": 0.39,
        "Total Revenue": 939,
        "Gross Profit": 65,
        "Operating Income": 10,
        "EBIT": 21,
        "Net Income": 11
    },
    "2011-06-30": {
        "Diluted EPS": 1.61,
        "Total Revenue": NaN,
        "Gross Profit": 123,
        "Operating Income": 65,
        "EBIT": 75,
        "Net Income": 45
    },
    "2011-03-31": {
        "Diluted EPS": 0.62,
        "Total Revenue": NaN,
        "Gross Profit": 79,
        "Operating Income": 25,
        "EBIT": 35,
        "Net Income": 17
    },
    "2010-12-31": {
        "Diluted EPS": 0.92,
        "Total Revenue": NaN,
        "Gross Profit": 82,
        "Operating Income": 34,
        "EBIT": 45,
        "Net Income": 26
    },
    "2010-09-30": {
        "Diluted EPS": 0.05,
        "Total Revenue": 707,
        "Gross Profit": 53,
        "Operating Income": 3,
        "EBIT": 12,
        "Net Income": 1
    },
    "2010-06-30": {
        "Diluted EPS": 0.91,
        "Total Revenue": 811,
        "Gross Profit": 88,
        "Operating Income": 36,
        "EBIT": 46,
        "Net Income": 25
    },
    "2010-03-31": {
        "Diluted EPS": 0.44,
        "Total Revenue": 722,
        "Gross Profit": 59,
        "Operating Income": 13,
        "EBIT": 23,
        "Net Income": 12
    },
    "2009-12-31": {
        "Diluted EPS": 0.58,
        "Total Revenue": 916,
        "Gross Profit": 70,
        "Operating Income": 15,
        "EBIT": 26,
        "Net Income": 16
    },
    "2009-09-30": {
        "Diluted EPS": 0.05,
        "Total Revenue": 601,
        "Gross Profit": 51,
        "Operating Income": 0,
        "EBIT": 9,
        "Net Income": 1
    },
    "2009-06-30": {
        "Diluted EPS": 0.58,
        "Total Revenue": 811,
        "Gross Profit": 73,
        "Operating Income": 27,
        "EBIT": 35,
        "Net Income": 16
    },
    "2009-03-31": {
        "Diluted EPS": 0.18,
        "Total Revenue": 697,
        "Gross Profit": 61,
        "Operating Income": 15,
        "EBIT": 23,
        "Net Income": 5
    },
    "2023-09-30": {
        "Tax Effect Of Unusual Items": 0.0,
        "Tax Rate For Calcs": 0.205,
        "Normalized EBITDA": 77788000.0,
        "Total Unusual Items": 0.0,
        "Total Unusual Items Excluding Goodwill": 0.0,
        "Net Income From Continuing Operation Net Minority Interest": 9708000.0,
        "Reconciled Depreciation": 31215000.0,
        "Reconciled Cost Of Revenue": 3477990000.0,
        "EBITDA": 77788000.0,
        "EBIT": 46573000.0,
        "Net Interest Income": -8188000.0,
        "Interest Expense": 8188000.0,
        "Normalized Income": 9708000.0,
        "Net Income From Continuing And Discontinued Operation": 9708000.0,
        "Total Expenses": 3604296000.0,
        "Diluted Average Shares": 34270000.0,
        "Basic Average Shares": 33752000.0,
        "Diluted EPS": 0.28,
        "Basic EPS": 0.29,
        "Diluted NI Availto Com Stockholders": 9708000.0,
        "Net Income Common Stockholders": 9708000.0,
        "Net Income": 9708000.0,
        "Minority Interests": -20815000.0,
        "Net Income Including Noncontrolling Interests": 30523000.0,
        "Net Income Discontinuous Operations": 0.0,
        "Net Income Continuous Operations": 30523000.0,
        "Tax Provision": 7862000.0,
        "Pretax Income": 38385000.0,
        "Other Income Expense": 15178000.0,
        "Other Non Operating Income Expenses": 15178000.0,
        "Special Income Charges": 0.0,
        "Write Off": 0.0,
        "Net Non Operating Interest Income Expense": -8188000.0,
        "Interest Expense Non Operating": 8188000.0,
        "Operating Income": 31395000.0,
        "Operating Expense": 126306000.0,
        "Selling General And Administration": 126306000.0,
        "General And Administrative Expense": 126306000.0,
        "Other Gand A": 126306000.0,
        "Gross Profit": 157701000.0,
        "Cost Of Revenue": 3477990000.0,
        "Total Revenue": 3635691000.0,
        "Operating Revenue": 3635691000.0
    },
    "2023-12-31": {
        "Tax Effect Of Unusual Items": 0.0,
        "Tax Rate For Calcs": 0.145203,
        "Normalized EBITDA": 131168000.0,
        "Total Unusual Items": 0.0,
        "Total Unusual Items Excluding Goodwill": 0.0,
        "Net Income From Continuing Operation Net Minority Interest": 51186000.0,
        "Reconciled Depreciation": 31306000.0,
        "Reconciled Cost Of Revenue": 2995286000.0,
        "EBITDA": 131168000.0,
        "EBIT": 99862000.0,
        "Net Interest Income": -8101000.0,
        "Interest Expense": 8101000.0,
        "Normalized Income": 51186000.0,
        "Net Income From Continuing And Discontinued Operation": 51186000.0,
        "Total Expenses": 3127998000.0,
        "Diluted Average Shares": 34353020.0,
        "Basic Average Shares": 33675000.0,
        "Diluted EPS": 1.49,
        "Basic EPS": 1.52,
        "Diluted NI Availto Com Stockholders": 51186000.0,
        "Net Income Common Stockholders": 51186000.0,
        "Net Income": 51186000.0,
        "Minority Interests": -27251000.0,
        "Net Income Including Noncontrolling Interests": 78437000.0,
        "Net Income Discontinuous Operations": 0.0,
        "Net Income Continuous Operations": 78437000.0,
        "Tax Provision": 13324000.0,
        "Pretax Income": 91761000.0,
        "Other Income Expense": 14860000.0,
        "Other Non Operating Income Expenses": 14860000.0,
        "Special Income Charges": 0.0,
        "Write Off": 0.0,
        "Net Non Operating Interest Income Expense": -8101000.0,
        "Interest Expense Non Operating": 8101000.0,
        "Operating Income": 85002000.0,
        "Operating Expense": 132712000.0,
        "Selling General And Administration": 132712000.0,
        "General And Administrative Expense": 132712000.0,
        "Other Gand A": 132712000.0,
        "Gross Profit": 217714000.0,
        "Cost Of Revenue": 2995286000.0,
        "Total Revenue": 3213000000.0,
        "Operating Revenue": 3213000000.0
    },
    "2024-03-31": {
        "Tax Effect Of Unusual Items": 0.0,
        "Tax Rate For Calcs": 0.093,
        "Normalized EBITDA": 51439000.0,
        "Total Unusual Items": 0.0,
        "Total Unusual Items Excluding Goodwill": 0.0,
        "Net Income From Continuing Operation Net Minority Interest": 5581000.0,
        "Reconciled Depreciation": 30949000.0,
        "Reconciled Cost Of Revenue": 2589897000.0,
        "EBITDA": 51439000.0,
        "EBIT": 20490000.0,
        "Net Interest Income": -6522000.0,
        "Interest Expense": 6522000.0,
        "Normalized Income": 5581000.0,
        "Net Income From Continuing And Discontinued Operation": 5581000.0,
        "Total Expenses": 2709255000.0,
        "Diluted Average Shares": 34243000.0,
        "Basic Average Shares": 33932000.0,
        "Diluted EPS": 0.16,
        "Basic EPS": 0.16,
        "Diluted NI Availto Com Stockholders": 5581000.0,
        "Net Income Common Stockholders": 5581000.0,
        "Net Income": 5581000.0,
        "Minority Interests": -7084000.0,
        "Net Income Including Noncontrolling Interests": 12665000.0,
        "Net Income Discontinuous Operations": NaN,
        "Net Income Continuous Operations": 12665000.0,
        "Tax Provision": 1303000.0,
        "Pretax Income": 13968000.0,
        "Other Income Expense": 11528000.0,
        "Other Non Operating Income Expenses": 11528000.0,
        "Special Income Charges": 0.0,
        "Write Off": 0.0,
        "Net Non Operating Interest Income Expense": -6522000.0,
        "Interest Expense Non Operating": 6522000.0,
        "Operating Income": 8962000.0,
        "Operating Expense": 119358000.0,
        "Selling General And Administration": 119358000.0,
        "General And Administrative Expense": 119358000.0,
        "Other Gand A": 119358000.0,
        "Gross Profit": 128320000.0,
        "Cost Of Revenue": 2589897000.0,
        "Total Revenue": 2718217000.0,
        "Operating Revenue": 2718217000.0
    }
}