{
    "2023-06-30": {
        "Tax Effect Of Unusual Items": NaN,
        "Tax Rate For Calcs": NaN,
        "Normalized EBITDA": NaN,
        "Total Unusual Items": 24743000.0,
        "Total Unusual Items Excluding Goodwill": 24743000.0,
        "Net Income From Continuing Operation Net Minority Interest": NaN,
        "Reconciled Depreciation": NaN,
        "Reconciled Cost Of Revenue": NaN,
        "EBITDA": NaN,
        "EBIT": NaN,
        "Net Interest Income": NaN,
        "Interest Income": NaN,
        "Normalized Income": NaN,
        "Net Income From Continuing And Discontinued Operation": NaN,
        "Total Expenses": NaN,
        "Total Operating Income As Reported": NaN,
        "Diluted Average Shares": NaN,
        "Basic Average Shares": NaN,
        "Diluted EPS": NaN,
        "Basic EPS": NaN,
        "Diluted NI Availto Com Stockholders": NaN,
        "Net Income Common Stockholders": NaN,
        "Net Income": NaN,
        "Net Income Including Noncontrolling Interests": NaN,
        "Net Income Continuous Operations": NaN,
        "Tax Provision": NaN,
        "Pretax Income": NaN,
        "Other Income Expense": NaN,
        "Other Non Operating Income Expenses": NaN,
        "Gain On Sale Of Security": 24743000.0,
        "Net Non Operating Interest Income Expense": NaN,
        "Interest Income Non Operating": NaN,
        "Operating Income": NaN,
        "Operating Expense": NaN,
        "Research And Development": NaN,
        "Selling General And Administration": NaN,
        "Selling And Marketing Expense": NaN,
        "General And Administrative Expense": NaN,
        "Other Gand A": NaN,
        "Gross Profit": NaN,
        "Cost Of Revenue": NaN,
        "Total Revenue": NaN,
        "Operating Revenue": NaN
    },
    "2023-03-31": {
        "Tax Effect Of Unusual Items": NaN,
        "Tax Rate For Calcs": NaN,
        "Normalized EBITDA": NaN,
        "Total Unusual Items": -5571000.0,
        "Total Unusual Items Excluding Goodwill": -5571000.0,
        "Net Income From Continuing Operation Net Minority Interest": NaN,
        "Reconciled Depreciation": NaN,
        "Reconciled Cost Of Revenue": NaN,
        "EBITDA": NaN,
        "EBIT": NaN,
        "Net Interest Income": NaN,
        "Interest Income": NaN,
        "Normalized Income": NaN,
        "Net Income From Continuing And Discontinued Operation": NaN,
        "Total Expenses": NaN,
        "Total Operating Income As Reported": NaN,
        "Diluted Average Shares": NaN,
        "Basic Average Shares": NaN,
        "Diluted EPS": NaN,
        "Basic EPS": NaN,
        "Diluted NI Availto Com Stockholders": NaN,
        "Net Income Common Stockholders": NaN,
        "Net Income": NaN,
        "Net Income Including Noncontrolling Interests": NaN,
        "Net Income Continuous Operations": NaN,
        "Tax Provision": NaN,
        "Pretax Income": NaN,
        "Other Income Expense": NaN,
        "Other Non Operating Income Expenses": NaN,
        "Gain On Sale Of Security": -5571000.0,
        "Net Non Operating Interest Income Expense": NaN,
        "Interest Income Non Operating": NaN,
        "Operating Income": NaN,
        "Operating Expense": NaN,
        "Research And Development": NaN,
        "Selling General And Administration": NaN,
        "Selling And Marketing Expense": NaN,
        "General And Administrative Expense": NaN,
        "Other Gand A": NaN,
        "Gross Profit": NaN,
        "Cost Of Revenue": NaN,
        "Total Revenue": NaN,
        "Operating Revenue": NaN
    },
    "2022-12-31": {
        "Tax Effect Of Unusual Items": NaN,
        "Tax Rate For Calcs": NaN,
        "Normalized EBITDA": NaN,
        "Total Unusual Items": 3358000.0,
        "Total Unusual Items Excluding Goodwill": 3358000.0,
        "Net Income From Continuing Operation Net Minority Interest": NaN,
        "Reconciled Depreciation": NaN,
        "Reconciled Cost Of Revenue": NaN,
        "EBITDA": NaN,
        "EBIT": NaN,
        "Net Interest Income": NaN,
        "Interest Income": NaN,
        "Normalized Income": NaN,
        "Net Income From Continuing And Discontinued Operation": NaN,
        "Total Expenses": NaN,
        "Total Operating Income As Reported": NaN,
        "Diluted Average Shares": NaN,
        "Basic Average Shares": NaN,
        "Diluted EPS": NaN,
        "Basic EPS": NaN,
        "Diluted NI Availto Com Stockholders": NaN,
        "Net Income Common Stockholders": NaN,
        "Net Income": NaN,
        "Net Income Including Noncontrolling Interests": NaN,
        "Net Income Continuous Operations": NaN,
        "Tax Provision": NaN,
        "Pretax Income": NaN,
        "Other Income Expense": NaN,
        "Other Non Operating Income Expenses": NaN,
        "Gain On Sale Of Security": 3358000.0,
        "Net Non Operating Interest Income Expense": NaN,
        "Interest Income Non Operating": NaN,
        "Operating Income": NaN,
        "Operating Expense": NaN,
        "Research And Development": NaN,
        "Selling General And Administration": NaN,
        "Selling And Marketing Expense": NaN,
        "General And Administrative Expense": NaN,
        "Other Gand A": NaN,
        "Gross Profit": NaN,
        "Cost Of Revenue": NaN,
        "Total Revenue": NaN,
        "Operating Revenue": NaN
    },
    "2022-09-30": {
        "Tax Effect Of Unusual Items": 0.0,
        "Tax Rate For Calcs": 0.16542,
        "Normalized EBITDA": 434504000.0,
        "Total Unusual Items": 708000.0,
        "Total Unusual Items Excluding Goodwill": 708000.0,
        "Net Income From Continuing Operation Net Minority Interest": 353999000.0,
        "Reconciled Depreciation": 17157000.0,
        "Reconciled Cost Of Revenue": 466821000.0,
        "EBITDA": 434504000.0,
        "EBIT": 417347000.0,
        "Net Interest Income": 6929000.0,
        "Interest Income": 6929000.0,
        "Normalized Income": 353999000.0,
        "Net Income From Continuing And Discontinued Operation": 353999000.0,
        "Total Expenses": 759454000.0,
        "Total Operating Income As Reported": 417347000.0,
        "Diluted Average Shares": 314401000.0,
        "Basic Average Shares": 304931000.0,
        "Diluted EPS": 1.13,
        "Basic EPS": 1.16,
        "Diluted NI Availto Com Stockholders": 353999000.0,
        "Net Income Common Stockholders": 353999000.0,
        "Net Income": 353999000.0,
        "Net Income Including Noncontrolling Interests": 353999000.0,
        "Net Income Continuous Operations": 353999000.0,
        "Tax Provision": 70165000.0,
        "Pretax Income": 424164000.0,
        "Other Income Expense": 6817000.0,
        "Other Non Operating Income Expenses": 6817000.0,
        "Gain On Sale Of Security": 708000.0,
        "Net Non Operating Interest Income Expense": 6929000.0,
        "Interest Income Non Operating": 6929000.0,
        "Operating Income": 417347000.0,
        "Operating Expense": 292633000.0,
        "Research And Development": 187807000.0,
        "Selling General And Administration": 104826000.0,
        "Selling And Marketing Expense": 81401000.0,
        "General And Administrative Expense": 23425000.0,
        "Other Gand A": 23425000.0,
        "Gross Profit": 709980000.0,
        "Cost Of Revenue": 466821000.0,
        "Total Revenue": 1176801000.0,
        "Operating Revenue": 1176801000.0
    },
    "2022-06-30": {
        "Tax Effect Of Unusual Items": 0.0,
        "Tax Rate For Calcs": 0.174489,
        "Normalized EBITDA": 377774000.0,
        "Total Unusual Items": -5084000.0,
        "Total Unusual Items Excluding Goodwill": -5084000.0,
        "Net Income From Continuing Operation Net Minority Interest": 299099000.0,
        "Reconciled Depreciation": 14921000.0,
        "Reconciled Cost Of Revenue": 408626000.0,
        "EBITDA": 377774000.0,
        "EBIT": 362853000.0,
        "Net Interest Income": 4427000.0,
        "Interest Income": 4427000.0,
        "Normalized Income": 299099000.0,
        "Net Income From Continuing And Discontinued Operation": 299099000.0,
        "Total Expenses": 689038000.0,
        "Total Operating Income As Reported": 362853000.0,
        "Diluted Average Shares": 316581000.0,
        "Basic Average Shares": 306754000.0,
        "Diluted EPS": 0.94,
        "Basic EPS": 0.98,
        "Diluted NI Availto Com Stockholders": 299099000.0,
        "Net Income Common Stockholders": 299099000.0,
        "Net Income": 299099000.0,
        "Net Income Including Noncontrolling Interests": 299099000.0,
        "Net Income Continuous Operations": 299099000.0,
        "Tax Provision": 63221000.0,
        "Pretax Income": 362320000.0,
        "Other Income Expense": -533000.0,
        "Other Non Operating Income Expenses": -533000.0,
        "Gain On Sale Of Security": -5084000.0,
        "Net Non Operating Interest Income Expense": 4427000.0,
        "Interest Income Non Operating": 4427000.0,
        "Operating Income": 362853000.0,
        "Operating Expense": 280412000.0,
        "Research And Development": 178158000.0,
        "Selling General And Administration": 102254000.0,
        "Selling And Marketing Expense": 79372000.0,
        "General And Administrative Expense": 22882000.0,
        "Other Gand A": 22882000.0,
        "Gross Profit": 643265000.0,
        "Cost Of Revenue": 408626000.0,
        "Total Revenue": 1051891000.0,
        "Operating Revenue": 1051891000.0
    },
    "2022-03-31": {
        "Diluted EPS": 0.85,
        "Total Revenue": 877,
        "Gross Profit": 554,
        "Operating Income": 278,
        "EBIT": 298,
        "Net Income": 272
    },
    "2021-12-31": {
        "Diluted EPS": 0.74,
        "Total Revenue": 824,
        "Gross Profit": 523,
        "Operating Income": 266,
        "EBIT": 286,
        "Net Income": 239
    },
    "2021-09-30": {
        "Diluted EPS": 0.7,
        "Total Revenue": 749,
        "Gross Profit": 479,
        "Operating Income": 233,
        "EBIT": 253,
        "Net Income": 224
    },
    "2021-06-30": {
        "Diluted EPS": 0.62,
        "Total Revenue": 707,
        "Gross Profit": 454,
        "Operating Income": 219,
        "EBIT": 239,
        "Net Income": 197
    },
    "2021-03-31": {
        "Diluted EPS": 0.57,
        "Total Revenue": 668,
        "Gross Profit": 425,
        "Operating Income": 206,
        "EBIT": 224,
        "Net Income": 180
    },
    "2020-12-31": {
        "Diluted EPS": 0.58,
        "Total Revenue": 648,
        "Gross Profit": 415,
        "Operating Income": 195,
        "EBIT": 202,
        "Net Income": 183
    },
    "2020-09-30": {
        "Diluted EPS": 0.53,
        "Total Revenue": 605,
        "Gross Profit": 385,
        "Operating Income": 188,
        "EBIT": 202,
        "Net Income": 168
    },
    "2020-06-30": {
        "Diluted EPS": 0.46,
        "Total Revenue": 541,
        "Gross Profit": 344,
        "Operating Income": 167,
        "EBIT": 180,
        "Net Income": 145
    },
    "2020-03-31": {
        "Diluted EPS": 0.43,
        "Total Revenue": 523,
        "Gross Profit": 338,
        "Operating Income": 150,
        "EBIT": 161,
        "Net Income": 138
    },
    "2019-12-31": {
        "Diluted EPS": 0.81,
        "Total Revenue": 553,
        "Gross Profit": 356,
        "Operating Income": 176,
        "EBIT": 183,
        "Net Income": 261
    },
    "2019-09-30": {
        "Diluted EPS": 0.65,
        "Total Revenue": 654,
        "Gross Profit": 417,
        "Operating Income": 229,
        "EBIT": 235,
        "Net Income": 209
    },
    "2019-06-30": {
        "Diluted EPS": 0.58,
        "Total Revenue": 608,
        "Gross Profit": 390,
        "Operating Income": 207,
        "EBIT": 213,
        "Net Income": 189
    },
    "2019-03-31": {
        "Diluted EPS": 0.62,
        "Total Revenue": 595,
        "Gross Profit": 381,
        "Operating Income": 194,
        "EBIT": 201,
        "Net Income": 201
    },
    "2018-12-31": {
        "Diluted EPS": 0.57,
        "Total Revenue": 596,
        "Gross Profit": 375,
        "Operating Income": 194,
        "EBIT": 201,
        "Net Income": 170
    },
    "2018-09-30": {
        "Diluted EPS": 0.52,
        "Total Revenue": 563,
        "Gross Profit": 362,
        "Operating Income": 181,
        "EBIT": 187,
        "Net Income": 168
    },
    "2018-06-30": {
        "Diluted EPS": -0.52,
        "Total Revenue": 520,
        "Gross Profit": 334,
        "Operating Income": -240,
        "EBIT": -235,
        "Net Income": -155
    },
    "2018-03-31": {
        "Diluted EPS": 0.45,
        "Total Revenue": 472,
        "Gross Profit": 303,
        "Operating Income": 139,
        "EBIT": 144,
        "Net Income": 144
    },
    "2017-12-31": {
        "Diluted EPS": 0.33,
        "Total Revenue": 468,
        "Gross Profit": 307,
        "Operating Income": 139,
        "EBIT": 145,
        "Net Income": 104
    },
    "2017-09-30": {
        "Diluted EPS": 0.42,
        "Total Revenue": 438,
        "Gross Profit": 281,
        "Operating Income": 141,
        "EBIT": 147,
        "Net Income": 134
    },
    "2017-06-30": {
        "Diluted EPS": 0.33,
        "Total Revenue": 405,
        "Gross Profit": 260,
        "Operating Income": 117,
        "EBIT": 122,
        "Net Income": 102
    },
    "2017-03-31": {
        "Diluted EPS": 0.27,
        "Total Revenue": 335,
        "Gross Profit": 214,
        "Operating Income": 73,
        "EBIT": 79,
        "Net Income": 83
    },
    "2016-12-31": {
        "Diluted EPS": 0.2,
        "Total Revenue": 328,
        "Gross Profit": 210,
        "Operating Income": 77,
        "EBIT": 83,
        "Net Income": 58
    },
    "2016-09-30": {
        "Diluted EPS": 0.17,
        "Total Revenue": 290,
        "Gross Profit": 186,
        "Operating Income": 63,
        "EBIT": 69,
        "Net Income": 51
    },
    "2016-06-30": {
        "Diluted EPS": 0.13,
        "Total Revenue": 269,
        "Gross Profit": 171,
        "Operating Income": 53,
        "EBIT": 58,
        "Net Income": 39
    },
    "2016-03-31": {
        "Diluted EPS": 0.12,
        "Total Revenue": 242,
        "Gross Profit": 155,
        "Operating Income": 50,
        "EBIT": 55,
        "Net Income": 35
    },
    "2015-12-31": {
        "Diluted EPS": 0.15,
        "Total Revenue": 245,
        "Gross Profit": 156,
        "Operating Income": 49,
        "EBIT": 53,
        "Net Income": 43
    },
    "2015-09-30": {
        "Diluted EPS": 0.1,
        "Total Revenue": 218,
        "Gross Profit": 142,
        "Operating Income": 31,
        "EBIT": 35,
        "Net Income": 28
    },
    "2015-06-30": {
        "Diluted EPS": 0.08,
        "Total Revenue": 196,
        "Gross Profit": 128,
        "Operating Income": 33,
        "EBIT": 37,
        "Net Income": 24
    },
    "2015-03-31": {
        "Diluted EPS": 0.09,
        "Total Revenue": 179,
        "Gross Profit": 118,
        "Operating Income": 36,
        "EBIT": 39,
        "Net Income": 24
    },
    "2014-12-31": {
        "Diluted EPS": 0.11,
        "Total Revenue": 173,
        "Gross Profit": 116,
        "Operating Income": 39,
        "EBIT": 42,
        "Net Income": 27
    },
    "2014-09-30": {
        "Diluted EPS": 0.08,
        "Total Revenue": 155,
        "Gross Profit": 101,
        "Operating Income": 34,
        "EBIT": 37,
        "Net Income": 21
    },
    "2014-06-30": {
        "Diluted EPS": 0.09,
        "Total Revenue": 138,
        "Gross Profit": 93,
        "Operating Income": 31,
        "EBIT": 33,
        "Net Income": 14
    },
    "2014-03-31": {
        "Diluted EPS": 0.05,
        "Total Revenue": 117,
        "Gross Profit": 81,
        "Operating Income": 22,
        "EBIT": 25,
        "Net Income": 6
    },
    "2013-12-31": {
        "Diluted EPS": 0.06,
        "Total Revenue": 115,
        "Gross Profit": 77,
        "Operating Income": 22,
        "EBIT": 25,
        "Net Income": 14
    },
    "2013-09-30": {
        "Diluted EPS": 0.05,
        "Total Revenue": 102,
        "Gross Profit": 65,
        "Operating Income": 19,
        "EBIT": 20,
        "Net Income": 6
    },
    "2013-06-30": {
        "Diluted EPS": 0.05,
        "Total Revenue": 83,
        "Gross Profit": 54,
        "Operating Income": 16,
        "EBIT": 17,
        "Net Income": 5
    },
    "2013-03-31": {
        "Diluted EPS": 0.03,
        "Total Revenue": 61,
        "Gross Profit": 42,
        "Operating Income": 9,
        "EBIT": 10,
        "Net Income": 3
    },
    "2012-12-31": {
        "Diluted EPS": 0.0,
        "Total Revenue": NaN,
        "Gross Profit": NaN,
        "Operating Income": NaN,
        "EBIT": NaN,
        "Net Income": NaN
    },
    "2011-12-31": {
        "Diluted EPS": 0.0,
        "Total Revenue": NaN,
        "Gross Profit": NaN,
        "Operating Income": NaN,
        "EBIT": NaN,
        "Net Income": NaN
    },
    "2023-09-30": {
        "Tax Effect Of Unusual Items": -72842.0,
        "Tax Rate For Calcs": 0.154,
        "Normalized EBITDA": 620174000.0,
        "Total Unusual Items": -473000.0,
        "Total Unusual Items Excluding Goodwill": -473000.0,
        "Net Income From Continuing Operation Net Minority Interest": 545327000.0,
        "Reconciled Depreciation": 17006000.0,
        "Reconciled Cost Of Revenue": 567037000.0,
        "EBITDA": 619701000.0,
        "EBIT": 602695000.0,
        "Net Interest Income": 43676000.0,
        "Interest Income": 43676000.0,
        "Normalized Income": 545727158.0,
        "Net Income From Continuing And Discontinued Operation": 545327000.0,
        "Total Expenses": 906761000.0,
        "Total Operating Income As Reported": 602695000.0,
        "Diluted Average Shares": 1270524000.0,
        "Basic Average Shares": 1240740000.0,
        "Diluted EPS": 0.43,
        "Basic EPS": 0.44,
        "Diluted NI Availto Com Stockholders": 545327000.0,
        "Net Income Common Stockholders": 545327000.0,
        "Net Income": 545327000.0,
        "Net Income Including Noncontrolling Interests": 545327000.0,
        "Net Income Continuous Operations": 545327000.0,
        "Tax Provision": 99183000.0,
        "Pretax Income": 644510000.0,
        "Other Income Expense": -1861000.0,
        "Other Non Operating Income Expenses": -1388000.0,
        "Gain On Sale Of Security": -473000.0,
        "Net Non Operating Interest Income Expense": 43676000.0,
        "Interest Income Non Operating": 43676000.0,
        "Operating Income": 602695000.0,
        "Operating Expense": 339724000.0,
        "Research And Development": 212353000.0,
        "Selling General And Administration": 127371000.0,
        "Selling And Marketing Expense": 102033000.0,
        "General And Administrative Expense": 25338000.0,
        "Other Gand A": 25338000.0,
        "Gross Profit": 942419000.0,
        "Cost Of Revenue": 567037000.0,
        "Total Revenue": 1509456000.0,
        "Operating Revenue": 1509456000.0
    },
    "2023-12-31": {
        "Tax Effect Of Unusual Items": 0.0,
        "Tax Rate For Calcs": 0.116296,
        "Normalized EBITDA": 654311000.0,
        "Total Unusual Items": 0.0,
        "Total Unusual Items Excluding Goodwill": 0.0,
        "Net Income From Continuing Operation Net Minority Interest": 613636000.0,
        "Reconciled Depreciation": 14397000.0,
        "Reconciled Cost Of Revenue": 541211000.0,
        "EBITDA": 654311000.0,
        "EBIT": 639914000.0,
        "Net Interest Income": 54030000.0,
        "Interest Income": 54030000.0,
        "Normalized Income": 613636000.0,
        "Net Income From Continuing And Discontinued Operation": 613636000.0,
        "Total Expenses": 900523000.0,
        "Total Operating Income As Reported": 639914000.0,
        "Diluted Average Shares": 1275380000.0,
        "Basic Average Shares": 1246448000.0,
        "Diluted EPS": 0.48,
        "Basic EPS": 0.4925,
        "Diluted NI Availto Com Stockholders": 613636000.0,
        "Net Income Common Stockholders": 613636000.0,
        "Net Income": 613636000.0,
        "Net Income Including Noncontrolling Interests": 613636000.0,
        "Net Income Continuous Operations": 613636000.0,
        "Tax Provision": 80755000.0,
        "Pretax Income": 694391000.0,
        "Other Income Expense": 447000.0,
        "Other Non Operating Income Expenses": 447000.0,
        "Gain On Sale Of Security": 0.0,
        "Net Non Operating Interest Income Expense": 54030000.0,
        "Interest Income Non Operating": 54030000.0,
        "Operating Income": 639914000.0,
        "Operating Expense": 359312000.0,
        "Research And Development": 211481000.0,
        "Selling General And Administration": 147831000.0,
        "Selling And Marketing Expense": 105538000.0,
        "General And Administrative Expense": 42293000.0,
        "Other Gand A": 42293000.0,
        "Gross Profit": 999226000.0,
        "Cost Of Revenue": 541211000.0,
        "Total Revenue": 1540437000.0,
        "Operating Revenue": 1540437000.0
    },
    "2024-03-31": {
        "Tax Effect Of Unusual Items": 0.0,
        "Tax Rate For Calcs": 0.118,
        "Normalized EBITDA": 675755000.0,
        "Total Unusual Items": NaN,
        "Total Unusual Items Excluding Goodwill": NaN,
        "Net Income From Continuing Operation Net Minority Interest": 637692000.0,
        "Reconciled Depreciation": 15614000.0,
        "Reconciled Cost Of Revenue": 569995000.0,
        "EBITDA": 675755000.0,
        "EBIT": 660141000.0,
        "Net Interest Income": 63823000.0,
        "Interest Income": 63823000.0,
        "Normalized Income": 637692000.0,
        "Net Income From Continuing And Discontinued Operation": 637692000.0,
        "Total Expenses": 911233000.0,
        "Total Operating Income As Reported": 660141000.0,
        "Diluted Average Shares": 1279460000.0,
        "Basic Average Shares": 1252128000.0,
        "Diluted EPS": 0.4975,
        "Basic EPS": 0.51,
        "Diluted NI Availto Com Stockholders": 637692000.0,
        "Net Income Common Stockholders": 637692000.0,
        "Net Income": 637692000.0,
        "Net Income Including Noncontrolling Interests": 637692000.0,
        "Net Income Continuous Operations": 637692000.0,
        "Tax Provision": 85069000.0,
        "Pretax Income": 722761000.0,
        "Other Income Expense": -1203000.0,
        "Other Non Operating Income Expenses": -1203000.0,
        "Gain On Sale Of Security": NaN,
        "Net Non Operating Interest Income Expense": 63823000.0,
        "Interest Income Non Operating": 63823000.0,
        "Operating Income": 660141000.0,
        "Operating Expense": 341238000.0,
        "Research And Development": 208395000.0,
        "Selling General And Administration": 132843000.0,
        "Selling And Marketing Expense": 105080000.0,
        "General And Administrative Expense": 27763000.0,
        "Other Gand A": 27763000.0,
        "Gross Profit": 1001379000.0,
        "Cost Of Revenue": 569995000.0,
        "Total Revenue": 1571374000.0,
        "Operating Revenue": 1571374000.0
    },
    "2024-06-30": {
        "Tax Effect Of Unusual Items": 0.0,
        "Tax Rate For Calcs": 0.136,
        "Normalized EBITDA": 715071000.0,
        "Total Unusual Items": NaN,
        "Total Unusual Items Excluding Goodwill": NaN,
        "Net Income From Continuing Operation Net Minority Interest": 665428000.0,
        "Reconciled Depreciation": 15498000.0,
        "Reconciled Cost Of Revenue": 593187000.0,
        "EBITDA": 715071000.0,
        "EBIT": 699573000.0,
        "Net Interest Income": 71448000.0,
        "Interest Income": 71448000.0,
        "Normalized Income": 665428000.0,
        "Net Income From Continuing And Discontinued Operation": 665428000.0,
        "Total Expenses": 990827000.0,
        "Total Operating Income As Reported": 699573000.0,
        "Diluted Average Shares": 1279684000.0,
        "Basic Average Shares": 1254844000.0,
        "Diluted EPS": 0.52,
        "Basic EPS": 0.53,
        "Diluted NI Availto Com Stockholders": 665428000.0,
        "Net Income Common Stockholders": 665428000.0,
        "Net Income": 665428000.0,
        "Net Income Including Noncontrolling Interests": 665428000.0,
        "Net Income Continuous Operations": 665428000.0,
        "Tax Provision": 105008000.0,
        "Pretax Income": 770436000.0,
        "Other Income Expense": -585000.0,
        "Other Non Operating Income Expenses": -585000.0,
        "Gain On Sale Of Security": NaN,
        "Net Non Operating Interest Income Expense": 71448000.0,
        "Interest Income Non Operating": 71448000.0,
        "Operating Income": 699573000.0,
        "Operating Expense": 397640000.0,
        "Research And Development": 267482000.0,
        "Selling General And Administration": 130158000.0,
        "Selling And Marketing Expense": 104403000.0,
        "General And Administrative Expense": 25755000.0,
        "Other Gand A": 25755000.0,
        "Gross Profit": 1097213000.0,
        "Cost Of Revenue": 593187000.0,
        "Total Revenue": 1690400000.0,
        "Operating Revenue": 1690400000.0
    },
    "2024-09-30": {
        "Tax Effect Of Unusual Items": 1897200.0,
        "Tax Rate For Calcs": 0.153,
        "Normalized EBITDA": 788388000.0,
        "Total Unusual Items": 12400000.0,
        "Total Unusual Items Excluding Goodwill": 12400000.0,
        "Net Income From Continuing Operation Net Minority Interest": 747938000.0,
        "Reconciled Depreciation": 15538000.0,
        "Reconciled Cost Of Revenue": 649219000.0,
        "EBITDA": 800788000.0,
        "EBIT": 785250000.0,
        "Net Interest Income": 85374000.0,
        "Interest Income": 85374000.0,
        "Normalized Income": 737435200.0,
        "Net Income From Continuing And Discontinued Operation": 747938000.0,
        "Total Expenses": 1025686000.0,
        "Total Operating Income As Reported": 785250000.0,
        "Diluted Average Shares": 1281792000.0,
        "Basic Average Shares": 1257928000.0,
        "Diluted EPS": 0.5825,
        "Basic EPS": 0.595,
        "Diluted NI Availto Com Stockholders": 747938000.0,
        "Net Income Common Stockholders": 747938000.0,
        "Net Income": 747938000.0,
        "Net Income Including Noncontrolling Interests": 747938000.0,
        "Net Income Continuous Operations": 747938000.0,
        "Tax Provision": 134972000.0,
        "Pretax Income": 882910000.0,
        "Other Income Expense": 12286000.0,
        "Other Non Operating Income Expenses": -114000.0,
        "Gain On Sale Of Security": 12400000.0,
        "Net Non Operating Interest Income Expense": 85374000.0,
        "Interest Income Non Operating": 85374000.0,
        "Operating Income": 785250000.0,
        "Operating Expense": 376467000.0,
        "Research And Development": 235824000.0,
        "Selling General And Administration": 140643000.0,
        "Selling And Marketing Expense": 106832000.0,
        "General And Administrative Expense": 33811000.0,
        "Other Gand A": 33811000.0,
        "Gross Profit": 1161717000.0,
        "Cost Of Revenue": 649219000.0,
        "Total Revenue": 1810936000.0,
        "Operating Revenue": 1810936000.0
    }
}