{
    "2023-04-30": {
        "Tax Effect Of Unusual Items": -1774400.0,
        "Tax Rate For Calcs": 0.4,
        "Normalized EBITDA": 38444000.0,
        "Total Unusual Items": -4436000.0,
        "Total Unusual Items Excluding Goodwill": -4436000.0,
        "Net Income From Continuing Operation Net Minority Interest": 16571000.0,
        "Reconciled Depreciation": 36028000.0,
        "Reconciled Cost Of Revenue": 326200000.0,
        "EBIT": 34008000.0,
        "Net Interest Income": -3443000.0,
        "Interest Expense": 3443000.0,
        "Interest Income": 4015000.0,
        "Normalized Income": 19232600.0,
        "Net Income From Continuing And Discontinued Operation": 16571000.0,
        "Total Expenses": 797550000.0,
        "Total Operating Income As Reported": -34008000.0,
        "Diluted Average Shares": 51467000.0,
        "Basic Average Shares": 49574000.0,
        "Diluted EPS": 0.32,
        "Basic EPS": 0.33,
        "Diluted NI Availto Com Stockholders": 16571000.0,
        "Net Income Common Stockholders": 16571000.0,
        "Net Income": 16571000.0,
        "Minority Interests": -1276000.0,
        "Net Income Including Noncontrolling Interests": 17847000.0,
        "Net Income Continuous Operations": 17847000.0,
        "Tax Provision": 12718000.0,
        "Pretax Income": 30565000.0,
        "Other Income Expense": -4436000.0,
        "Special Income Charges": -4436000.0,
        "Impairment Of Capital Assets": 4436000.0,
        "Net Non Operating Interest Income Expense": -3443000.0,
        "Interest Expense Non Operating": 3443000.0,
        "Interest Income Non Operating": 4015000.0,
        "Operating Income": 38444000.0,
        "Operating Expense": 471350000.0,
        "Other Operating Expenses": -2894000.0,
        "Selling General And Administration": 474244000.0,
        "Selling And Marketing Expense": 331613000.0,
        "General And Administrative Expense": 142631000.0,
        "Other Gand A": 142631000.0,
        "Gross Profit": 509794000.0,
        "Cost Of Revenue": 326200000.0,
        "Total Revenue": 835994000.0,
        "Operating Revenue": 835994000.0
    },
    "2023-01-31": {
        "Tax Effect Of Unusual Items": -1878000.0,
        "Tax Rate For Calcs": 0.4,
        "Normalized EBITDA": 91717000.0,
        "Total Unusual Items": -4695000.0,
        "Total Unusual Items Excluding Goodwill": -4695000.0,
        "Net Income From Continuing Operation Net Minority Interest": 38333000.0,
        "Reconciled Depreciation": 33850000.0,
        "Reconciled Cost Of Revenue": 531529000.0,
        "EBIT": 87022000.0,
        "Net Interest Income": -4113000.0,
        "Interest Expense": 4113000.0,
        "Interest Income": 3068000.0,
        "Normalized Income": 41150000.0,
        "Net Income From Continuing And Discontinued Operation": 38333000.0,
        "Total Expenses": 1108097000.0,
        "Total Operating Income As Reported": 87022000.0,
        "Diluted Average Shares": 51217000.0,
        "Basic Average Shares": 49216000.0,
        "Diluted EPS": 0.75,
        "Basic EPS": 0.78,
        "Diluted NI Availto Com Stockholders": 38333000.0,
        "Net Income Common Stockholders": 38333000.0,
        "Net Income": 38333000.0,
        "Minority Interests": -2358000.0,
        "Net Income Including Noncontrolling Interests": 40691000.0,
        "Net Income Continuous Operations": 40691000.0,
        "Tax Provision": 42218000.0,
        "Pretax Income": 82909000.0,
        "Other Income Expense": -4695000.0,
        "Special Income Charges": -4695000.0,
        "Impairment Of Capital Assets": 4695000.0,
        "Net Non Operating Interest Income Expense": -4113000.0,
        "Interest Expense Non Operating": 4113000.0,
        "Interest Income Non Operating": 3068000.0,
        "Operating Income": 91717000.0,
        "Operating Expense": 576568000.0,
        "Other Operating Expenses": 1220000.0,
        "Selling General And Administration": 575348000.0,
        "Selling And Marketing Expense": 437264000.0,
        "General And Administrative Expense": 138084000.0,
        "Other Gand A": 138084000.0,
        "Gross Profit": 668285000.0,
        "Cost Of Revenue": 531529000.0,
        "Total Revenue": 1199814000.0,
        "Operating Revenue": 1199814000.0
    },
    "2022-10-31": {
        "Tax Effect Of Unusual Items": -1497600.0,
        "Tax Rate For Calcs": 0.4,
        "Normalized EBITDA": 21287000.0,
        "Total Unusual Items": -3744000.0,
        "Total Unusual Items Excluding Goodwill": -3744000.0,
        "Net Income From Continuing Operation Net Minority Interest": -2214000.0,
        "Reconciled Depreciation": 32850000.0,
        "Reconciled Cost Of Revenue": 359268000.0,
        "EBIT": 17543000.0,
        "Net Interest Income": -7295000.0,
        "Interest Expense": 7295000.0,
        "Interest Income": 291000.0,
        "Normalized Income": 32400.0,
        "Net Income From Continuing And Discontinued Operation": -2214000.0,
        "Total Expenses": 858797000.0,
        "Total Operating Income As Reported": 17543000.0,
        "Diluted Average Shares": 49486000.0,
        "Basic Average Shares": 49486000.0,
        "Diluted EPS": -0.04,
        "Basic EPS": -0.04,
        "Diluted NI Availto Com Stockholders": -2214000.0,
        "Net Income Common Stockholders": -2214000.0,
        "Net Income": -2214000.0,
        "Minority Interests": -1496000.0,
        "Net Income Including Noncontrolling Interests": -718000.0,
        "Net Income Continuous Operations": -718000.0,
        "Tax Provision": 10966000.0,
        "Pretax Income": 10248000.0,
        "Other Income Expense": -3744000.0,
        "Special Income Charges": -3744000.0,
        "Impairment Of Capital Assets": 3744000.0,
        "Net Non Operating Interest Income Expense": -7295000.0,
        "Interest Expense Non Operating": 7295000.0,
        "Interest Income Non Operating": 291000.0,
        "Operating Income": 21287000.0,
        "Operating Expense": 499529000.0,
        "Other Operating Expenses": -1005000.0,
        "Selling General And Administration": 500534000.0,
        "Selling And Marketing Expense": 367333000.0,
        "General And Administrative Expense": 133201000.0,
        "Other Gand A": 133201000.0,
        "Gross Profit": 520816000.0,
        "Cost Of Revenue": 359268000.0,
        "Total Revenue": 880084000.0,
        "Operating Revenue": 880084000.0
    },
    "2022-07-31": {
        "Tax Effect Of Unusual Items": -868000.0,
        "Tax Rate For Calcs": 0.4,
        "Normalized EBITDA": -21000.0,
        "Total Unusual Items": -2170000.0,
        "Total Unusual Items Excluding Goodwill": -2170000.0,
        "Net Income From Continuing Operation Net Minority Interest": -16834000.0,
        "Reconciled Depreciation": 31655000.0,
        "Reconciled Cost Of Revenue": 339200000.0,
        "EBIT": -2191000.0,
        "Net Interest Income": -6917000.0,
        "Interest Expense": 6917000.0,
        "Interest Income": 743000.0,
        "Normalized Income": -15532000.0,
        "Net Income From Continuing And Discontinued Operation": -16834000.0,
        "Total Expenses": 805112000.0,
        "Total Operating Income As Reported": -2191000.0,
        "Diluted Average Shares": 50441000.0,
        "Basic Average Shares": 50441000.0,
        "Diluted EPS": -0.33,
        "Basic EPS": -0.33,
        "Diluted NI Availto Com Stockholders": -16834000.0,
        "Net Income Common Stockholders": -16834000.0,
        "Net Income": -16834000.0,
        "Minority Interests": -2092000.0,
        "Net Income Including Noncontrolling Interests": -14742000.0,
        "Net Income Continuous Operations": -14742000.0,
        "Tax Provision": 5634000.0,
        "Pretax Income": -9108000.0,
        "Other Income Expense": -2170000.0,
        "Special Income Charges": -2170000.0,
        "Impairment Of Capital Assets": 2170000.0,
        "Net Non Operating Interest Income Expense": -6917000.0,
        "Interest Expense Non Operating": 6917000.0,
        "Interest Income Non Operating": 743000.0,
        "Operating Income": -21000.0,
        "Operating Expense": 465912000.0,
        "Other Operating Expenses": 953000.0,
        "Selling General And Administration": 464959000.0,
        "Selling And Marketing Expense": 340791000.0,
        "General And Administrative Expense": 124168000.0,
        "Other Gand A": 124168000.0,
        "Gross Profit": 465891000.0,
        "Cost Of Revenue": 339200000.0,
        "Total Revenue": 805091000.0,
        "Operating Revenue": 805091000.0
    },
    "2022-04-30": {
        "Diluted EPS": -0.32,
        "Total Revenue": 813,
        "Gross Profit": 450,
        "Operating Income": -10,
        "EBIT": 24,
        "Net Income": -16
    },
    "2022-01-31": {
        "Diluted EPS": 1.1,
        "Total Revenue": NaN,
        "Gross Profit": 677,
        "Operating Income": 98,
        "EBIT": 134,
        "Net Income": 66
    },
    "2021-10-31": {
        "Diluted EPS": 0.77,
        "Total Revenue": 905,
        "Gross Profit": 576,
        "Operating Income": 73,
        "EBIT": 108,
        "Net Income": 47
    },
    "2021-07-31": {
        "Diluted EPS": 1.69,
        "Total Revenue": 865,
        "Gross Profit": 563,
        "Operating Income": 115,
        "EBIT": 149,
        "Net Income": 109
    },
    "2021-04-30": {
        "Diluted EPS": 0.64,
        "Total Revenue": 781,
        "Gross Profit": 495,
        "Operating Income": 57,
        "EBIT": 95,
        "Net Income": 42
    },
    "2021-01-31": {
        "Diluted EPS": 1.33,
        "Total Revenue": NaN,
        "Gross Profit": 679,
        "Operating Income": 116,
        "EBIT": 155,
        "Net Income": 82
    },
    "2020-10-31": {
        "Diluted EPS": 0.66,
        "Total Revenue": 820,
        "Gross Profit": 524,
        "Operating Income": 59,
        "EBIT": 103,
        "Net Income": 42
    },
    "2020-07-31": {
        "Diluted EPS": 0.09,
        "Total Revenue": 698,
        "Gross Profit": 424,
        "Operating Income": 14,
        "EBIT": 53,
        "Net Income": 5
    },
    "2020-04-30": {
        "Diluted EPS": -3.9,
        "Total Revenue": 485,
        "Gross Profit": 264,
        "Operating Income": -209,
        "EBIT": -165,
        "Net Income": -244
    },
    "2020-01-31": {
        "Diluted EPS": 1.27,
        "Total Revenue": NaN,
        "Gross Profit": 689,
        "Operating Income": 122,
        "EBIT": 171,
        "Net Income": 83
    },
    "2019-10-31": {
        "Diluted EPS": 0.1,
        "Total Revenue": 863,
        "Gross Profit": 519,
        "Operating Income": 14,
        "EBIT": 58,
        "Net Income": 7
    },
    "2019-07-31": {
        "Diluted EPS": -0.48,
        "Total Revenue": 841,
        "Gross Profit": 499,
        "Operating Income": -39,
        "EBIT": 1,
        "Net Income": -31
    },
    "2019-04-30": {
        "Diluted EPS": -0.29,
        "Total Revenue": 734,
        "Gross Profit": 444,
        "Operating Income": -27,
        "EBIT": 14,
        "Net Income": -19
    },
    "2019-01-31": {
        "Diluted EPS": 1.41,
        "Total Revenue": NaN,
        "Gross Profit": 683,
        "Operating Income": 130,
        "EBIT": 166,
        "Net Income": 97
    },
    "2018-10-31": {
        "Diluted EPS": 0.35,
        "Total Revenue": 861,
        "Gross Profit": 528,
        "Operating Income": 40,
        "EBIT": 77,
        "Net Income": 24
    },
    "2018-07-31": {
        "Diluted EPS": -0.06,
        "Total Revenue": 842,
        "Gross Profit": 507,
        "Operating Income": 0,
        "EBIT": 40,
        "Net Income": -4
    },
    "2018-04-30": {
        "Diluted EPS": -0.62,
        "Total Revenue": 731,
        "Gross Profit": 442,
        "Operating Income": -42,
        "EBIT": 0,
        "Net Income": -42
    },
    "2018-01-31": {
        "Diluted EPS": 1.09,
        "Total Revenue": NaN,
        "Gross Profit": 697,
        "Operating Income": 140,
        "EBIT": 183,
        "Net Income": 74
    },
    "2017-10-31": {
        "Diluted EPS": 0.15,
        "Total Revenue": 859,
        "Gross Profit": 527,
        "Operating Income": 23,
        "EBIT": 67,
        "Net Income": 10
    },
    "2017-07-31": {
        "Diluted EPS": -0.23,
        "Total Revenue": 779,
        "Gross Profit": 461,
        "Operating Income": -21,
        "EBIT": 21,
        "Net Income": -15
    },
    "2017-04-30": {
        "Diluted EPS": -0.91,
        "Total Revenue": 661,
        "Gross Profit": 399,
        "Operating Income": -70,
        "EBIT": -26,
        "Net Income": -62
    },
    "2017-01-31": {
        "Diluted EPS": 0.72,
        "Total Revenue": NaN,
        "Gross Profit": 615,
        "Operating Income": 61,
        "EBIT": 104,
        "Net Income": 49
    },
    "2016-10-31": {
        "Diluted EPS": 0.12,
        "Total Revenue": 822,
        "Gross Profit": 511,
        "Operating Income": 20,
        "EBIT": 60,
        "Net Income": 8
    },
    "2016-07-31": {
        "Diluted EPS": -0.19,
        "Total Revenue": 783,
        "Gross Profit": 477,
        "Operating Income": -11,
        "EBIT": 32,
        "Net Income": -13
    },
    "2016-04-30": {
        "Diluted EPS": -0.59,
        "Total Revenue": 685,
        "Gross Profit": 426,
        "Operating Income": -55,
        "EBIT": -11,
        "Net Income": -40
    },
    "2016-01-31": {
        "Diluted EPS": 0.83,
        "Total Revenue": NaN,
        "Gross Profit": 676,
        "Operating Income": 120,
        "EBIT": 166,
        "Net Income": 58
    },
    "2015-10-31": {
        "Diluted EPS": 0.6,
        "Total Revenue": 879,
        "Gross Profit": 560,
        "Operating Income": 41,
        "EBIT": 86,
        "Net Income": 42
    },
    "2015-07-31": {
        "Diluted EPS": -0.01,
        "Total Revenue": 818,
        "Gross Profit": 510,
        "Operating Income": 2,
        "EBIT": 50,
        "Net Income": -1
    },
    "2015-04-30": {
        "Diluted EPS": -0.91,
        "Total Revenue": 709,
        "Gross Profit": 412,
        "Operating Income": -90,
        "EBIT": -45,
        "Net Income": -63
    },
    "2015-01-31": {
        "Diluted EPS": 0.61,
        "Total Revenue": NaN,
        "Gross Profit": 682,
        "Operating Income": 92,
        "EBIT": 135,
        "Net Income": 44
    },
    "2014-10-31": {
        "Diluted EPS": 0.25,
        "Total Revenue": 911,
        "Gross Profit": 567,
        "Operating Income": 33,
        "EBIT": 81,
        "Net Income": 18
    },
    "2014-07-31": {
        "Diluted EPS": 0.17,
        "Total Revenue": 891,
        "Gross Profit": 553,
        "Operating Income": 19,
        "EBIT": 70,
        "Net Income": 13
    },
    "2014-04-30": {
        "Diluted EPS": -0.32,
        "Total Revenue": 822,
        "Gross Profit": 512,
        "Operating Income": -32,
        "EBIT": 15,
        "Net Income": -24
    },
    "2014-01-31": {
        "Diluted EPS": 0.84,
        "Total Revenue": NaN,
        "Gross Profit": 767,
        "Operating Income": 111,
        "EBIT": 151,
        "Net Income": 66
    },
    "2013-10-31": {
        "Diluted EPS": -0.2,
        "Total Revenue": NaN,
        "Gross Profit": 651,
        "Operating Income": -35,
        "EBIT": 15,
        "Net Income": -16
    },
    "2013-07-31": {
        "Diluted EPS": 0.14,
        "Total Revenue": 946,
        "Gross Profit": 604,
        "Operating Income": 19,
        "EBIT": 70,
        "Net Income": 11
    },
    "2013-04-30": {
        "Diluted EPS": -0.09,
        "Total Revenue": 839,
        "Gross Profit": 553,
        "Operating Income": -14,
        "EBIT": 35,
        "Net Income": -7
    },
    "2013-01-31": {
        "Diluted EPS": 1.88,
        "Total Revenue": NaN,
        "Gross Profit": 931,
        "Operating Income": 245,
        "EBIT": 292,
        "Net Income": 157
    },
    "2012-10-31": {
        "Diluted EPS": 1.02,
        "Total Revenue": NaN,
        "Gross Profit": 753,
        "Operating Income": 133,
        "EBIT": 179,
        "Net Income": 84
    },
    "2012-07-31": {
        "Diluted EPS": 0.2,
        "Total Revenue": 951,
        "Gross Profit": 592,
        "Operating Income": 25,
        "EBIT": 68,
        "Net Income": 17
    },
    "2012-04-30": {
        "Diluted EPS": -0.25,
        "Total Revenue": 921,
        "Gross Profit": 541,
        "Operating Income": -29,
        "EBIT": 14,
        "Net Income": -21
    },
    "2012-01-31": {
        "Diluted EPS": 0.41,
        "Total Revenue": NaN,
        "Gross Profit": 777,
        "Operating Income": 56,
        "EBIT": 100,
        "Net Income": 36
    },
    "2011-10-31": {
        "Diluted EPS": 0.57,
        "Total Revenue": NaN,
        "Gross Profit": 647,
        "Operating Income": 80,
        "EBIT": 126,
        "Net Income": 51
    },
    "2011-07-31": {
        "Diluted EPS": 0.35,
        "Total Revenue": 917,
        "Gross Profit": 583,
        "Operating Income": 47,
        "EBIT": 95,
        "Net Income": 32
    },
    "2011-04-30": {
        "Diluted EPS": 0.28,
        "Total Revenue": 837,
        "Gross Profit": 544,
        "Operating Income": 39,
        "EBIT": 85,
        "Net Income": 25
    },
    "2011-01-31": {
        "Diluted EPS": 1.08,
        "Total Revenue": NaN,
        "Gross Profit": 736,
        "Operating Income": 150,
        "EBIT": 198,
        "Net Income": 98
    },
    "2010-10-31": {
        "Diluted EPS": 0.56,
        "Total Revenue": 886,
        "Gross Profit": 564,
        "Operating Income": 78,
        "EBIT": 122,
        "Net Income": 50
    },
    "2010-07-31": {
        "Diluted EPS": 0.22,
        "Total Revenue": 746,
        "Gross Profit": 485,
        "Operating Income": 28,
        "EBIT": 72,
        "Net Income": 19
    },
    "2010-04-30": {
        "Diluted EPS": -0.13,
        "Total Revenue": 688,
        "Gross Profit": 431,
        "Operating Income": -19,
        "EBIT": 26,
        "Net Income": -12
    },
    "2010-01-31": {
        "Diluted EPS": 0.54,
        "Total Revenue": 936,
        "Gross Profit": 595,
        "Operating Income": 95,
        "EBIT": 143,
        "Net Income": 47
    },
    "2009-10-31": {
        "Diluted EPS": 0.44,
        "Total Revenue": 754,
        "Gross Profit": 483,
        "Operating Income": 47,
        "EBIT": 95,
        "Net Income": 39
    },
    "2009-07-31": {
        "Diluted EPS": -0.3,
        "Total Revenue": 637,
        "Gross Profit": 425,
        "Operating Income": 9,
        "EBIT": 56,
        "Net Income": -27
    },
    "2009-04-30": {
        "Diluted EPS": -0.68,
        "Total Revenue": 602,
        "Gross Profit": 381,
        "Operating Income": -34,
        "EBIT": 15,
        "Net Income": -59
    },
    "2009-01-31": {
        "Diluted EPS": 0.77,
        "Total Revenue": 942,
        "Gross Profit": 612,
        "Operating Income": 184,
        "EBIT": 232,
        "Net Income": 68
    }
}