{
    "2023-03-31": {
        "Tax Effect Of Unusual Items": 0.0,
        "Tax Rate For Calcs": 0.139,
        "Normalized EBITDA": -9002000.0,
        "Total Unusual Items": NaN,
        "Total Unusual Items Excluding Goodwill": NaN,
        "Net Income From Continuing Operation Net Minority Interest": -10350000.0,
        "Reconciled Depreciation": 3551000.0,
        "Reconciled Cost Of Revenue": 15081000.0,
        "EBITDA": -9002000.0,
        "EBIT": -12553000.0,
        "Net Interest Income": 539000.0,
        "Normalized Income": -10350000.0,
        "Net Income From Continuing And Discontinued Operation": -10350000.0,
        "Total Expenses": 50477000.0,
        "Total Operating Income As Reported": -12553000.0,
        "Diluted Average Shares": 14653000.0,
        "Basic Average Shares": 14653000.0,
        "Diluted EPS": -0.71,
        "Basic EPS": -0.71,
        "Diluted NI Availto Com Stockholders": -10350000.0,
        "Net Income Common Stockholders": -10350000.0,
        "Net Income": -10350000.0,
        "Net Income Including Noncontrolling Interests": -10350000.0,
        "Net Income Continuous Operations": -10350000.0,
        "Tax Provision": -1664000.0,
        "Pretax Income": -12014000.0,
        "Special Income Charges": NaN,
        "Restructuring And Mergern Acquisition": NaN,
        "Net Non Operating Interest Income Expense": 539000.0,
        "Total Other Finance Cost": -539000.0,
        "Operating Income": -12553000.0,
        "Operating Expense": 35396000.0,
        "Research And Development": 8400000.0,
        "Selling General And Administration": 26996000.0,
        "Gross Profit": 22843000.0,
        "Cost Of Revenue": 15081000.0,
        "Total Revenue": 37924000.0,
        "Operating Revenue": 37924000.0
    },
    "2022-12-31": {
        "Tax Effect Of Unusual Items": NaN,
        "Tax Rate For Calcs": NaN,
        "Normalized EBITDA": NaN,
        "Total Unusual Items": 0.0,
        "Total Unusual Items Excluding Goodwill": 0.0,
        "Net Income From Continuing Operation Net Minority Interest": NaN,
        "Reconciled Depreciation": NaN,
        "Reconciled Cost Of Revenue": NaN,
        "EBITDA": NaN,
        "EBIT": NaN,
        "Net Interest Income": NaN,
        "Normalized Income": NaN,
        "Net Income From Continuing And Discontinued Operation": NaN,
        "Total Expenses": NaN,
        "Total Operating Income As Reported": NaN,
        "Diluted Average Shares": NaN,
        "Basic Average Shares": NaN,
        "Diluted EPS": NaN,
        "Basic EPS": NaN,
        "Diluted NI Availto Com Stockholders": NaN,
        "Net Income Common Stockholders": NaN,
        "Net Income": NaN,
        "Net Income Including Noncontrolling Interests": NaN,
        "Net Income Continuous Operations": NaN,
        "Tax Provision": NaN,
        "Pretax Income": NaN,
        "Special Income Charges": 0.0,
        "Restructuring And Mergern Acquisition": 0.0,
        "Net Non Operating Interest Income Expense": NaN,
        "Total Other Finance Cost": NaN,
        "Operating Income": NaN,
        "Operating Expense": NaN,
        "Research And Development": NaN,
        "Selling General And Administration": NaN,
        "Gross Profit": NaN,
        "Cost Of Revenue": NaN,
        "Total Revenue": NaN,
        "Operating Revenue": NaN
    },
    "2022-09-30": {
        "Tax Effect Of Unusual Items": NaN,
        "Tax Rate For Calcs": NaN,
        "Normalized EBITDA": NaN,
        "Total Unusual Items": 0.0,
        "Total Unusual Items Excluding Goodwill": 0.0,
        "Net Income From Continuing Operation Net Minority Interest": NaN,
        "Reconciled Depreciation": NaN,
        "Reconciled Cost Of Revenue": NaN,
        "EBITDA": NaN,
        "EBIT": NaN,
        "Net Interest Income": NaN,
        "Normalized Income": NaN,
        "Net Income From Continuing And Discontinued Operation": NaN,
        "Total Expenses": NaN,
        "Total Operating Income As Reported": NaN,
        "Diluted Average Shares": NaN,
        "Basic Average Shares": NaN,
        "Diluted EPS": NaN,
        "Basic EPS": NaN,
        "Diluted NI Availto Com Stockholders": NaN,
        "Net Income Common Stockholders": NaN,
        "Net Income": NaN,
        "Net Income Including Noncontrolling Interests": NaN,
        "Net Income Continuous Operations": NaN,
        "Tax Provision": NaN,
        "Pretax Income": NaN,
        "Special Income Charges": 0.0,
        "Restructuring And Mergern Acquisition": 0.0,
        "Net Non Operating Interest Income Expense": NaN,
        "Total Other Finance Cost": NaN,
        "Operating Income": NaN,
        "Operating Expense": NaN,
        "Research And Development": NaN,
        "Selling General And Administration": NaN,
        "Gross Profit": NaN,
        "Cost Of Revenue": NaN,
        "Total Revenue": NaN,
        "Operating Revenue": NaN
    },
    "2022-06-30": {
        "Tax Effect Of Unusual Items": 0.0,
        "Tax Rate For Calcs": 0.134551,
        "Normalized EBITDA": -3381000.0,
        "Total Unusual Items": 0.0,
        "Total Unusual Items Excluding Goodwill": 0.0,
        "Net Income From Continuing Operation Net Minority Interest": -2843000.0,
        "Reconciled Depreciation": 3709000.0,
        "Reconciled Cost Of Revenue": 14795000.0,
        "EBITDA": -3381000.0,
        "EBIT": -3381000.0,
        "Net Interest Income": 96000.0,
        "Normalized Income": -2843000.0,
        "Net Income From Continuing And Discontinued Operation": -2843000.0,
        "Total Expenses": 43038000.0,
        "Total Operating Income As Reported": -3381000.0,
        "Diluted Average Shares": 14555000.0,
        "Basic Average Shares": 14555000.0,
        "Diluted EPS": -0.2,
        "Basic EPS": -0.2,
        "Diluted NI Availto Com Stockholders": -2843000.0,
        "Net Income Common Stockholders": -2843000.0,
        "Net Income": -2843000.0,
        "Net Income Including Noncontrolling Interests": -2843000.0,
        "Net Income Continuous Operations": -2843000.0,
        "Tax Provision": -442000.0,
        "Pretax Income": -3285000.0,
        "Special Income Charges": 0.0,
        "Restructuring And Mergern Acquisition": 0.0,
        "Net Non Operating Interest Income Expense": 96000.0,
        "Total Other Finance Cost": -96000.0,
        "Operating Income": -3381000.0,
        "Operating Expense": 28243000.0,
        "Research And Development": 6975000.0,
        "Selling General And Administration": 21268000.0,
        "Gross Profit": 24862000.0,
        "Cost Of Revenue": 14795000.0,
        "Total Revenue": 39657000.0,
        "Operating Revenue": 39657000.0
    },
    "2022-03-31": {
        "Diluted EPS": -0.2,
        "Total Revenue": 37,
        "Gross Profit": 22,
        "Operating Income": -4,
        "EBIT": 0,
        "Net Income": -3
    },
    "2021-12-31": {
        "Diluted EPS": -0.41,
        "Total Revenue": 36,
        "Gross Profit": 18,
        "Operating Income": -9,
        "EBIT": -5,
        "Net Income": -6
    },
    "2021-09-30": {
        "Diluted EPS": 0.04,
        "Total Revenue": 40,
        "Gross Profit": 23,
        "Operating Income": 1,
        "EBIT": 6,
        "Net Income": 1
    },
    "2021-06-30": {
        "Diluted EPS": 0.45,
        "Total Revenue": 38,
        "Gross Profit": 21,
        "Operating Income": 9,
        "EBIT": 15,
        "Net Income": 7
    },
    "2021-03-31": {
        "Diluted EPS": 0.2,
        "Total Revenue": 34,
        "Gross Profit": 21,
        "Operating Income": 1,
        "EBIT": 7,
        "Net Income": 3
    },
    "2020-12-31": {
        "Diluted EPS": -1.1,
        "Total Revenue": 33,
        "Gross Profit": 17,
        "Operating Income": -18,
        "EBIT": 14,
        "Net Income": -16
    },
    "2020-09-30": {
        "Diluted EPS": -0.45,
        "Total Revenue": 32,
        "Gross Profit": 17,
        "Operating Income": -8,
        "EBIT": -2,
        "Net Income": -6
    },
    "2020-06-30": {
        "Diluted EPS": -0.54,
        "Total Revenue": 31,
        "Gross Profit": 14,
        "Operating Income": -10,
        "EBIT": -3,
        "Net Income": -8
    },
    "2020-03-31": {
        "Diluted EPS": 0.4,
        "Total Revenue": 35,
        "Gross Profit": 21,
        "Operating Income": 7,
        "EBIT": 30,
        "Net Income": 6
    },
    "2019-12-31": {
        "Diluted EPS": 0.27,
        "Total Revenue": 30,
        "Gross Profit": 21,
        "Operating Income": 5,
        "EBIT": 7,
        "Net Income": 4
    },
    "2019-09-30": {
        "Diluted EPS": 0.64,
        "Total Revenue": 30,
        "Gross Profit": 24,
        "Operating Income": 12,
        "EBIT": 13,
        "Net Income": 9
    },
    "2019-06-30": {
        "Diluted EPS": 0.67,
        "Total Revenue": 30,
        "Gross Profit": 24,
        "Operating Income": 12,
        "EBIT": 13,
        "Net Income": 9
    },
    "2019-03-31": {
        "Diluted EPS": 0.31,
        "Total Revenue": 25,
        "Gross Profit": 17,
        "Operating Income": 5,
        "EBIT": 7,
        "Net Income": 5
    },
    "2018-12-31": {
        "Diluted EPS": 0.52,
        "Total Revenue": 27,
        "Gross Profit": 20,
        "Operating Income": 10,
        "EBIT": 11,
        "Net Income": 8
    },
    "2018-09-30": {
        "Diluted EPS": 0.53,
        "Total Revenue": 27,
        "Gross Profit": 19,
        "Operating Income": 9,
        "EBIT": 10,
        "Net Income": 8
    },
    "2018-06-30": {
        "Diluted EPS": 0.68,
        "Total Revenue": 31,
        "Gross Profit": 22,
        "Operating Income": 11,
        "EBIT": 13,
        "Net Income": 10
    },
    "2018-03-31": {
        "Diluted EPS": -0.46,
        "Total Revenue": 21,
        "Gross Profit": 13,
        "Operating Income": -8,
        "EBIT": -6,
        "Net Income": -7
    },
    "2017-12-31": {
        "Diluted EPS": 0.52,
        "Total Revenue": 29,
        "Gross Profit": 21,
        "Operating Income": 10,
        "EBIT": 11,
        "Net Income": 8
    },
    "2017-09-30": {
        "Diluted EPS": 0.46,
        "Total Revenue": 27,
        "Gross Profit": 21,
        "Operating Income": 10,
        "EBIT": 11,
        "Net Income": 7
    },
    "2017-06-30": {
        "Diluted EPS": 0.76,
        "Total Revenue": 33,
        "Gross Profit": 27,
        "Operating Income": 18,
        "EBIT": 19,
        "Net Income": 11
    },
    "2017-03-31": {
        "Diluted EPS": 0.37,
        "Total Revenue": 23,
        "Gross Profit": 17,
        "Operating Income": 8,
        "EBIT": 9,
        "Net Income": 5
    },
    "2016-12-31": {
        "Diluted EPS": 0.54,
        "Total Revenue": 29,
        "Gross Profit": 21,
        "Operating Income": 13,
        "EBIT": 14,
        "Net Income": 8
    },
    "2016-09-30": {
        "Diluted EPS": 0.59,
        "Total Revenue": 26,
        "Gross Profit": 21,
        "Operating Income": 14,
        "EBIT": 15,
        "Net Income": 9
    },
    "2016-06-30": {
        "Diluted EPS": 0.57,
        "Total Revenue": 27,
        "Gross Profit": 21,
        "Operating Income": 13,
        "EBIT": 14,
        "Net Income": 9
    },
    "2016-03-31": {
        "Diluted EPS": 0.45,
        "Total Revenue": 22,
        "Gross Profit": 17,
        "Operating Income": 11,
        "EBIT": 12,
        "Net Income": 7
    },
    "2015-12-31": {
        "Diluted EPS": 0.72,
        "Total Revenue": 31,
        "Gross Profit": 25,
        "Operating Income": 17,
        "EBIT": 18,
        "Net Income": 11
    },
    "2015-09-30": {
        "Diluted EPS": 0.55,
        "Total Revenue": 24,
        "Gross Profit": 19,
        "Operating Income": 13,
        "EBIT": 14,
        "Net Income": 8
    },
    "2015-06-30": {
        "Diluted EPS": 0.51,
        "Total Revenue": 23,
        "Gross Profit": 18,
        "Operating Income": 12,
        "EBIT": 13,
        "Net Income": 8
    },
    "2015-03-31": {
        "Diluted EPS": 0.23,
        "Total Revenue": 16,
        "Gross Profit": 11,
        "Operating Income": 6,
        "EBIT": 6,
        "Net Income": 4
    },
    "2014-12-31": {
        "Diluted EPS": 0.54,
        "Total Revenue": 23,
        "Gross Profit": 18,
        "Operating Income": 12,
        "EBIT": 13,
        "Net Income": 8
    },
    "2014-09-30": {
        "Diluted EPS": 0.4,
        "Total Revenue": 22,
        "Gross Profit": 16,
        "Operating Income": 10,
        "EBIT": 11,
        "Net Income": 6
    },
    "2014-06-30": {
        "Diluted EPS": 0.6,
        "Total Revenue": 26,
        "Gross Profit": 21,
        "Operating Income": 15,
        "EBIT": 16,
        "Net Income": 9
    },
    "2014-03-31": {
        "Diluted EPS": 0.97,
        "Total Revenue": 34,
        "Gross Profit": 30,
        "Operating Income": 24,
        "EBIT": 25,
        "Net Income": 15
    },
    "2013-12-31": {
        "Diluted EPS": 0.45,
        "Total Revenue": 21,
        "Gross Profit": 15,
        "Operating Income": 10,
        "EBIT": 12,
        "Net Income": 7
    },
    "2013-09-30": {
        "Diluted EPS": 0.33,
        "Total Revenue": 18,
        "Gross Profit": 12,
        "Operating Income": 8,
        "EBIT": 9,
        "Net Income": 5
    },
    "2013-06-30": {
        "Diluted EPS": 0.4,
        "Total Revenue": 21,
        "Gross Profit": 15,
        "Operating Income": 9,
        "EBIT": 10,
        "Net Income": 6
    },
    "2013-03-31": {
        "Diluted EPS": 0.21,
        "Total Revenue": 15,
        "Gross Profit": 10,
        "Operating Income": 5,
        "EBIT": 6,
        "Net Income": 3
    },
    "2012-12-31": {
        "Diluted EPS": 0.31,
        "Total Revenue": 23,
        "Gross Profit": 15,
        "Operating Income": 8,
        "EBIT": 9,
        "Net Income": 4
    },
    "2012-09-30": {
        "Diluted EPS": 0.11,
        "Total Revenue": 15,
        "Gross Profit": 8,
        "Operating Income": 3,
        "EBIT": 4,
        "Net Income": 2
    },
    "2012-06-30": {
        "Diluted EPS": 0.26,
        "Total Revenue": 20,
        "Gross Profit": 12,
        "Operating Income": 6,
        "EBIT": 7,
        "Net Income": 4
    },
    "2012-03-31": {
        "Diluted EPS": 0.14,
        "Total Revenue": 14,
        "Gross Profit": 8,
        "Operating Income": 3,
        "EBIT": 4,
        "Net Income": 2
    },
    "2011-12-31": {
        "Diluted EPS": 0.21,
        "Total Revenue": 18,
        "Gross Profit": 11,
        "Operating Income": 5,
        "EBIT": 6,
        "Net Income": 3
    },
    "2011-09-30": {
        "Diluted EPS": 0.22,
        "Total Revenue": 18,
        "Gross Profit": 11,
        "Operating Income": 5,
        "EBIT": 6,
        "Net Income": 3
    },
    "2011-06-30": {
        "Diluted EPS": 0.17,
        "Total Revenue": 16,
        "Gross Profit": 9,
        "Operating Income": 4,
        "EBIT": 5,
        "Net Income": 2
    },
    "2011-03-31": {
        "Diluted EPS": 0.02,
        "Total Revenue": 12,
        "Gross Profit": 6,
        "Operating Income": 1,
        "EBIT": 1,
        "Net Income": 0
    },
    "2010-12-31": {
        "Diluted EPS": 0.1,
        "Total Revenue": 15,
        "Gross Profit": 8,
        "Operating Income": 2,
        "EBIT": 3,
        "Net Income": 1
    },
    "2010-09-30": {
        "Diluted EPS": 0.09,
        "Total Revenue": 14,
        "Gross Profit": 8,
        "Operating Income": 2,
        "EBIT": 3,
        "Net Income": 1
    },
    "2010-06-30": {
        "Diluted EPS": 0.08,
        "Total Revenue": 15,
        "Gross Profit": 9,
        "Operating Income": 2,
        "EBIT": 3,
        "Net Income": 1
    },
    "2010-03-31": {
        "Diluted EPS": 0.05,
        "Total Revenue": 12,
        "Gross Profit": 7,
        "Operating Income": 1,
        "EBIT": 2,
        "Net Income": 1
    },
    "2009-12-31": {
        "Diluted EPS": 0.06,
        "Total Revenue": 11,
        "Gross Profit": 7,
        "Operating Income": 2,
        "EBIT": 2,
        "Net Income": 1
    },
    "2009-09-30": {
        "Diluted EPS": 0.13,
        "Total Revenue": 11,
        "Gross Profit": 7,
        "Operating Income": 2,
        "EBIT": 2,
        "Net Income": 2
    },
    "2009-06-30": {
        "Diluted EPS": 0.08,
        "Total Revenue": 10,
        "Gross Profit": 6,
        "Operating Income": 1,
        "EBIT": 2,
        "Net Income": 1
    },
    "2009-03-31": {
        "Diluted EPS": 0.05,
        "Total Revenue": 9,
        "Gross Profit": 6,
        "Operating Income": 1,
        "EBIT": 1,
        "Net Income": 1
    },
    "2023-06-30": {
        "Tax Effect Of Unusual Items": 0.0,
        "Tax Rate For Calcs": 0.107,
        "Normalized EBITDA": -81000.0,
        "Total Unusual Items": NaN,
        "Total Unusual Items Excluding Goodwill": NaN,
        "Net Income From Continuing Operation Net Minority Interest": -2741000.0,
        "Reconciled Depreciation": 3550000.0,
        "Reconciled Cost Of Revenue": 15330000.0,
        "EBITDA": -81000.0,
        "EBIT": -3631000.0,
        "Net Interest Income": 561000.0,
        "Normalized Income": -2741000.0,
        "Net Income From Continuing And Discontinued Operation": -2741000.0,
        "Total Expenses": 47933000.0,
        "Total Operating Income As Reported": -3631000.0,
        "Diluted Average Shares": 14688000.0,
        "Basic Average Shares": 14688000.0,
        "Diluted EPS": -0.19,
        "Basic EPS": -0.19,
        "Diluted NI Availto Com Stockholders": -2741000.0,
        "Net Income Common Stockholders": -2741000.0,
        "Net Income": -2741000.0,
        "Net Income Including Noncontrolling Interests": -2741000.0,
        "Net Income Continuous Operations": -2741000.0,
        "Tax Provision": -329000.0,
        "Pretax Income": -3070000.0,
        "Special Income Charges": NaN,
        "Restructuring And Mergern Acquisition": NaN,
        "Net Non Operating Interest Income Expense": 561000.0,
        "Total Other Finance Cost": -561000.0,
        "Operating Income": -3631000.0,
        "Operating Expense": 32603000.0,
        "Research And Development": 8914000.0,
        "Selling General And Administration": 23689000.0,
        "Gross Profit": 28972000.0,
        "Cost Of Revenue": 15330000.0,
        "Total Revenue": 44302000.0,
        "Operating Revenue": 44302000.0
    },
    "2023-09-30": {
        "Tax Effect Of Unusual Items": 0.0,
        "Tax Rate For Calcs": 0.066,
        "Normalized EBITDA": -4132000.0,
        "Total Unusual Items": NaN,
        "Total Unusual Items Excluding Goodwill": NaN,
        "Net Income From Continuing Operation Net Minority Interest": -6576000.0,
        "Reconciled Depreciation": 3542000.0,
        "Reconciled Cost Of Revenue": 16521000.0,
        "EBITDA": -4132000.0,
        "EBIT": -7674000.0,
        "Net Interest Income": 635000.0,
        "Normalized Income": -6576000.0,
        "Net Income From Continuing And Discontinued Operation": -6576000.0,
        "Total Expenses": 49139000.0,
        "Total Operating Income As Reported": -7674000.0,
        "Diluted Average Shares": 14635000.0,
        "Basic Average Shares": 14635000.0,
        "Diluted EPS": -0.45,
        "Basic EPS": -0.45,
        "Diluted NI Availto Com Stockholders": -6576000.0,
        "Net Income Common Stockholders": -6576000.0,
        "Net Income": -6576000.0,
        "Net Income Including Noncontrolling Interests": -6576000.0,
        "Net Income Continuous Operations": -6576000.0,
        "Tax Provision": -463000.0,
        "Pretax Income": -7039000.0,
        "Special Income Charges": NaN,
        "Restructuring And Mergern Acquisition": NaN,
        "Net Non Operating Interest Income Expense": 635000.0,
        "Total Other Finance Cost": -635000.0,
        "Operating Income": -7674000.0,
        "Operating Expense": 32618000.0,
        "Research And Development": 7791000.0,
        "Selling General And Administration": 24827000.0,
        "Gross Profit": 24944000.0,
        "Cost Of Revenue": 16521000.0,
        "Total Revenue": 41465000.0,
        "Operating Revenue": 41465000.0
    },
    "2023-12-31": {
        "Tax Effect Of Unusual Items": 0.0,
        "Tax Rate For Calcs": 0.003228,
        "Normalized EBITDA": 1983000.0,
        "Total Unusual Items": NaN,
        "Total Unusual Items Excluding Goodwill": NaN,
        "Net Income From Continuing Operation Net Minority Interest": -63000000.0,
        "Reconciled Depreciation": 3574000.0,
        "Reconciled Cost Of Revenue": 16642000.0,
        "EBITDA": 1983000.0,
        "EBIT": -1591000.0,
        "Net Interest Income": 577000.0,
        "Normalized Income": -63000000.0,
        "Net Income From Continuing And Discontinued Operation": -63000000.0,
        "Total Expenses": 44562000.0,
        "Total Operating Income As Reported": -63781000.0,
        "Diluted Average Shares": 14647000.0,
        "Basic Average Shares": 14647000.0,
        "Diluted EPS": -4.3,
        "Basic EPS": -4.3,
        "Diluted NI Availto Com Stockholders": -63000000.0,
        "Net Income Common Stockholders": -63000000.0,
        "Net Income": -63000000.0,
        "Net Income Including Noncontrolling Interests": -63000000.0,
        "Net Income Continuous Operations": -63000000.0,
        "Tax Provision": -204000.0,
        "Pretax Income": -63204000.0,
        "Special Income Charges": NaN,
        "Restructuring And Mergern Acquisition": NaN,
        "Net Non Operating Interest Income Expense": 577000.0,
        "Total Other Finance Cost": -577000.0,
        "Operating Income": -1591000.0,
        "Operating Expense": 27920000.0,
        "Research And Development": 7585000.0,
        "Selling General And Administration": 20335000.0,
        "Gross Profit": 26329000.0,
        "Cost Of Revenue": 16642000.0,
        "Total Revenue": 42971000.0,
        "Operating Revenue": 42971000.0
    },
    "2024-03-31": {
        "Tax Effect Of Unusual Items": 0.0,
        "Tax Rate For Calcs": 0.4,
        "Normalized EBITDA": -3000000.0,
        "Total Unusual Items": NaN,
        "Total Unusual Items Excluding Goodwill": NaN,
        "Net Income From Continuing Operation Net Minority Interest": -4514000.0,
        "Reconciled Depreciation": 2063000.0,
        "Reconciled Cost Of Revenue": 15895000.0,
        "EBITDA": -3000000.0,
        "EBIT": -5063000.0,
        "Net Interest Income": 592000.0,
        "Normalized Income": -4514000.0,
        "Net Income From Continuing And Discontinued Operation": -4514000.0,
        "Total Expenses": 45586000.0,
        "Total Operating Income As Reported": -5063000.0,
        "Diluted Average Shares": 14698000.0,
        "Basic Average Shares": 14698000.0,
        "Diluted EPS": -0.31,
        "Basic EPS": -0.31,
        "Diluted NI Availto Com Stockholders": -4514000.0,
        "Net Income Common Stockholders": -4514000.0,
        "Net Income": -4514000.0,
        "Net Income Including Noncontrolling Interests": -4514000.0,
        "Net Income Continuous Operations": -4514000.0,
        "Tax Provision": 43000.0,
        "Pretax Income": -4471000.0,
        "Special Income Charges": NaN,
        "Restructuring And Mergern Acquisition": NaN,
        "Net Non Operating Interest Income Expense": 592000.0,
        "Total Other Finance Cost": -592000.0,
        "Operating Income": -5063000.0,
        "Operating Expense": 29691000.0,
        "Research And Development": 8164000.0,
        "Selling General And Administration": 21527000.0,
        "Gross Profit": 24628000.0,
        "Cost Of Revenue": 15895000.0,
        "Total Revenue": 40523000.0,
        "Operating Revenue": 40523000.0
    }
}