{
    "2023-03-31": {
        "Tax Effect Of Unusual Items": -701185.2194,
        "Tax Rate For Calcs": 0.335335,
        "Normalized EBITDA": 26652000.0,
        "Total Unusual Items": -2091000.0,
        "Total Unusual Items Excluding Goodwill": -2091000.0,
        "Net Income From Continuing Operation Net Minority Interest": 1439000.0,
        "Reconciled Depreciation": 14700000.0,
        "Reconciled Cost Of Revenue": 37708000.0,
        "EBITDA": 24561000.0,
        "EBIT": 9861000.0,
        "Net Interest Income": -7696000.0,
        "Interest Expense": 7696000.0,
        "Normalized Income": 2828814.7806,
        "Net Income From Continuing And Discontinued Operation": 1439000.0,
        "Total Expenses": 94800000.0,
        "Total Operating Income As Reported": 9895000.0,
        "Diluted Average Shares": 16531000.0,
        "Basic Average Shares": 16392000.0,
        "Diluted EPS": 0.06,
        "Basic EPS": 0.06,
        "Diluted NI Availto Com Stockholders": 1033000.0,
        "Net Income Common Stockholders": 1033000.0,
        "Preferred Stock Dividends": 406000.0,
        "Net Income": 1439000.0,
        "Net Income Including Noncontrolling Interests": 1439000.0,
        "Net Income Continuous Operations": 1439000.0,
        "Tax Provision": 726000.0,
        "Pretax Income": 2165000.0,
        "Other Income Expense": -2125000.0,
        "Other Non Operating Income Expenses": -34000.0,
        "Special Income Charges": -2091000.0,
        "Gain On Sale Of Ppe": 0.0,
        "Impairment Of Capital Assets": NaN,
        "Restructuring And Mergern Acquisition": 2091000.0,
        "Gain On Sale Of Security": NaN,
        "Net Non Operating Interest Income Expense": -7696000.0,
        "Interest Expense Non Operating": 7696000.0,
        "Operating Income": 11986000.0,
        "Operating Expense": 57092000.0,
        "Depreciation Amortization Depletion Income Statement": 14700000.0,
        "Depreciation And Amortization In Income Statement": 14700000.0,
        "Research And Development": 5924000.0,
        "Selling General And Administration": 36468000.0,
        "Gross Profit": 69078000.0,
        "Cost Of Revenue": 37708000.0,
        "Total Revenue": 106786000.0,
        "Operating Revenue": 106786000.0
    },
    "2022-12-31": {
        "Tax Effect Of Unusual Items": NaN,
        "Tax Rate For Calcs": NaN,
        "Normalized EBITDA": NaN,
        "Total Unusual Items": NaN,
        "Total Unusual Items Excluding Goodwill": NaN,
        "Net Income From Continuing Operation Net Minority Interest": NaN,
        "Reconciled Depreciation": NaN,
        "Reconciled Cost Of Revenue": NaN,
        "EBITDA": NaN,
        "EBIT": NaN,
        "Net Interest Income": NaN,
        "Interest Expense": NaN,
        "Normalized Income": NaN,
        "Net Income From Continuing And Discontinued Operation": NaN,
        "Total Expenses": NaN,
        "Total Operating Income As Reported": NaN,
        "Diluted Average Shares": 16325000.0,
        "Basic Average Shares": 16325000.0,
        "Diluted EPS": -0.28,
        "Basic EPS": -0.28,
        "Diluted NI Availto Com Stockholders": NaN,
        "Net Income Common Stockholders": NaN,
        "Preferred Stock Dividends": NaN,
        "Net Income": NaN,
        "Net Income Including Noncontrolling Interests": NaN,
        "Net Income Continuous Operations": NaN,
        "Tax Provision": NaN,
        "Pretax Income": NaN,
        "Other Income Expense": NaN,
        "Other Non Operating Income Expenses": NaN,
        "Special Income Charges": NaN,
        "Gain On Sale Of Ppe": NaN,
        "Impairment Of Capital Assets": 0.0,
        "Restructuring And Mergern Acquisition": NaN,
        "Gain On Sale Of Security": NaN,
        "Net Non Operating Interest Income Expense": NaN,
        "Interest Expense Non Operating": NaN,
        "Operating Income": NaN,
        "Operating Expense": NaN,
        "Depreciation Amortization Depletion Income Statement": NaN,
        "Depreciation And Amortization In Income Statement": NaN,
        "Research And Development": NaN,
        "Selling General And Administration": NaN,
        "Gross Profit": NaN,
        "Cost Of Revenue": NaN,
        "Total Revenue": NaN,
        "Operating Revenue": NaN
    },
    "2022-09-30": {
        "Tax Effect Of Unusual Items": NaN,
        "Tax Rate For Calcs": NaN,
        "Normalized EBITDA": NaN,
        "Total Unusual Items": NaN,
        "Total Unusual Items Excluding Goodwill": NaN,
        "Net Income From Continuing Operation Net Minority Interest": NaN,
        "Reconciled Depreciation": NaN,
        "Reconciled Cost Of Revenue": NaN,
        "EBITDA": NaN,
        "EBIT": NaN,
        "Net Interest Income": NaN,
        "Interest Expense": NaN,
        "Normalized Income": NaN,
        "Net Income From Continuing And Discontinued Operation": NaN,
        "Total Expenses": NaN,
        "Total Operating Income As Reported": NaN,
        "Diluted Average Shares": NaN,
        "Basic Average Shares": NaN,
        "Diluted EPS": NaN,
        "Basic EPS": NaN,
        "Diluted NI Availto Com Stockholders": NaN,
        "Net Income Common Stockholders": NaN,
        "Preferred Stock Dividends": NaN,
        "Net Income": NaN,
        "Net Income Including Noncontrolling Interests": NaN,
        "Net Income Continuous Operations": NaN,
        "Tax Provision": NaN,
        "Pretax Income": NaN,
        "Other Income Expense": NaN,
        "Other Non Operating Income Expenses": NaN,
        "Special Income Charges": NaN,
        "Gain On Sale Of Ppe": NaN,
        "Impairment Of Capital Assets": 0.0,
        "Restructuring And Mergern Acquisition": NaN,
        "Gain On Sale Of Security": NaN,
        "Net Non Operating Interest Income Expense": NaN,
        "Interest Expense Non Operating": NaN,
        "Operating Income": NaN,
        "Operating Expense": NaN,
        "Depreciation Amortization Depletion Income Statement": NaN,
        "Depreciation And Amortization In Income Statement": NaN,
        "Research And Development": NaN,
        "Selling General And Administration": NaN,
        "Gross Profit": NaN,
        "Cost Of Revenue": NaN,
        "Total Revenue": NaN,
        "Operating Revenue": NaN
    },
    "2022-06-30": {
        "Tax Effect Of Unusual Items": -328481.507068,
        "Tax Rate For Calcs": 0.206983,
        "Normalized EBITDA": 3202000.0,
        "Total Unusual Items": -1587000.0,
        "Total Unusual Items Excluding Goodwill": -1587000.0,
        "Net Income From Continuing Operation Net Minority Interest": -14923000.0,
        "Reconciled Depreciation": 13764000.0,
        "Reconciled Cost Of Revenue": 35294000.0,
        "EBITDA": 1615000.0,
        "EBIT": -12149000.0,
        "Net Interest Income": -6669000.0,
        "Interest Expense": 6669000.0,
        "Normalized Income": -13664481.507068,
        "Net Income From Continuing And Discontinued Operation": -14923000.0,
        "Total Expenses": 85181000.0,
        "Total Operating Income As Reported": -12913000.0,
        "Diluted Average Shares": 16272000.0,
        "Basic Average Shares": 16272000.0,
        "Diluted EPS": -0.94,
        "Basic EPS": -0.94,
        "Diluted NI Availto Com Stockholders": -15330000.0,
        "Net Income Common Stockholders": -15330000.0,
        "Preferred Stock Dividends": 407000.0,
        "Net Income": -14923000.0,
        "Net Income Including Noncontrolling Interests": -14923000.0,
        "Net Income Continuous Operations": -14923000.0,
        "Tax Provision": -3895000.0,
        "Pretax Income": -18818000.0,
        "Other Income Expense": -823000.0,
        "Other Non Operating Income Expenses": 764000.0,
        "Special Income Charges": -1587000.0,
        "Impairment Of Capital Assets": 112000.0,
        "Restructuring And Mergern Acquisition": 1475000.0,
        "Net Non Operating Interest Income Expense": -6669000.0,
        "Interest Expense Non Operating": 6669000.0,
        "Operating Income": -11326000.0,
        "Operating Expense": 49887000.0,
        "Depreciation Amortization Depletion Income Statement": 13764000.0,
        "Depreciation And Amortization In Income Statement": 13764000.0,
        "Research And Development": 4165000.0,
        "Selling General And Administration": 31958000.0,
        "Gross Profit": 38561000.0,
        "Cost Of Revenue": 35294000.0,
        "Total Revenue": 73855000.0,
        "Operating Revenue": 73855000.0
    },
    "2022-03-31": {
        "Diluted EPS": -1.27,
        "Total Revenue": 64,
        "Gross Profit": 30,
        "Operating Income": -19,
        "EBIT": -5,
        "Net Income": -21
    },
    "2021-12-31": {
        "Diluted EPS": -1.87,
        "Total Revenue": 61,
        "Gross Profit": 27,
        "Operating Income": -24,
        "EBIT": -10,
        "Net Income": -24
    },
    "2021-09-30": {
        "Diluted EPS": -0.37,
        "Total Revenue": 52,
        "Gross Profit": 28,
        "Operating Income": -4,
        "EBIT": 8,
        "Net Income": -4
    },
    "2021-06-30": {
        "Diluted EPS": -1.17,
        "Total Revenue": 49,
        "Gross Profit": 26,
        "Operating Income": -16,
        "EBIT": -4,
        "Net Income": -14
    },
    "2021-03-31": {
        "Diluted EPS": 0.01,
        "Total Revenue": 55,
        "Gross Profit": 35,
        "Operating Income": 3,
        "EBIT": 14,
        "Net Income": 0
    },
    "2020-12-31": {
        "Diluted EPS": -0.3,
        "Total Revenue": 57,
        "Gross Profit": 33,
        "Operating Income": 0,
        "EBIT": 11,
        "Net Income": -4
    },
    "2020-09-30": {
        "Diluted EPS": 0.04,
        "Total Revenue": 53,
        "Gross Profit": 33,
        "Operating Income": 3,
        "EBIT": 14,
        "Net Income": 0
    },
    "2020-06-30": {
        "Diluted EPS": -1.03,
        "Total Revenue": 48,
        "Gross Profit": 28,
        "Operating Income": -11,
        "EBIT": 0,
        "Net Income": -12
    },
    "2020-03-31": {
        "Diluted EPS": -0.59,
        "Total Revenue": 50,
        "Gross Profit": 28,
        "Operating Income": -8,
        "EBIT": 3,
        "Net Income": -7
    },
    "2019-12-31": {
        "Diluted EPS": -0.39,
        "Total Revenue": 48,
        "Gross Profit": 30,
        "Operating Income": -5,
        "EBIT": 5,
        "Net Income": -5
    },
    "2019-09-30": {
        "Diluted EPS": 0.32,
        "Total Revenue": 51,
        "Gross Profit": 36,
        "Operating Income": 7,
        "EBIT": 17,
        "Net Income": 4
    },
    "2019-06-30": {
        "Diluted EPS": 0.53,
        "Total Revenue": 54,
        "Gross Profit": 39,
        "Operating Income": 9,
        "EBIT": 19,
        "Net Income": 6
    },
    "2019-03-31": {
        "Diluted EPS": 0.04,
        "Total Revenue": 53,
        "Gross Profit": 38,
        "Operating Income": 4,
        "EBIT": 21,
        "Net Income": 0
    },
    "2018-12-31": {
        "Diluted EPS": 0.46,
        "Total Revenue": 57,
        "Gross Profit": 37,
        "Operating Income": 11,
        "EBIT": 20,
        "Net Income": 5
    },
    "2018-09-30": {
        "Diluted EPS": 0.42,
        "Total Revenue": 51,
        "Gross Profit": 35,
        "Operating Income": 10,
        "EBIT": 19,
        "Net Income": 5
    },
    "2018-06-30": {
        "Diluted EPS": 0.23,
        "Total Revenue": 47,
        "Gross Profit": 31,
        "Operating Income": 7,
        "EBIT": 16,
        "Net Income": 3
    },
    "2018-03-31": {
        "Diluted EPS": 0.19,
        "Total Revenue": 46,
        "Gross Profit": 26,
        "Operating Income": 7,
        "EBIT": 15,
        "Net Income": 2
    },
    "2017-12-31": {
        "Diluted EPS": -0.82,
        "Total Revenue": 47,
        "Gross Profit": 27,
        "Operating Income": 7,
        "EBIT": 14,
        "Net Income": -10
    },
    "2017-09-30": {
        "Diluted EPS": 0.4,
        "Total Revenue": 48,
        "Gross Profit": 27,
        "Operating Income": 9,
        "EBIT": 16,
        "Net Income": 5
    },
    "2017-06-30": {
        "Diluted EPS": 0.23,
        "Total Revenue": 45,
        "Gross Profit": 24,
        "Operating Income": 7,
        "EBIT": 14,
        "Net Income": 3
    },
    "2017-03-31": {
        "Diluted EPS": 0.1,
        "Total Revenue": 37,
        "Gross Profit": 20,
        "Operating Income": 5,
        "EBIT": 11,
        "Net Income": 1
    },
    "2016-12-31": {
        "Diluted EPS": -0.1,
        "Total Revenue": 38,
        "Gross Profit": 21,
        "Operating Income": 1,
        "EBIT": 7,
        "Net Income": -1
    },
    "2016-09-30": {
        "Diluted EPS": 0.22,
        "Total Revenue": 39,
        "Gross Profit": 22,
        "Operating Income": 8,
        "EBIT": 14,
        "Net Income": 3
    },
    "2016-06-30": {
        "Diluted EPS": 0.1,
        "Total Revenue": 31,
        "Gross Profit": 20,
        "Operating Income": 5,
        "EBIT": 11,
        "Net Income": 1
    },
    "2016-03-31": {
        "Diluted EPS": 0.12,
        "Total Revenue": 21,
        "Gross Profit": 17,
        "Operating Income": 6,
        "EBIT": 10,
        "Net Income": 1
    },
    "2015-12-31": {
        "Diluted EPS": 0.24,
        "Total Revenue": 18,
        "Gross Profit": 14,
        "Operating Income": 6,
        "EBIT": 8,
        "Net Income": 3
    },
    "2015-09-30": {
        "Diluted EPS": 0.39,
        "Total Revenue": 20,
        "Gross Profit": 17,
        "Operating Income": 8,
        "EBIT": 10,
        "Net Income": 5
    },
    "2015-06-30": {
        "Diluted EPS": 0.31,
        "Total Revenue": 20,
        "Gross Profit": 16,
        "Operating Income": 8,
        "EBIT": 10,
        "Net Income": 4
    },
    "2015-03-31": {
        "Diluted EPS": 0.38,
        "Total Revenue": 19,
        "Gross Profit": 16,
        "Operating Income": 10,
        "EBIT": 11,
        "Net Income": 4
    },
    "2014-12-31": {
        "Diluted EPS": 1.88,
        "Total Revenue": 21,
        "Gross Profit": 17,
        "Operating Income": 11,
        "EBIT": 12,
        "Net Income": 21
    },
    "2014-09-30": {
        "Diluted EPS": 0.59,
        "Total Revenue": 17,
        "Gross Profit": 14,
        "Operating Income": 8,
        "EBIT": 9,
        "Net Income": 7
    },
    "2014-06-30": {
        "Diluted EPS": -0.21,
        "Total Revenue": 7,
        "Gross Profit": 5,
        "Operating Income": -2,
        "EBIT": -2,
        "Net Income": -2
    },
    "2014-03-31": {
        "Diluted EPS": 0.33,
        "Total Revenue": 11,
        "Gross Profit": 8,
        "Operating Income": 3,
        "EBIT": 4,
        "Net Income": 3
    },
    "2013-12-31": {
        "Diluted EPS": 4.98,
        "Total Revenue": 11,
        "Gross Profit": 8,
        "Operating Income": 3,
        "EBIT": 4,
        "Net Income": 3
    },
    "2013-09-30": {
        "Diluted EPS": 0.13,
        "Total Revenue": 8,
        "Gross Profit": 5,
        "Operating Income": 1,
        "EBIT": 1,
        "Net Income": 1
    },
    "2013-06-30": {
        "Diluted EPS": -6.03,
        "Total Revenue": 6,
        "Gross Profit": 4,
        "Operating Income": -4,
        "EBIT": -4,
        "Net Income": -7
    },
    "2013-03-31": {
        "Diluted EPS": 0.0,
        "Total Revenue": 6,
        "Gross Profit": 3,
        "Operating Income": 0,
        "EBIT": 1,
        "Net Income": -2
    },
    "2012-12-31": {
        "Diluted EPS": 0.0,
        "Total Revenue": 10,
        "Gross Profit": 5,
        "Operating Income": 7,
        "EBIT": 7,
        "Net Income": 6
    },
    "2012-09-30": {
        "Diluted EPS": NaN,
        "Total Revenue": 5,
        "Gross Profit": 3,
        "Operating Income": 0,
        "EBIT": 0,
        "Net Income": -3
    },
    "2012-06-30": {
        "Diluted EPS": NaN,
        "Total Revenue": 5,
        "Gross Profit": 3,
        "Operating Income": 1,
        "EBIT": 1,
        "Net Income": -1
    },
    "2012-03-31": {
        "Diluted EPS": -3.18,
        "Total Revenue": 0,
        "Gross Profit": 0,
        "Operating Income": -7,
        "EBIT": -7,
        "Net Income": -10
    },
    "2011-12-31": {
        "Diluted EPS": -1.56,
        "Total Revenue": 0,
        "Gross Profit": 0,
        "Operating Income": -8,
        "EBIT": -8,
        "Net Income": -7
    },
    "2011-09-30": {
        "Diluted EPS": -4.38,
        "Total Revenue": 0,
        "Gross Profit": 0,
        "Operating Income": -13,
        "EBIT": -13,
        "Net Income": -13
    },
    "2011-06-30": {
        "Diluted EPS": -5.76,
        "Total Revenue": 0,
        "Gross Profit": 0,
        "Operating Income": -13,
        "EBIT": -13,
        "Net Income": -15
    },
    "2011-03-31": {
        "Diluted EPS": -7.2,
        "Total Revenue": 0,
        "Gross Profit": 0,
        "Operating Income": -16,
        "EBIT": -16,
        "Net Income": -17
    },
    "2010-12-31": {
        "Diluted EPS": -6.54,
        "Total Revenue": 0,
        "Gross Profit": 0,
        "Operating Income": -13,
        "EBIT": -13,
        "Net Income": -13
    },
    "2010-09-30": {
        "Diluted EPS": -5.76,
        "Total Revenue": 0,
        "Gross Profit": 0,
        "Operating Income": -11,
        "EBIT": -11,
        "Net Income": -12
    },
    "2010-06-30": {
        "Diluted EPS": -6.12,
        "Total Revenue": NaN,
        "Gross Profit": NaN,
        "Operating Income": -10,
        "EBIT": -10,
        "Net Income": -11
    },
    "2010-03-31": {
        "Diluted EPS": -6.84,
        "Total Revenue": 2,
        "Gross Profit": 2,
        "Operating Income": -9,
        "EBIT": -9,
        "Net Income": -11
    },
    "2009-12-31": {
        "Diluted EPS": -31.31,
        "Total Revenue": 1,
        "Gross Profit": 1,
        "Operating Income": -32,
        "EBIT": -32,
        "Net Income": -32
    },
    "2009-09-30": {
        "Diluted EPS": -7.56,
        "Total Revenue": 0,
        "Gross Profit": 0,
        "Operating Income": -6,
        "EBIT": -6,
        "Net Income": -6
    },
    "2009-06-30": {
        "Diluted EPS": -6.12,
        "Total Revenue": 0,
        "Gross Profit": 0,
        "Operating Income": -5,
        "EBIT": -5,
        "Net Income": -5
    },
    "2009-03-31": {
        "Diluted EPS": -5.4,
        "Total Revenue": 0,
        "Gross Profit": 0,
        "Operating Income": -4,
        "EBIT": -4,
        "Net Income": -4
    },
    "2023-06-30": {
        "Tax Effect Of Unusual Items": -217770.0,
        "Tax Rate For Calcs": 0.21,
        "Normalized EBITDA": 28076000.0,
        "Total Unusual Items": -1037000.0,
        "Total Unusual Items Excluding Goodwill": -1037000.0,
        "Net Income From Continuing Operation Net Minority Interest": 6245000.0,
        "Reconciled Depreciation": 14690000.0,
        "Reconciled Cost Of Revenue": 42284000.0,
        "EBITDA": 27039000.0,
        "EBIT": 12349000.0,
        "Net Interest Income": -7100000.0,
        "Interest Expense": 7100000.0,
        "Normalized Income": 7064230.0,
        "Net Income From Continuing And Discontinued Operation": 6245000.0,
        "Total Expenses": 103108000.0,
        "Total Operating Income As Reported": 12402000.0,
        "Diluted Average Shares": 17855000.0,
        "Basic Average Shares": 17688000.0,
        "Diluted EPS": 0.29,
        "Basic EPS": 0.3,
        "Diluted NI Availto Com Stockholders": 5838000.0,
        "Net Income Common Stockholders": 5838000.0,
        "Preferred Stock Dividends": 407000.0,
        "Net Income": 6245000.0,
        "Net Income Including Noncontrolling Interests": 6245000.0,
        "Net Income Continuous Operations": 6245000.0,
        "Tax Provision": -996000.0,
        "Pretax Income": 5249000.0,
        "Other Income Expense": -1090000.0,
        "Other Non Operating Income Expenses": -53000.0,
        "Special Income Charges": -1037000.0,
        "Gain On Sale Of Ppe": NaN,
        "Impairment Of Capital Assets": 0.0,
        "Restructuring And Mergern Acquisition": 1037000.0,
        "Gain On Sale Of Security": NaN,
        "Net Non Operating Interest Income Expense": -7100000.0,
        "Interest Expense Non Operating": 7100000.0,
        "Operating Income": 13439000.0,
        "Operating Expense": 60824000.0,
        "Depreciation Amortization Depletion Income Statement": 14690000.0,
        "Depreciation And Amortization In Income Statement": 14690000.0,
        "Research And Development": 7374000.0,
        "Selling General And Administration": 38760000.0,
        "Gross Profit": 74263000.0,
        "Cost Of Revenue": 42284000.0,
        "Total Revenue": 116547000.0,
        "Operating Revenue": 116547000.0
    },
    "2023-09-30": {
        "Tax Effect Of Unusual Items": 348701.676657,
        "Tax Rate For Calcs": 0.136478,
        "Normalized EBITDA": 30561000.0,
        "Total Unusual Items": 2555000.0,
        "Total Unusual Items Excluding Goodwill": 2555000.0,
        "Net Income From Continuing Operation Net Minority Interest": 9940000.0,
        "Reconciled Depreciation": 15207000.0,
        "Reconciled Cost Of Revenue": 48101000.0,
        "EBITDA": 33116000.0,
        "EBIT": 17909000.0,
        "Net Interest Income": -6398000.0,
        "Interest Expense": 6398000.0,
        "Normalized Income": 7733701.676657,
        "Net Income From Continuing And Discontinued Operation": 9940000.0,
        "Total Expenses": 116436000.0,
        "Total Operating Income As Reported": 17948000.0,
        "Diluted Average Shares": 19125000.0,
        "Basic Average Shares": 18883000.0,
        "Diluted EPS": 0.45,
        "Basic EPS": 0.46,
        "Diluted NI Availto Com Stockholders": 9534000.0,
        "Net Income Common Stockholders": 9534000.0,
        "Preferred Stock Dividends": 406000.0,
        "Net Income": 9940000.0,
        "Net Income Including Noncontrolling Interests": 9940000.0,
        "Net Income Continuous Operations": 9940000.0,
        "Tax Provision": 1571000.0,
        "Pretax Income": 11511000.0,
        "Other Income Expense": 2516000.0,
        "Other Non Operating Income Expenses": -39000.0,
        "Special Income Charges": 2555000.0,
        "Gain On Sale Of Ppe": NaN,
        "Impairment Of Capital Assets": 0.0,
        "Restructuring And Mergern Acquisition": -2555000.0,
        "Gain On Sale Of Security": NaN,
        "Net Non Operating Interest Income Expense": -6398000.0,
        "Interest Expense Non Operating": 6398000.0,
        "Operating Income": 15393000.0,
        "Operating Expense": 68335000.0,
        "Depreciation Amortization Depletion Income Statement": 15207000.0,
        "Depreciation And Amortization In Income Statement": 15207000.0,
        "Research And Development": 11121000.0,
        "Selling General And Administration": 42007000.0,
        "Gross Profit": 83728000.0,
        "Cost Of Revenue": 48101000.0,
        "Total Revenue": 131829000.0,
        "Operating Revenue": 131829000.0
    },
    "2023-12-31": {
        "Tax Effect Of Unusual Items": -416850.0,
        "Tax Rate For Calcs": 0.21,
        "Normalized EBITDA": 23872000.0,
        "Total Unusual Items": -1985000.0,
        "Total Unusual Items Excluding Goodwill": -1985000.0,
        "Net Income From Continuing Operation Net Minority Interest": 1155000.0,
        "Reconciled Depreciation": 15194000.0,
        "Reconciled Cost Of Revenue": 53420000.0,
        "EBITDA": 21887000.0,
        "EBIT": 6693000.0,
        "Net Interest Income": -5746000.0,
        "Interest Expense": 5746000.0,
        "Normalized Income": 2723150.0,
        "Net Income From Continuing And Discontinued Operation": 1155000.0,
        "Total Expenses": 122943000.0,
        "Total Operating Income As Reported": 6726000.0,
        "Diluted Average Shares": NaN,
        "Basic Average Shares": NaN,
        "Diluted EPS": NaN,
        "Basic EPS": NaN,
        "Diluted NI Availto Com Stockholders": 749000.0,
        "Net Income Common Stockholders": 749000.0,
        "Preferred Stock Dividends": 406000.0,
        "Net Income": 1155000.0,
        "Net Income Including Noncontrolling Interests": 1155000.0,
        "Net Income Continuous Operations": 1155000.0,
        "Tax Provision": -208000.0,
        "Pretax Income": 947000.0,
        "Other Income Expense": -2018000.0,
        "Other Non Operating Income Expenses": -33000.0,
        "Special Income Charges": -1985000.0,
        "Gain On Sale Of Ppe": NaN,
        "Impairment Of Capital Assets": 0.0,
        "Restructuring And Mergern Acquisition": 1985000.0,
        "Gain On Sale Of Security": NaN,
        "Net Non Operating Interest Income Expense": -5746000.0,
        "Interest Expense Non Operating": 5746000.0,
        "Operating Income": 8711000.0,
        "Operating Expense": 69523000.0,
        "Depreciation Amortization Depletion Income Statement": 15194000.0,
        "Depreciation And Amortization In Income Statement": 15194000.0,
        "Research And Development": 9867000.0,
        "Selling General And Administration": 44462000.0,
        "Gross Profit": 78234000.0,
        "Cost Of Revenue": 53420000.0,
        "Total Revenue": 131654000.0,
        "Operating Revenue": 131654000.0
    },
    "2024-03-31": {
        "Tax Effect Of Unusual Items": 4190272.0,
        "Tax Rate For Calcs": 0.281,
        "Normalized EBITDA": 29709000.0,
        "Total Unusual Items": 14912000.0,
        "Total Unusual Items Excluding Goodwill": 14912000.0,
        "Net Income From Continuing Operation Net Minority Interest": 18207000.0,
        "Reconciled Depreciation": 14686000.0,
        "Reconciled Cost Of Revenue": 49157000.0,
        "EBITDA": 44621000.0,
        "EBIT": 29935000.0,
        "Net Interest Income": -4600000.0,
        "Interest Expense": 4600000.0,
        "Normalized Income": 7485272.0,
        "Net Income From Continuing And Discontinued Operation": 18207000.0,
        "Total Expenses": 122375000.0,
        "Total Operating Income As Reported": 20312000.0,
        "Diluted Average Shares": 19422000.0,
        "Basic Average Shares": 19099000.0,
        "Diluted EPS": 0.82,
        "Basic EPS": 0.84,
        "Diluted NI Availto Com Stockholders": 17801000.0,
        "Net Income Common Stockholders": 17801000.0,
        "Preferred Stock Dividends": 406000.0,
        "Net Income": 18207000.0,
        "Net Income Including Noncontrolling Interests": 18207000.0,
        "Net Income Continuous Operations": 18207000.0,
        "Tax Provision": 7128000.0,
        "Pretax Income": 25335000.0,
        "Other Income Expense": 14880000.0,
        "Other Non Operating Income Expenses": -32000.0,
        "Special Income Charges": 5257000.0,
        "Gain On Sale Of Ppe": 5347000.0,
        "Impairment Of Capital Assets": NaN,
        "Restructuring And Mergern Acquisition": 90000.0,
        "Gain On Sale Of Security": 9655000.0,
        "Net Non Operating Interest Income Expense": -4600000.0,
        "Interest Expense Non Operating": 4600000.0,
        "Operating Income": 15055000.0,
        "Operating Expense": 73218000.0,
        "Depreciation Amortization Depletion Income Statement": 14686000.0,
        "Depreciation And Amortization In Income Statement": 14686000.0,
        "Research And Development": 10511000.0,
        "Selling General And Administration": 48021000.0,
        "Gross Profit": 88273000.0,
        "Cost Of Revenue": 49157000.0,
        "Total Revenue": 137430000.0,
        "Operating Revenue": 137430000.0
    }
}