{
    "2023-03-31": {
        "Tax Effect Of Unusual Items": NaN,
        "Tax Rate For Calcs": NaN,
        "Normalized EBITDA": NaN,
        "Net Income From Continuing Operation Net Minority Interest": NaN,
        "Reconciled Depreciation": NaN,
        "Reconciled Cost Of Revenue": NaN,
        "EBITDA": NaN,
        "EBIT": NaN,
        "Net Interest Income": NaN,
        "Interest Expense": NaN,
        "Interest Income": NaN,
        "Normalized Income": NaN,
        "Net Income From Continuing And Discontinued Operation": NaN,
        "Total Expenses": NaN,
        "Total Operating Income As Reported": NaN,
        "Diluted Average Shares": 87431000.0,
        "Basic Average Shares": 86930000.0,
        "Diluted EPS": 1.15,
        "Basic EPS": 1.16,
        "Diluted NI Availto Com Stockholders": NaN,
        "Net Income Common Stockholders": NaN,
        "Net Income": NaN,
        "Net Income Including Noncontrolling Interests": NaN,
        "Net Income Continuous Operations": NaN,
        "Tax Provision": NaN,
        "Pretax Income": NaN,
        "Other Income Expense": NaN,
        "Other Non Operating Income Expenses": NaN,
        "Net Non Operating Interest Income Expense": NaN,
        "Interest Expense Non Operating": NaN,
        "Interest Income Non Operating": NaN,
        "Operating Income": NaN,
        "Operating Expense": NaN,
        "Depreciation Amortization Depletion Income Statement": NaN,
        "Depreciation And Amortization In Income Statement": NaN,
        "Amortization": NaN,
        "Amortization Of Intangibles Income Statement": NaN,
        "Research And Development": NaN,
        "Selling General And Administration": NaN,
        "Gross Profit": NaN,
        "Cost Of Revenue": NaN,
        "Total Revenue": NaN,
        "Operating Revenue": NaN
    },
    "2022-12-31": {
        "Tax Effect Of Unusual Items": NaN,
        "Tax Rate For Calcs": NaN,
        "Normalized EBITDA": NaN,
        "Net Income From Continuing Operation Net Minority Interest": NaN,
        "Reconciled Depreciation": NaN,
        "Reconciled Cost Of Revenue": NaN,
        "EBITDA": NaN,
        "EBIT": NaN,
        "Net Interest Income": NaN,
        "Interest Expense": NaN,
        "Interest Income": NaN,
        "Normalized Income": NaN,
        "Net Income From Continuing And Discontinued Operation": NaN,
        "Total Expenses": NaN,
        "Total Operating Income As Reported": NaN,
        "Diluted Average Shares": 87473000.0,
        "Basic Average Shares": 87017000.0,
        "Diluted EPS": 2.95,
        "Basic EPS": 2.96,
        "Diluted NI Availto Com Stockholders": NaN,
        "Net Income Common Stockholders": NaN,
        "Net Income": NaN,
        "Net Income Including Noncontrolling Interests": NaN,
        "Net Income Continuous Operations": NaN,
        "Tax Provision": NaN,
        "Pretax Income": NaN,
        "Other Income Expense": NaN,
        "Other Non Operating Income Expenses": NaN,
        "Net Non Operating Interest Income Expense": NaN,
        "Interest Expense Non Operating": NaN,
        "Interest Income Non Operating": NaN,
        "Operating Income": NaN,
        "Operating Expense": NaN,
        "Depreciation Amortization Depletion Income Statement": NaN,
        "Depreciation And Amortization In Income Statement": NaN,
        "Amortization": NaN,
        "Amortization Of Intangibles Income Statement": NaN,
        "Research And Development": NaN,
        "Selling General And Administration": NaN,
        "Gross Profit": NaN,
        "Cost Of Revenue": NaN,
        "Total Revenue": NaN,
        "Operating Revenue": NaN
    },
    "2022-09-30": {
        "Tax Effect Of Unusual Items": 0.0,
        "Tax Rate For Calcs": 0.187,
        "Normalized EBITDA": 152300000.0,
        "Net Income From Continuing Operation Net Minority Interest": 95975000.0,
        "Reconciled Depreciation": 28227000.0,
        "Reconciled Cost Of Revenue": 37561000.0,
        "EBITDA": 152300000.0,
        "EBIT": 124073000.0,
        "Net Interest Income": -4747000.0,
        "Interest Expense": 6092000.0,
        "Interest Income": 1345000.0,
        "Normalized Income": 95975000.0,
        "Net Income From Continuing And Discontinued Operation": 95975000.0,
        "Total Expenses": 349127000.0,
        "Total Operating Income As Reported": 123384000.0,
        "Diluted Average Shares": 87418000.0,
        "Basic Average Shares": 87063000.0,
        "Diluted EPS": 1.1,
        "Basic EPS": 1.1,
        "Diluted NI Availto Com Stockholders": 95975000.0,
        "Net Income Common Stockholders": 95975000.0,
        "Net Income": 95975000.0,
        "Net Income Including Noncontrolling Interests": 95975000.0,
        "Net Income Continuous Operations": 95975000.0,
        "Tax Provision": 22006000.0,
        "Pretax Income": 117981000.0,
        "Other Income Expense": -656000.0,
        "Other Non Operating Income Expenses": -656000.0,
        "Net Non Operating Interest Income Expense": -4747000.0,
        "Interest Expense Non Operating": 6092000.0,
        "Interest Income Non Operating": 1345000.0,
        "Operating Income": 123384000.0,
        "Operating Expense": 287160000.0,
        "Depreciation Amortization Depletion Income Statement": 3821000.0,
        "Depreciation And Amortization In Income Statement": 3821000.0,
        "Amortization": 3821000.0,
        "Amortization Of Intangibles Income Statement": 3821000.0,
        "Research And Development": 108056000.0,
        "Selling General And Administration": 175283000.0,
        "Gross Profit": 410544000.0,
        "Cost Of Revenue": 61967000.0,
        "Total Revenue": 472511000.0,
        "Operating Revenue": 472511000.0
    },
    "2022-06-30": {
        "Tax Effect Of Unusual Items": 0.0,
        "Tax Rate For Calcs": 0.196,
        "Normalized EBITDA": 156435000.0,
        "Net Income From Continuing Operation Net Minority Interest": 98800000.0,
        "Reconciled Depreciation": 28932000.0,
        "Reconciled Cost Of Revenue": 37584000.0,
        "EBITDA": 156435000.0,
        "EBIT": 127503000.0,
        "Net Interest Income": -4340000.0,
        "Interest Expense": 4609000.0,
        "Interest Income": 269000.0,
        "Normalized Income": 98800000.0,
        "Net Income From Continuing And Discontinued Operation": 98800000.0,
        "Total Expenses": 345840000.0,
        "Total Operating Income As Reported": 128010000.0,
        "Diluted Average Shares": 87321000.0,
        "Basic Average Shares": 87001000.0,
        "Diluted EPS": 1.13,
        "Basic EPS": 1.14,
        "Diluted NI Availto Com Stockholders": 98800000.0,
        "Net Income Common Stockholders": 98800000.0,
        "Net Income": 98800000.0,
        "Net Income Including Noncontrolling Interests": 98800000.0,
        "Net Income Continuous Operations": 98800000.0,
        "Tax Provision": 24094000.0,
        "Pretax Income": 122894000.0,
        "Other Income Expense": -776000.0,
        "Other Non Operating Income Expenses": -776000.0,
        "Net Non Operating Interest Income Expense": -4340000.0,
        "Interest Expense Non Operating": 4609000.0,
        "Interest Income Non Operating": 269000.0,
        "Operating Income": 128010000.0,
        "Operating Expense": 283353000.0,
        "Depreciation Amortization Depletion Income Statement": 4029000.0,
        "Depreciation And Amortization In Income Statement": 4029000.0,
        "Amortization": 4029000.0,
        "Amortization Of Intangibles Income Statement": 4029000.0,
        "Research And Development": 108941000.0,
        "Selling General And Administration": 170383000.0,
        "Gross Profit": 411363000.0,
        "Cost Of Revenue": 62487000.0,
        "Total Revenue": 473850000.0,
        "Operating Revenue": 473850000.0
    },
    "2023-06-30": {
        "Tax Effect Of Unusual Items": NaN,
        "Tax Rate For Calcs": NaN,
        "Normalized EBITDA": NaN,
        "Net Income From Continuing Operation Net Minority Interest": NaN,
        "Reconciled Depreciation": NaN,
        "Reconciled Cost Of Revenue": NaN,
        "EBITDA": NaN,
        "EBIT": NaN,
        "Net Interest Income": NaN,
        "Interest Expense": NaN,
        "Interest Income": NaN,
        "Normalized Income": NaN,
        "Net Income From Continuing And Discontinued Operation": NaN,
        "Total Expenses": NaN,
        "Total Operating Income As Reported": NaN,
        "Diluted Average Shares": 87192000.0,
        "Basic Average Shares": 86696000.0,
        "Diluted EPS": 0.8,
        "Basic EPS": 0.8,
        "Diluted NI Availto Com Stockholders": NaN,
        "Net Income Common Stockholders": NaN,
        "Net Income": NaN,
        "Net Income Including Noncontrolling Interests": NaN,
        "Net Income Continuous Operations": NaN,
        "Tax Provision": NaN,
        "Pretax Income": NaN,
        "Other Income Expense": NaN,
        "Other Non Operating Income Expenses": NaN,
        "Net Non Operating Interest Income Expense": NaN,
        "Interest Expense Non Operating": NaN,
        "Interest Income Non Operating": NaN,
        "Operating Income": NaN,
        "Operating Expense": NaN,
        "Depreciation Amortization Depletion Income Statement": NaN,
        "Depreciation And Amortization In Income Statement": NaN,
        "Amortization": NaN,
        "Amortization Of Intangibles Income Statement": NaN,
        "Research And Development": NaN,
        "Selling General And Administration": NaN,
        "Gross Profit": NaN,
        "Cost Of Revenue": NaN,
        "Total Revenue": NaN,
        "Operating Revenue": NaN
    },
    "2022-03-31": {
        "Diluted EPS": 0.81,
        "Total Revenue": 425,
        "Gross Profit": 360,
        "Operating Income": 81,
        "EBIT": 116,
        "Net Income": 71
    },
    "2021-12-31": {
        "Diluted EPS": 2.31,
        "Total Revenue": 656,
        "Gross Profit": 587,
        "Operating Income": 239,
        "EBIT": 271,
        "Net Income": 203
    },
    "2021-09-30": {
        "Diluted EPS": 0.97,
        "Total Revenue": 441,
        "Gross Profit": 378,
        "Operating Income": 108,
        "EBIT": 140,
        "Net Income": 85
    },
    "2021-06-30": {
        "Diluted EPS": 1.06,
        "Total Revenue": 447,
        "Gross Profit": 382,
        "Operating Income": 117,
        "EBIT": 149,
        "Net Income": 94
    },
    "2021-03-31": {
        "Diluted EPS": 0.82,
        "Total Revenue": 363,
        "Gross Profit": 301,
        "Operating Income": 50,
        "EBIT": 83,
        "Net Income": 72
    },
    "2020-12-31": {
        "Diluted EPS": 2.46,
        "Total Revenue": 624,
        "Gross Profit": 556,
        "Operating Income": 259,
        "EBIT": 288,
        "Net Income": 216
    },
    "2020-09-30": {
        "Diluted EPS": 0.87,
        "Total Revenue": 367,
        "Gross Profit": 314,
        "Operating Income": 90,
        "EBIT": 116,
        "Net Income": 76
    },
    "2020-06-30": {
        "Diluted EPS": 1.11,
        "Total Revenue": 386,
        "Gross Profit": 332,
        "Operating Income": 113,
        "EBIT": 139,
        "Net Income": 97
    },
    "2020-03-31": {
        "Diluted EPS": 0.53,
        "Total Revenue": 305,
        "Gross Profit": 255,
        "Operating Income": 34,
        "EBIT": 60,
        "Net Income": 46
    },
    "2019-12-31": {
        "Diluted EPS": 1.92,
        "Total Revenue": 486,
        "Gross Profit": 437,
        "Operating Income": 186,
        "EBIT": 209,
        "Net Income": 166
    },
    "2019-09-30": {
        "Diluted EPS": 1.04,
        "Total Revenue": 344,
        "Gross Profit": 303,
        "Operating Income": 105,
        "EBIT": 125,
        "Net Income": 89
    },
    "2019-06-30": {
        "Diluted EPS": 1.28,
        "Total Revenue": 369,
        "Gross Profit": 328,
        "Operating Income": 129,
        "EBIT": 147,
        "Net Income": 110
    },
    "2019-03-31": {
        "Diluted EPS": 1.01,
        "Total Revenue": 317,
        "Gross Profit": 282,
        "Operating Income": 96,
        "EBIT": 114,
        "Net Income": 86
    },
    "2018-12-31": {
        "Diluted EPS": 1.78,
        "Total Revenue": 415,
        "Gross Profit": 375,
        "Operating Income": 180,
        "EBIT": 192,
        "Net Income": 153
    },
    "2018-09-30": {
        "Diluted EPS": 1.04,
        "Total Revenue": 289,
        "Gross Profit": 253,
        "Operating Income": 93,
        "EBIT": 107,
        "Net Income": 89
    },
    "2018-06-30": {
        "Diluted EPS": 1.08,
        "Total Revenue": 306,
        "Gross Profit": 265,
        "Operating Income": 109,
        "EBIT": 126,
        "Net Income": 93
    },
    "2018-03-31": {
        "Diluted EPS": 0.98,
        "Total Revenue": 283,
        "Gross Profit": 244,
        "Operating Income": 95,
        "EBIT": 112,
        "Net Income": 84
    },
    "2017-12-31": {
        "Diluted EPS": 0.6,
        "Total Revenue": 302,
        "Gross Profit": 262,
        "Operating Income": 101,
        "EBIT": 118,
        "Net Income": 53
    },
    "2017-09-30": {
        "Diluted EPS": 0.85,
        "Total Revenue": 276,
        "Gross Profit": 240,
        "Operating Income": 106,
        "EBIT": 123,
        "Net Income": 74
    },
    "2017-06-30": {
        "Diluted EPS": 0.8,
        "Total Revenue": 264,
        "Gross Profit": 228,
        "Operating Income": 98,
        "EBIT": 115,
        "Net Income": 70
    },
    "2017-03-31": {
        "Diluted EPS": 0.73,
        "Total Revenue": 253,
        "Gross Profit": 216,
        "Operating Income": 85,
        "EBIT": 102,
        "Net Income": 63
    },
    "2016-12-31": {
        "Diluted EPS": 0.8,
        "Total Revenue": 271,
        "Gross Profit": 232,
        "Operating Income": 97,
        "EBIT": 114,
        "Net Income": 70
    },
    "2016-09-30": {
        "Diluted EPS": 0.78,
        "Total Revenue": 246,
        "Gross Profit": 210,
        "Operating Income": 100,
        "EBIT": 118,
        "Net Income": 70
    },
    "2016-06-30": {
        "Diluted EPS": 0.78,
        "Total Revenue": 246,
        "Gross Profit": 209,
        "Operating Income": 94,
        "EBIT": 112,
        "Net Income": 70
    },
    "2016-03-31": {
        "Diluted EPS": 0.63,
        "Total Revenue": 226,
        "Gross Profit": 191,
        "Operating Income": 85,
        "EBIT": 102,
        "Net Income": 56
    },
    "2015-12-31": {
        "Diluted EPS": 0.75,
        "Total Revenue": 252,
        "Gross Profit": 215,
        "Operating Income": 97,
        "EBIT": 116,
        "Net Income": 68
    },
    "2015-09-30": {
        "Diluted EPS": 0.72,
        "Total Revenue": 238,
        "Gross Profit": 201,
        "Operating Income": 90,
        "EBIT": 110,
        "Net Income": 66
    },
    "2015-06-30": {
        "Diluted EPS": 0.68,
        "Total Revenue": 235,
        "Gross Profit": 198,
        "Operating Income": 86,
        "EBIT": 106,
        "Net Income": 62
    },
    "2015-03-31": {
        "Diluted EPS": 0.61,
        "Total Revenue": 218,
        "Gross Profit": 182,
        "Operating Income": 80,
        "EBIT": 99,
        "Net Income": 56
    },
    "2014-12-31": {
        "Diluted EPS": 0.73,
        "Total Revenue": 254,
        "Gross Profit": 215,
        "Operating Income": 94,
        "EBIT": 115,
        "Net Income": 70
    },
    "2014-09-30": {
        "Diluted EPS": 0.7,
        "Total Revenue": 234,
        "Gross Profit": 197,
        "Operating Income": 91,
        "EBIT": 112,
        "Net Income": 65
    },
    "2014-06-30": {
        "Diluted EPS": 0.67,
        "Total Revenue": 232,
        "Gross Profit": 194,
        "Operating Income": 84,
        "EBIT": 104,
        "Net Income": 63
    },
    "2014-03-31": {
        "Diluted EPS": 0.6,
        "Total Revenue": 215,
        "Gross Profit": 178,
        "Operating Income": 79,
        "EBIT": 99,
        "Net Income": 57
    },
    "2013-12-31": {
        "Diluted EPS": 0.79,
        "Total Revenue": 236,
        "Gross Profit": 197,
        "Operating Income": 92,
        "EBIT": 112,
        "Net Income": 76
    },
    "2013-09-30": {
        "Diluted EPS": 0.66,
        "Total Revenue": 213,
        "Gross Profit": 177,
        "Operating Income": 82,
        "EBIT": 102,
        "Net Income": 62
    },
    "2013-06-30": {
        "Diluted EPS": 0.59,
        "Total Revenue": 215,
        "Gross Profit": 178,
        "Operating Income": 78,
        "EBIT": 99,
        "Net Income": 56
    },
    "2013-03-31": {
        "Diluted EPS": 0.54,
        "Total Revenue": 198,
        "Gross Profit": 161,
        "Operating Income": 70,
        "EBIT": 90,
        "Net Income": 51
    },
    "2012-12-31": {
        "Diluted EPS": 0.59,
        "Total Revenue": 221,
        "Gross Profit": 184,
        "Operating Income": 82,
        "EBIT": 103,
        "Net Income": 56
    },
    "2012-09-30": {
        "Diluted EPS": 0.54,
        "Total Revenue": 197,
        "Gross Profit": 163,
        "Operating Income": 74,
        "EBIT": 95,
        "Net Income": 52
    },
    "2012-06-30": {
        "Diluted EPS": 0.53,
        "Total Revenue": 195,
        "Gross Profit": 160,
        "Operating Income": 71,
        "EBIT": 92,
        "Net Income": 50
    },
    "2012-03-31": {
        "Diluted EPS": 0.48,
        "Total Revenue": 185,
        "Gross Profit": 151,
        "Operating Income": 68,
        "EBIT": 89,
        "Net Income": 46
    },
    "2011-12-31": {
        "Diluted EPS": 0.5,
        "Total Revenue": 198,
        "Gross Profit": 165,
        "Operating Income": 73,
        "EBIT": 92,
        "Net Income": 47
    },
    "2011-09-30": {
        "Diluted EPS": 0.48,
        "Total Revenue": 173,
        "Gross Profit": 142,
        "Operating Income": 65,
        "EBIT": 82,
        "Net Income": 46
    },
    "2011-06-30": {
        "Diluted EPS": 0.48,
        "Total Revenue": 162,
        "Gross Profit": 134,
        "Operating Income": 65,
        "EBIT": 80,
        "Net Income": 45
    },
    "2011-03-31": {
        "Diluted EPS": 0.45,
        "Total Revenue": 158,
        "Gross Profit": 131,
        "Operating Income": 62,
        "EBIT": 77,
        "Net Income": 42
    },
    "2010-12-31": {
        "Diluted EPS": 0.52,
        "Total Revenue": 167,
        "Gross Profit": 140,
        "Operating Income": 65,
        "EBIT": 81,
        "Net Income": 49
    },
    "2010-09-30": {
        "Diluted EPS": 0.39,
        "Total Revenue": 140,
        "Gross Profit": 115,
        "Operating Income": 52,
        "EBIT": 67,
        "Net Income": 36
    },
    "2010-06-30": {
        "Diluted EPS": 0.38,
        "Total Revenue": 138,
        "Gross Profit": 114,
        "Operating Income": 52,
        "EBIT": 67,
        "Net Income": 35
    },
    "2010-03-31": {
        "Diluted EPS": 0.35,
        "Total Revenue": 136,
        "Gross Profit": 111,
        "Operating Income": 50,
        "EBIT": 65,
        "Net Income": 32
    },
    "2009-12-31": {
        "Diluted EPS": 0.41,
        "Total Revenue": 150,
        "Gross Profit": 125,
        "Operating Income": 60,
        "EBIT": 77,
        "Net Income": 38
    },
    "2009-09-30": {
        "Diluted EPS": 0.33,
        "Total Revenue": 128,
        "Gross Profit": 104,
        "Operating Income": 48,
        "EBIT": 64,
        "Net Income": 31
    },
    "2009-06-30": {
        "Diluted EPS": 0.3,
        "Total Revenue": 122,
        "Gross Profit": 98,
        "Operating Income": 41,
        "EBIT": 57,
        "Net Income": 27
    },
    "2009-03-31": {
        "Diluted EPS": 0.23,
        "Total Revenue": 116,
        "Gross Profit": 93,
        "Operating Income": 35,
        "EBIT": 51,
        "Net Income": 21
    },
    "2023-09-30": {
        "Tax Effect Of Unusual Items": 0.0,
        "Tax Rate For Calcs": 0.113,
        "Normalized EBITDA": 108704000.0,
        "Net Income From Continuing Operation Net Minority Interest": 55502000.0,
        "Reconciled Depreciation": 33883000.0,
        "Reconciled Cost Of Revenue": 37321000.0,
        "EBITDA": 108704000.0,
        "EBIT": 74821000.0,
        "Net Interest Income": -7367000.0,
        "Interest Expense": 12276000.0,
        "Interest Income": 4909000.0,
        "Normalized Income": 55502000.0,
        "Net Income From Continuing And Discontinued Operation": 55502000.0,
        "Total Expenses": 388979000.0,
        "Total Operating Income As Reported": 69816000.0,
        "Diluted Average Shares": 87381000.0,
        "Basic Average Shares": 86817000.0,
        "Diluted EPS": 0.64,
        "Basic EPS": 0.64,
        "Diluted NI Availto Com Stockholders": 55502000.0,
        "Net Income Common Stockholders": 55502000.0,
        "Net Income": 55502000.0,
        "Net Income Including Noncontrolling Interests": 55502000.0,
        "Net Income Continuous Operations": 55502000.0,
        "Tax Provision": 7043000.0,
        "Pretax Income": 62545000.0,
        "Other Income Expense": 96000.0,
        "Other Non Operating Income Expenses": 96000.0,
        "Net Non Operating Interest Income Expense": -7367000.0,
        "Interest Expense Non Operating": 12276000.0,
        "Interest Income Non Operating": 4909000.0,
        "Operating Income": 69816000.0,
        "Operating Expense": 323722000.0,
        "Depreciation Amortization Depletion Income Statement": 5947000.0,
        "Depreciation And Amortization In Income Statement": 5947000.0,
        "Amortization": 5947000.0,
        "Amortization Of Intangibles Income Statement": 5947000.0,
        "Research And Development": 123223000.0,
        "Selling General And Administration": 194552000.0,
        "Gross Profit": 393538000.0,
        "Cost Of Revenue": 65257000.0,
        "Total Revenue": 458795000.0,
        "Operating Revenue": 458795000.0
    },
    "2023-12-31": {
        "Tax Effect Of Unusual Items": 0.0,
        "Tax Rate For Calcs": 0.153985,
        "Normalized EBITDA": 370811000.0,
        "Net Income From Continuing Operation Net Minority Interest": 274762000.0,
        "Reconciled Depreciation": 33488000.0,
        "Reconciled Cost Of Revenue": 42475000.0,
        "EBITDA": 370811000.0,
        "EBIT": 337323000.0,
        "Net Interest Income": -5352000.0,
        "Interest Expense": 12551000.0,
        "Interest Income": 7199000.0,
        "Normalized Income": 274762000.0,
        "Net Income From Continuing And Discontinued Operation": 274762000.0,
        "Total Expenses": 472108000.0,
        "Total Operating Income As Reported": 333000000.0,
        "Diluted Average Shares": NaN,
        "Basic Average Shares": NaN,
        "Diluted EPS": NaN,
        "Basic EPS": NaN,
        "Diluted NI Availto Com Stockholders": 274762000.0,
        "Net Income Common Stockholders": 274762000.0,
        "Net Income": 274762000.0,
        "Net Income Including Noncontrolling Interests": 274762000.0,
        "Net Income Continuous Operations": 274762000.0,
        "Tax Provision": 50010000.0,
        "Pretax Income": 324772000.0,
        "Other Income Expense": -2876000.0,
        "Other Non Operating Income Expenses": 3338000.0,
        "Net Non Operating Interest Income Expense": -5352000.0,
        "Interest Expense Non Operating": 12551000.0,
        "Interest Income Non Operating": 7199000.0,
        "Operating Income": 333000000.0,
        "Operating Expense": 402059000.0,
        "Depreciation Amortization Depletion Income Statement": 5914000.0,
        "Depreciation And Amortization In Income Statement": 5914000.0,
        "Amortization": 5914000.0,
        "Amortization Of Intangibles Income Statement": 5914000.0,
        "Research And Development": 126288000.0,
        "Selling General And Administration": 269857000.0,
        "Gross Profit": 735059000.0,
        "Cost Of Revenue": 70049000.0,
        "Total Revenue": 805108000.0,
        "Operating Revenue": 805108000.0
    },
    "2024-03-31": {
        "Tax Effect Of Unusual Items": 0.0,
        "Tax Rate For Calcs": 0.151,
        "Normalized EBITDA": 88863000.0,
        "Net Income From Continuing Operation Net Minority Interest": 34778000.0,
        "Reconciled Depreciation": 35536000.0,
        "Reconciled Cost Of Revenue": 39276000.0,
        "EBITDA": 88863000.0,
        "EBIT": 53327000.0,
        "Net Interest Income": -1374000.0,
        "Interest Expense": 12369000.0,
        "Interest Income": 10995000.0,
        "Normalized Income": 34778000.0,
        "Net Income From Continuing And Discontinued Operation": 34778000.0,
        "Total Expenses": 423266000.0,
        "Total Operating Income As Reported": 43339000.0,
        "Diluted Average Shares": 87780000.0,
        "Basic Average Shares": 87067000.0,
        "Diluted EPS": 0.4,
        "Basic EPS": 0.4,
        "Diluted NI Availto Com Stockholders": 34778000.0,
        "Net Income Common Stockholders": 34778000.0,
        "Net Income": 34778000.0,
        "Net Income Including Noncontrolling Interests": 34778000.0,
        "Net Income Continuous Operations": 34778000.0,
        "Tax Provision": 6180000.0,
        "Pretax Income": 40958000.0,
        "Other Income Expense": -1007000.0,
        "Other Non Operating Income Expenses": -1007000.0,
        "Net Non Operating Interest Income Expense": -1374000.0,
        "Interest Expense Non Operating": 12369000.0,
        "Interest Income Non Operating": 10995000.0,
        "Operating Income": 43339000.0,
        "Operating Expense": 354599000.0,
        "Depreciation Amortization Depletion Income Statement": 6145000.0,
        "Depreciation And Amortization In Income Statement": 6145000.0,
        "Amortization": 6145000.0,
        "Amortization Of Intangibles Income Statement": 6145000.0,
        "Research And Development": 128811000.0,
        "Selling General And Administration": 219643000.0,
        "Gross Profit": 397938000.0,
        "Cost Of Revenue": 68667000.0,
        "Total Revenue": 466605000.0,
        "Operating Revenue": 466605000.0
    },
    "2024-06-30": {
        "Tax Effect Of Unusual Items": 0.0,
        "Tax Rate For Calcs": 0.169,
        "Normalized EBITDA": 204767000.0,
        "Net Income From Continuing Operation Net Minority Interest": 130034000.0,
        "Reconciled Depreciation": 35997000.0,
        "Reconciled Cost Of Revenue": 39478000.0,
        "EBITDA": 204767000.0,
        "EBIT": 168770000.0,
        "Net Interest Income": -30000.0,
        "Interest Expense": 12238000.0,
        "Interest Income": 12208000.0,
        "Normalized Income": 130034000.0,
        "Net Income From Continuing And Discontinued Operation": 130034000.0,
        "Total Expenses": 436722000.0,
        "Total Operating Income As Reported": 157416000.0,
        "Diluted Average Shares": 87777000.0,
        "Basic Average Shares": 87332000.0,
        "Diluted EPS": 1.48,
        "Basic EPS": 1.49,
        "Diluted NI Availto Com Stockholders": 130034000.0,
        "Net Income Common Stockholders": 130034000.0,
        "Net Income": 130034000.0,
        "Net Income Including Noncontrolling Interests": 130034000.0,
        "Net Income Continuous Operations": 130034000.0,
        "Tax Provision": 26498000.0,
        "Pretax Income": 156532000.0,
        "Other Income Expense": -854000.0,
        "Other Non Operating Income Expenses": -854000.0,
        "Net Non Operating Interest Income Expense": -30000.0,
        "Interest Expense Non Operating": 12238000.0,
        "Interest Income Non Operating": 12208000.0,
        "Operating Income": 157416000.0,
        "Operating Expense": 367367000.0,
        "Depreciation Amortization Depletion Income Statement": 6120000.0,
        "Depreciation And Amortization In Income Statement": 6120000.0,
        "Amortization": 6120000.0,
        "Amortization Of Intangibles Income Statement": 6120000.0,
        "Research And Development": 132624000.0,
        "Selling General And Administration": 228623000.0,
        "Gross Profit": 524783000.0,
        "Cost Of Revenue": 69355000.0,
        "Total Revenue": 594138000.0,
        "Operating Revenue": 594138000.0
    },
    "2024-09-30": {
        "Tax Effect Of Unusual Items": 0.0,
        "Tax Rate For Calcs": 0.205,
        "Normalized EBITDA": 209368000.0,
        "Net Income From Continuing Operation Net Minority Interest": 128192000.0,
        "Reconciled Depreciation": 35795000.0,
        "Reconciled Cost Of Revenue": 39174000.0,
        "EBITDA": 209368000.0,
        "EBIT": 173573000.0,
        "Net Interest Income": 974000.0,
        "Interest Expense": 12318000.0,
        "Interest Income": 13292000.0,
        "Normalized Income": 128192000.0,
        "Net Income From Continuing And Discontinued Operation": 128192000.0,
        "Total Expenses": 440354000.0,
        "Total Operating Income As Reported": 161538000.0,
        "Diluted Average Shares": 87885000.0,
        "Basic Average Shares": 87399000.0,
        "Diluted EPS": 1.46,
        "Basic EPS": 1.47,
        "Diluted NI Availto Com Stockholders": 128192000.0,
        "Net Income Common Stockholders": 128192000.0,
        "Net Income": 128192000.0,
        "Net Income Including Noncontrolling Interests": 128192000.0,
        "Net Income Continuous Operations": 128192000.0,
        "Tax Provision": 33063000.0,
        "Pretax Income": 161255000.0,
        "Other Income Expense": -1257000.0,
        "Other Non Operating Income Expenses": -1257000.0,
        "Net Non Operating Interest Income Expense": 974000.0,
        "Interest Expense Non Operating": 12318000.0,
        "Interest Income Non Operating": 13292000.0,
        "Operating Income": 161538000.0,
        "Operating Expense": 371245000.0,
        "Depreciation Amortization Depletion Income Statement": 5860000.0,
        "Depreciation And Amortization In Income Statement": 5860000.0,
        "Amortization": 5860000.0,
        "Amortization Of Intangibles Income Statement": 5860000.0,
        "Research And Development": 132320000.0,
        "Selling General And Administration": 233065000.0,
        "Gross Profit": 532783000.0,
        "Cost Of Revenue": 69109000.0,
        "Total Revenue": 601892000.0,
        "Operating Revenue": 601892000.0
    }
}