{
    "2023-03-31": {
        "Tax Effect Of Unusual Items": 0.0,
        "Tax Rate For Calcs": 0.0,
        "Normalized EBITDA": -16039000.0,
        "Net Income From Continuing Operation Net Minority Interest": -15323000.0,
        "EBITDA": -16039000.0,
        "EBIT": -16039000.0,
        "Net Interest Income": NaN,
        "Interest Income": NaN,
        "Normalized Income": -15323000.0,
        "Net Income From Continuing And Discontinued Operation": -15323000.0,
        "Total Expenses": 16039000.0,
        "Total Operating Income As Reported": -16039000.0,
        "Diluted Average Shares": 19385646.0,
        "Basic Average Shares": 19385646.0,
        "Diluted EPS": -0.79,
        "Basic EPS": -0.79,
        "Diluted NI Availto Com Stockholders": -15323000.0,
        "Net Income Common Stockholders": -15323000.0,
        "Otherunder Preferred Stock Dividend": NaN,
        "Net Income": -15323000.0,
        "Net Income Including Noncontrolling Interests": -15323000.0,
        "Net Income Continuous Operations": -15323000.0,
        "Pretax Income": -15323000.0,
        "Other Income Expense": 716000.0,
        "Other Non Operating Income Expenses": 716000.0,
        "Net Non Operating Interest Income Expense": NaN,
        "Interest Income Non Operating": NaN,
        "Operating Income": -16039000.0,
        "Operating Expense": 16039000.0,
        "Research And Development": 11985000.0,
        "Selling General And Administration": 4054000.0,
        "General And Administrative Expense": 4054000.0,
        "Other Gand A": 4054000.0,
        "Total Revenue": 0.0,
        "Operating Revenue": 0.0
    },
    "2022-12-31": {
        "Tax Effect Of Unusual Items": NaN,
        "Tax Rate For Calcs": NaN,
        "Normalized EBITDA": NaN,
        "Net Income From Continuing Operation Net Minority Interest": NaN,
        "EBITDA": NaN,
        "EBIT": NaN,
        "Net Interest Income": 630000.0,
        "Interest Income": 630000.0,
        "Normalized Income": NaN,
        "Net Income From Continuing And Discontinued Operation": NaN,
        "Total Expenses": NaN,
        "Total Operating Income As Reported": NaN,
        "Diluted Average Shares": NaN,
        "Basic Average Shares": NaN,
        "Diluted EPS": NaN,
        "Basic EPS": NaN,
        "Diluted NI Availto Com Stockholders": NaN,
        "Net Income Common Stockholders": NaN,
        "Otherunder Preferred Stock Dividend": NaN,
        "Net Income": NaN,
        "Net Income Including Noncontrolling Interests": NaN,
        "Net Income Continuous Operations": NaN,
        "Pretax Income": NaN,
        "Other Income Expense": NaN,
        "Other Non Operating Income Expenses": NaN,
        "Net Non Operating Interest Income Expense": 630000.0,
        "Interest Income Non Operating": 630000.0,
        "Operating Income": NaN,
        "Operating Expense": NaN,
        "Research And Development": NaN,
        "Selling General And Administration": NaN,
        "General And Administrative Expense": NaN,
        "Other Gand A": NaN,
        "Total Revenue": NaN,
        "Operating Revenue": NaN
    },
    "2022-09-30": {
        "Tax Effect Of Unusual Items": NaN,
        "Tax Rate For Calcs": NaN,
        "Normalized EBITDA": NaN,
        "Net Income From Continuing Operation Net Minority Interest": NaN,
        "EBITDA": NaN,
        "EBIT": NaN,
        "Net Interest Income": 466000.0,
        "Interest Income": 466000.0,
        "Normalized Income": NaN,
        "Net Income From Continuing And Discontinued Operation": NaN,
        "Total Expenses": NaN,
        "Total Operating Income As Reported": NaN,
        "Diluted Average Shares": NaN,
        "Basic Average Shares": NaN,
        "Diluted EPS": NaN,
        "Basic EPS": NaN,
        "Diluted NI Availto Com Stockholders": NaN,
        "Net Income Common Stockholders": NaN,
        "Otherunder Preferred Stock Dividend": 0.0,
        "Net Income": NaN,
        "Net Income Including Noncontrolling Interests": NaN,
        "Net Income Continuous Operations": NaN,
        "Pretax Income": NaN,
        "Other Income Expense": NaN,
        "Other Non Operating Income Expenses": NaN,
        "Net Non Operating Interest Income Expense": 466000.0,
        "Interest Income Non Operating": 466000.0,
        "Operating Income": NaN,
        "Operating Expense": NaN,
        "Research And Development": NaN,
        "Selling General And Administration": NaN,
        "General And Administrative Expense": NaN,
        "Other Gand A": NaN,
        "Total Revenue": NaN,
        "Operating Revenue": NaN
    },
    "2022-06-30": {
        "Tax Effect Of Unusual Items": 0.0,
        "Tax Rate For Calcs": 0.0,
        "Normalized EBITDA": -10333000.0,
        "Net Income From Continuing Operation Net Minority Interest": -10120000.0,
        "EBITDA": -10333000.0,
        "EBIT": -10333000.0,
        "Net Interest Income": 228000.0,
        "Interest Income": 228000.0,
        "Normalized Income": -10120000.0,
        "Net Income From Continuing And Discontinued Operation": -10120000.0,
        "Total Expenses": 10333000.0,
        "Total Operating Income As Reported": -10333000.0,
        "Diluted Average Shares": 19402658.0,
        "Basic Average Shares": 19402658.0,
        "Diluted EPS": -0.521578,
        "Basic EPS": -0.521578,
        "Diluted NI Availto Com Stockholders": -10120000.0,
        "Net Income Common Stockholders": -10120000.0,
        "Otherunder Preferred Stock Dividend": 0.0,
        "Net Income": -10120000.0,
        "Net Income Including Noncontrolling Interests": -10120000.0,
        "Net Income Continuous Operations": -10120000.0,
        "Pretax Income": -10120000.0,
        "Other Income Expense": -15000.0,
        "Other Non Operating Income Expenses": -15000.0,
        "Net Non Operating Interest Income Expense": 228000.0,
        "Interest Income Non Operating": 228000.0,
        "Operating Income": -10333000.0,
        "Operating Expense": 10333000.0,
        "Research And Development": 6698000.0,
        "Selling General And Administration": 3635000.0,
        "General And Administrative Expense": 3635000.0,
        "Other Gand A": 3635000.0,
        "Total Revenue": 0.0,
        "Operating Revenue": 0.0
    },
    "2022-03-31": {
        "Diluted EPS": -2.98,
        "Total Revenue": NaN,
        "Gross Profit": NaN,
        "Operating Income": -8,
        "EBIT": -8,
        "Net Income": -9
    },
    "2021-12-31": {
        "Diluted EPS": -3.6,
        "Total Revenue": NaN,
        "Gross Profit": NaN,
        "Operating Income": -8,
        "EBIT": -8,
        "Net Income": -8
    },
    "2021-09-30": {
        "Diluted EPS": -3.35,
        "Total Revenue": NaN,
        "Gross Profit": NaN,
        "Operating Income": -7,
        "EBIT": -7,
        "Net Income": -9
    },
    "2021-06-30": {
        "Diluted EPS": -2.62,
        "Total Revenue": NaN,
        "Gross Profit": NaN,
        "Operating Income": -5,
        "EBIT": -5,
        "Net Income": -7
    },
    "2021-03-31": {
        "Diluted EPS": -1.07,
        "Total Revenue": NaN,
        "Gross Profit": NaN,
        "Operating Income": -2,
        "EBIT": -2,
        "Net Income": -3
    },
    "2020-12-31": {
        "Diluted EPS": 0.0,
        "Total Revenue": NaN,
        "Gross Profit": NaN,
        "Operating Income": NaN,
        "EBIT": NaN,
        "Net Income": NaN
    },
    "2023-06-30": {
        "Tax Effect Of Unusual Items": 0.0,
        "Tax Rate For Calcs": 0.0,
        "Normalized EBITDA": -16601000.0,
        "Net Income From Continuing Operation Net Minority Interest": -15804000.0,
        "EBITDA": -16601000.0,
        "EBIT": -16601000.0,
        "Net Interest Income": NaN,
        "Interest Income": NaN,
        "Normalized Income": -15804000.0,
        "Net Income From Continuing And Discontinued Operation": -15804000.0,
        "Total Expenses": 16601000.0,
        "Total Operating Income As Reported": -16601000.0,
        "Diluted Average Shares": 19497494.0,
        "Basic Average Shares": 19497494.0,
        "Diluted EPS": -0.81,
        "Basic EPS": -0.81,
        "Diluted NI Availto Com Stockholders": -15804000.0,
        "Net Income Common Stockholders": -15804000.0,
        "Otherunder Preferred Stock Dividend": 0.0,
        "Net Income": -15804000.0,
        "Net Income Including Noncontrolling Interests": -15804000.0,
        "Net Income Continuous Operations": -15804000.0,
        "Pretax Income": -15804000.0,
        "Other Income Expense": 797000.0,
        "Other Non Operating Income Expenses": 797000.0,
        "Net Non Operating Interest Income Expense": NaN,
        "Interest Income Non Operating": NaN,
        "Operating Income": -16601000.0,
        "Operating Expense": 16601000.0,
        "Research And Development": 13538000.0,
        "Selling General And Administration": 3063000.0,
        "General And Administrative Expense": 3063000.0,
        "Other Gand A": 3063000.0,
        "Total Revenue": 0.0,
        "Operating Revenue": 0.0
    },
    "2023-09-30": {
        "Tax Effect Of Unusual Items": 0.0,
        "Tax Rate For Calcs": 0.0,
        "Normalized EBITDA": -18180000.0,
        "Net Income From Continuing Operation Net Minority Interest": -16707000.0,
        "EBITDA": -18180000.0,
        "EBIT": -18180000.0,
        "Net Interest Income": NaN,
        "Interest Income": NaN,
        "Normalized Income": -16707000.0,
        "Net Income From Continuing And Discontinued Operation": -16707000.0,
        "Total Expenses": 18180000.0,
        "Total Operating Income As Reported": -18180000.0,
        "Diluted Average Shares": 25645421.0,
        "Basic Average Shares": 25645421.0,
        "Diluted EPS": -0.65,
        "Basic EPS": -0.65,
        "Diluted NI Availto Com Stockholders": -16707000.0,
        "Net Income Common Stockholders": -16707000.0,
        "Otherunder Preferred Stock Dividend": NaN,
        "Net Income": -16707000.0,
        "Net Income Including Noncontrolling Interests": -16707000.0,
        "Net Income Continuous Operations": -16707000.0,
        "Pretax Income": -16707000.0,
        "Other Income Expense": 1473000.0,
        "Other Non Operating Income Expenses": 1473000.0,
        "Net Non Operating Interest Income Expense": NaN,
        "Interest Income Non Operating": NaN,
        "Operating Income": -18180000.0,
        "Operating Expense": 18180000.0,
        "Research And Development": 14429000.0,
        "Selling General And Administration": 3751000.0,
        "General And Administrative Expense": 3751000.0,
        "Other Gand A": 3751000.0,
        "Total Revenue": 0.0,
        "Operating Revenue": 0.0
    },
    "2023-12-31": {
        "Tax Effect Of Unusual Items": 0.0,
        "Tax Rate For Calcs": 0.0,
        "Normalized EBITDA": -18815000.0,
        "Net Income From Continuing Operation Net Minority Interest": -16898000.0,
        "EBITDA": -18815000.0,
        "EBIT": -18815000.0,
        "Net Interest Income": NaN,
        "Interest Income": NaN,
        "Normalized Income": -16898000.0,
        "Net Income From Continuing And Discontinued Operation": -16898000.0,
        "Total Expenses": 18815000.0,
        "Total Operating Income As Reported": -18815000.0,
        "Diluted Average Shares": 29735397.0,
        "Basic Average Shares": 29735397.0,
        "Diluted EPS": -0.57,
        "Basic EPS": -0.57,
        "Diluted NI Availto Com Stockholders": -16898000.0,
        "Net Income Common Stockholders": -16898000.0,
        "Otherunder Preferred Stock Dividend": NaN,
        "Net Income": -16898000.0,
        "Net Income Including Noncontrolling Interests": -16898000.0,
        "Net Income Continuous Operations": -16898000.0,
        "Pretax Income": -16898000.0,
        "Other Income Expense": 1917000.0,
        "Other Non Operating Income Expenses": 1917000.0,
        "Net Non Operating Interest Income Expense": NaN,
        "Interest Income Non Operating": NaN,
        "Operating Income": -18815000.0,
        "Operating Expense": 18815000.0,
        "Research And Development": 14919000.0,
        "Selling General And Administration": 3896000.0,
        "General And Administrative Expense": 3896000.0,
        "Other Gand A": 3896000.0,
        "Total Revenue": 0.0,
        "Operating Revenue": 0.0
    },
    "2024-03-31": {
        "Tax Effect Of Unusual Items": 0.0,
        "Tax Rate For Calcs": 0.0,
        "Normalized EBITDA": -18296000.0,
        "Net Income From Continuing Operation Net Minority Interest": -16617000.0,
        "EBITDA": -18296000.0,
        "EBIT": -18296000.0,
        "Net Interest Income": NaN,
        "Interest Income": NaN,
        "Normalized Income": -16617000.0,
        "Net Income From Continuing And Discontinued Operation": -16617000.0,
        "Total Expenses": 18296000.0,
        "Total Operating Income As Reported": -18296000.0,
        "Diluted Average Shares": 29763278.0,
        "Basic Average Shares": 29763278.0,
        "Diluted EPS": -0.56,
        "Basic EPS": -0.56,
        "Diluted NI Availto Com Stockholders": -16617000.0,
        "Net Income Common Stockholders": -16617000.0,
        "Otherunder Preferred Stock Dividend": NaN,
        "Net Income": -16617000.0,
        "Net Income Including Noncontrolling Interests": -16617000.0,
        "Net Income Continuous Operations": -16617000.0,
        "Pretax Income": -16617000.0,
        "Other Income Expense": 1679000.0,
        "Other Non Operating Income Expenses": 1679000.0,
        "Net Non Operating Interest Income Expense": NaN,
        "Interest Income Non Operating": NaN,
        "Operating Income": -18296000.0,
        "Operating Expense": 18296000.0,
        "Research And Development": 14655000.0,
        "Selling General And Administration": 3641000.0,
        "General And Administrative Expense": 3641000.0,
        "Other Gand A": 3641000.0,
        "Total Revenue": 0.0,
        "Operating Revenue": 0.0
    }
}