{
    "2023-03-31": {
        "Tax Effect Of Unusual Items": 0.0,
        "Tax Rate For Calcs": 0.21,
        "Normalized EBITDA": 2911000.0,
        "Total Unusual Items": 0.0,
        "Total Unusual Items Excluding Goodwill": 0.0,
        "Net Income From Continuing Operation Net Minority Interest": -13532000.0,
        "Reconciled Depreciation": 5734000.0,
        "Reconciled Cost Of Revenue": 29502000.0,
        "EBITDA": 2911000.0,
        "EBIT": -2823000.0,
        "Net Interest Income": -6021000.0,
        "Interest Expense": 6096000.0,
        "Interest Income": 75000.0,
        "Normalized Income": -13532000.0,
        "Net Income From Continuing And Discontinued Operation": -13532000.0,
        "Total Expenses": 87090000.0,
        "Total Operating Income As Reported": -3861000.0,
        "Diluted Average Shares": 40432000.0,
        "Basic Average Shares": 40432000.0,
        "Diluted EPS": -0.33,
        "Basic EPS": -0.33,
        "Diluted NI Availto Com Stockholders": -13472000.0,
        "Average Dilution Earnings": NaN,
        "Net Income Common Stockholders": -13472000.0,
        "Otherunder Preferred Stock Dividend": -60000.0,
        "Net Income": -13532000.0,
        "Net Income Including Noncontrolling Interests": -13532000.0,
        "Net Income Continuous Operations": -13532000.0,
        "Tax Provision": 4613000.0,
        "Pretax Income": -8919000.0,
        "Other Income Expense": 963000.0,
        "Other Non Operating Income Expenses": 963000.0,
        "Special Income Charges": 0.0,
        "Gain On Sale Of Ppe": NaN,
        "Other Special Charges": NaN,
        "Net Non Operating Interest Income Expense": -6021000.0,
        "Interest Expense Non Operating": 6096000.0,
        "Interest Income Non Operating": 75000.0,
        "Operating Income": -3861000.0,
        "Operating Expense": 57588000.0,
        "Research And Development": 7223000.0,
        "Selling General And Administration": 50365000.0,
        "Gross Profit": 53727000.0,
        "Cost Of Revenue": 29502000.0,
        "Total Revenue": 83229000.0,
        "Operating Revenue": 83229000.0
    },
    "2022-12-31": {
        "Tax Effect Of Unusual Items": NaN,
        "Tax Rate For Calcs": NaN,
        "Normalized EBITDA": NaN,
        "Total Unusual Items": NaN,
        "Total Unusual Items Excluding Goodwill": NaN,
        "Net Income From Continuing Operation Net Minority Interest": NaN,
        "Reconciled Depreciation": NaN,
        "Reconciled Cost Of Revenue": NaN,
        "EBITDA": NaN,
        "EBIT": NaN,
        "Net Interest Income": NaN,
        "Interest Expense": NaN,
        "Interest Income": NaN,
        "Normalized Income": NaN,
        "Net Income From Continuing And Discontinued Operation": NaN,
        "Total Expenses": NaN,
        "Total Operating Income As Reported": NaN,
        "Diluted Average Shares": NaN,
        "Basic Average Shares": NaN,
        "Diluted EPS": NaN,
        "Basic EPS": NaN,
        "Diluted NI Availto Com Stockholders": NaN,
        "Average Dilution Earnings": NaN,
        "Net Income Common Stockholders": NaN,
        "Otherunder Preferred Stock Dividend": NaN,
        "Net Income": NaN,
        "Net Income Including Noncontrolling Interests": NaN,
        "Net Income Continuous Operations": NaN,
        "Tax Provision": NaN,
        "Pretax Income": NaN,
        "Other Income Expense": NaN,
        "Other Non Operating Income Expenses": NaN,
        "Special Income Charges": NaN,
        "Gain On Sale Of Ppe": 0.0,
        "Other Special Charges": NaN,
        "Net Non Operating Interest Income Expense": NaN,
        "Interest Expense Non Operating": NaN,
        "Interest Income Non Operating": NaN,
        "Operating Income": NaN,
        "Operating Expense": NaN,
        "Research And Development": NaN,
        "Selling General And Administration": NaN,
        "Gross Profit": NaN,
        "Cost Of Revenue": NaN,
        "Total Revenue": NaN,
        "Operating Revenue": NaN
    },
    "2022-09-30": {
        "Tax Effect Of Unusual Items": NaN,
        "Tax Rate For Calcs": NaN,
        "Normalized EBITDA": NaN,
        "Total Unusual Items": NaN,
        "Total Unusual Items Excluding Goodwill": NaN,
        "Net Income From Continuing Operation Net Minority Interest": NaN,
        "Reconciled Depreciation": NaN,
        "Reconciled Cost Of Revenue": NaN,
        "EBITDA": NaN,
        "EBIT": NaN,
        "Net Interest Income": NaN,
        "Interest Expense": NaN,
        "Interest Income": NaN,
        "Normalized Income": NaN,
        "Net Income From Continuing And Discontinued Operation": NaN,
        "Total Expenses": NaN,
        "Total Operating Income As Reported": NaN,
        "Diluted Average Shares": NaN,
        "Basic Average Shares": NaN,
        "Diluted EPS": NaN,
        "Basic EPS": NaN,
        "Diluted NI Availto Com Stockholders": NaN,
        "Average Dilution Earnings": 0.0,
        "Net Income Common Stockholders": NaN,
        "Otherunder Preferred Stock Dividend": NaN,
        "Net Income": NaN,
        "Net Income Including Noncontrolling Interests": NaN,
        "Net Income Continuous Operations": NaN,
        "Tax Provision": NaN,
        "Pretax Income": NaN,
        "Other Income Expense": NaN,
        "Other Non Operating Income Expenses": NaN,
        "Special Income Charges": NaN,
        "Gain On Sale Of Ppe": 0.0,
        "Other Special Charges": NaN,
        "Net Non Operating Interest Income Expense": NaN,
        "Interest Expense Non Operating": NaN,
        "Interest Income Non Operating": NaN,
        "Operating Income": NaN,
        "Operating Expense": NaN,
        "Research And Development": NaN,
        "Selling General And Administration": NaN,
        "Gross Profit": NaN,
        "Cost Of Revenue": NaN,
        "Total Revenue": NaN,
        "Operating Revenue": NaN
    },
    "2022-06-30": {
        "Tax Effect Of Unusual Items": 0.0,
        "Tax Rate For Calcs": 0.4,
        "Normalized EBITDA": 6417000.0,
        "Total Unusual Items": NaN,
        "Total Unusual Items Excluding Goodwill": NaN,
        "Net Income From Continuing Operation Net Minority Interest": -4259000.0,
        "Reconciled Depreciation": 5616000.0,
        "Reconciled Cost Of Revenue": 28168000.0,
        "EBITDA": 6417000.0,
        "EBIT": 801000.0,
        "Net Interest Income": -4071000.0,
        "Interest Expense": 4101000.0,
        "Interest Income": 30000.0,
        "Normalized Income": -4259000.0,
        "Net Income From Continuing And Discontinued Operation": -4259000.0,
        "Total Expenses": 75799000.0,
        "Total Operating Income As Reported": 4541000.0,
        "Diluted Average Shares": 40031000.0,
        "Basic Average Shares": 40031000.0,
        "Diluted EPS": -0.11,
        "Basic EPS": -0.11,
        "Diluted NI Availto Com Stockholders": -4238000.0,
        "Average Dilution Earnings": NaN,
        "Net Income Common Stockholders": -4238000.0,
        "Otherunder Preferred Stock Dividend": -21000.0,
        "Net Income": -4259000.0,
        "Net Income Including Noncontrolling Interests": -4259000.0,
        "Net Income Continuous Operations": -4259000.0,
        "Tax Provision": 959000.0,
        "Pretax Income": -3300000.0,
        "Other Income Expense": -3770000.0,
        "Other Non Operating Income Expenses": -3770000.0,
        "Special Income Charges": NaN,
        "Gain On Sale Of Ppe": NaN,
        "Net Non Operating Interest Income Expense": -4071000.0,
        "Interest Expense Non Operating": 4101000.0,
        "Interest Income Non Operating": 30000.0,
        "Operating Income": 4541000.0,
        "Operating Expense": 47631000.0,
        "Research And Development": 8648000.0,
        "Selling General And Administration": 38983000.0,
        "Gross Profit": 52172000.0,
        "Cost Of Revenue": 28168000.0,
        "Total Revenue": 80340000.0,
        "Operating Revenue": 80340000.0
    },
    "2022-03-31": {
        "Diluted EPS": -0.08,
        "Total Revenue": 77,
        "Gross Profit": 51,
        "Operating Income": 2,
        "EBIT": 8,
        "Net Income": -3
    },
    "2021-12-31": {
        "Diluted EPS": -0.5,
        "Total Revenue": 79,
        "Gross Profit": 51,
        "Operating Income": -9,
        "EBIT": -3,
        "Net Income": -20
    },
    "2021-09-30": {
        "Diluted EPS": 0.26,
        "Total Revenue": 72,
        "Gross Profit": 48,
        "Operating Income": 15,
        "EBIT": 21,
        "Net Income": 11
    },
    "2021-06-30": {
        "Diluted EPS": -0.06,
        "Total Revenue": 76,
        "Gross Profit": 51,
        "Operating Income": 1,
        "EBIT": 7,
        "Net Income": -2
    },
    "2021-03-31": {
        "Diluted EPS": -0.08,
        "Total Revenue": 71,
        "Gross Profit": 48,
        "Operating Income": 1,
        "EBIT": 7,
        "Net Income": -3
    },
    "2020-12-31": {
        "Diluted EPS": -0.08,
        "Total Revenue": 68,
        "Gross Profit": 45,
        "Operating Income": 2,
        "EBIT": 8,
        "Net Income": -3
    },
    "2020-09-30": {
        "Diluted EPS": -0.08,
        "Total Revenue": 65,
        "Gross Profit": 43,
        "Operating Income": 4,
        "EBIT": 9,
        "Net Income": -3
    },
    "2020-06-30": {
        "Diluted EPS": -0.1,
        "Total Revenue": 54,
        "Gross Profit": 36,
        "Operating Income": -2,
        "EBIT": 3,
        "Net Income": -4
    },
    "2020-03-31": {
        "Diluted EPS": -0.18,
        "Total Revenue": 66,
        "Gross Profit": 44,
        "Operating Income": -1,
        "EBIT": 4,
        "Net Income": -7
    },
    "2019-12-31": {
        "Diluted EPS": -0.01,
        "Total Revenue": 70,
        "Gross Profit": 47,
        "Operating Income": 4,
        "EBIT": 9,
        "Net Income": -1
    },
    "2019-09-30": {
        "Diluted EPS": 0.0,
        "Total Revenue": 68,
        "Gross Profit": 45,
        "Operating Income": 5,
        "EBIT": 9,
        "Net Income": 0
    },
    "2019-06-30": {
        "Diluted EPS": 0.07,
        "Total Revenue": 71,
        "Gross Profit": 47,
        "Operating Income": 7,
        "EBIT": 11,
        "Net Income": 3
    },
    "2019-03-31": {
        "Diluted EPS": -0.01,
        "Total Revenue": 68,
        "Gross Profit": 44,
        "Operating Income": 2,
        "EBIT": 7,
        "Net Income": 0
    },
    "2018-12-31": {
        "Diluted EPS": 0.01,
        "Total Revenue": 64,
        "Gross Profit": 42,
        "Operating Income": 2,
        "EBIT": 11,
        "Net Income": 1
    },
    "2018-09-30": {
        "Diluted EPS": 0.01,
        "Total Revenue": 68,
        "Gross Profit": 46,
        "Operating Income": 5,
        "EBIT": 5,
        "Net Income": 0
    },
    "2018-06-30": {
        "Diluted EPS": 0.01,
        "Total Revenue": 68,
        "Gross Profit": 46,
        "Operating Income": 5,
        "EBIT": 10,
        "Net Income": 0
    },
    "2018-03-31": {
        "Diluted EPS": -0.11,
        "Total Revenue": 62,
        "Gross Profit": 39,
        "Operating Income": -3,
        "EBIT": 1,
        "Net Income": -4
    },
    "2017-12-31": {
        "Diluted EPS": -0.08,
        "Total Revenue": 53,
        "Gross Profit": 36,
        "Operating Income": 0,
        "EBIT": 3,
        "Net Income": -3
    },
    "2017-09-30": {
        "Diluted EPS": 0.04,
        "Total Revenue": 44,
        "Gross Profit": 30,
        "Operating Income": 1,
        "EBIT": 3,
        "Net Income": 1
    },
    "2017-06-30": {
        "Diluted EPS": 0.09,
        "Total Revenue": 48,
        "Gross Profit": 33,
        "Operating Income": 5,
        "EBIT": 7,
        "Net Income": 3
    },
    "2017-03-31": {
        "Diluted EPS": 0.06,
        "Total Revenue": 45,
        "Gross Profit": 30,
        "Operating Income": 3,
        "EBIT": 5,
        "Net Income": 2
    },
    "2016-12-31": {
        "Diluted EPS": 0.08,
        "Total Revenue": 45,
        "Gross Profit": 31,
        "Operating Income": 5,
        "EBIT": 7,
        "Net Income": 3
    },
    "2016-09-30": {
        "Diluted EPS": 0.09,
        "Total Revenue": 45,
        "Gross Profit": 30,
        "Operating Income": 5,
        "EBIT": 8,
        "Net Income": 3
    },
    "2016-06-30": {
        "Diluted EPS": 0.07,
        "Total Revenue": 47,
        "Gross Profit": 30,
        "Operating Income": 5,
        "EBIT": 7,
        "Net Income": 2
    },
    "2016-03-31": {
        "Diluted EPS": 0.08,
        "Total Revenue": 43,
        "Gross Profit": 28,
        "Operating Income": 7,
        "EBIT": 9,
        "Net Income": 3
    },
    "2015-12-31": {
        "Diluted EPS": 0.1,
        "Total Revenue": 40,
        "Gross Profit": 27,
        "Operating Income": 5,
        "EBIT": 6,
        "Net Income": 3
    },
    "2015-09-30": {
        "Diluted EPS": 0.07,
        "Total Revenue": 37,
        "Gross Profit": 23,
        "Operating Income": 3,
        "EBIT": 4,
        "Net Income": 2
    },
    "2015-06-30": {
        "Diluted EPS": -0.02,
        "Total Revenue": 36,
        "Gross Profit": 22,
        "Operating Income": 0,
        "EBIT": 1,
        "Net Income": -1
    },
    "2015-03-31": {
        "Diluted EPS": -0.01,
        "Total Revenue": 34,
        "Gross Profit": 20,
        "Operating Income": -2,
        "EBIT": 0,
        "Net Income": 0
    },
    "2014-12-31": {
        "Diluted EPS": 0.05,
        "Total Revenue": 37,
        "Gross Profit": 23,
        "Operating Income": 2,
        "EBIT": 3,
        "Net Income": 2
    },
    "2014-09-30": {
        "Diluted EPS": 0.08,
        "Total Revenue": 37,
        "Gross Profit": 24,
        "Operating Income": 3,
        "EBIT": 5,
        "Net Income": 2
    },
    "2014-06-30": {
        "Diluted EPS": 0.08,
        "Total Revenue": 35,
        "Gross Profit": 22,
        "Operating Income": 2,
        "EBIT": 4,
        "Net Income": 2
    },
    "2014-03-31": {
        "Diluted EPS": 0.04,
        "Total Revenue": 36,
        "Gross Profit": 22,
        "Operating Income": 2,
        "EBIT": 3,
        "Net Income": 1
    },
    "2013-12-31": {
        "Diluted EPS": 0.32,
        "Total Revenue": 35,
        "Gross Profit": 22,
        "Operating Income": 3,
        "EBIT": 5,
        "Net Income": 9
    },
    "2013-09-30": {
        "Diluted EPS": 0.11,
        "Total Revenue": 36,
        "Gross Profit": 23,
        "Operating Income": 5,
        "EBIT": 6,
        "Net Income": 3
    },
    "2013-06-30": {
        "Diluted EPS": 0.06,
        "Total Revenue": 34,
        "Gross Profit": 21,
        "Operating Income": 3,
        "EBIT": 4,
        "Net Income": 2
    },
    "2013-03-31": {
        "Diluted EPS": 0.08,
        "Total Revenue": 36,
        "Gross Profit": 23,
        "Operating Income": 3,
        "EBIT": 5,
        "Net Income": 2
    },
    "2012-12-31": {
        "Diluted EPS": 0.06,
        "Total Revenue": 33,
        "Gross Profit": 21,
        "Operating Income": 2,
        "EBIT": 4,
        "Net Income": 2
    },
    "2012-09-30": {
        "Diluted EPS": 0.06,
        "Total Revenue": 33,
        "Gross Profit": 21,
        "Operating Income": 3,
        "EBIT": 4,
        "Net Income": 2
    },
    "2012-06-30": {
        "Diluted EPS": 0.12,
        "Total Revenue": 33,
        "Gross Profit": 21,
        "Operating Income": 6,
        "EBIT": 7,
        "Net Income": 3
    },
    "2012-03-31": {
        "Diluted EPS": 0.04,
        "Total Revenue": 32,
        "Gross Profit": 21,
        "Operating Income": 2,
        "EBIT": 3,
        "Net Income": 1
    },
    "2011-12-31": {
        "Diluted EPS": 0.07,
        "Total Revenue": 30,
        "Gross Profit": 19,
        "Operating Income": 3,
        "EBIT": 4,
        "Net Income": 2
    },
    "2011-09-30": {
        "Diluted EPS": 0.07,
        "Total Revenue": 30,
        "Gross Profit": 19,
        "Operating Income": 2,
        "EBIT": 4,
        "Net Income": 2
    },
    "2011-06-30": {
        "Diluted EPS": 0.06,
        "Total Revenue": 29,
        "Gross Profit": 19,
        "Operating Income": 4,
        "EBIT": 5,
        "Net Income": 2
    },
    "2011-03-31": {
        "Diluted EPS": 0.06,
        "Total Revenue": 30,
        "Gross Profit": 19,
        "Operating Income": 2,
        "EBIT": 3,
        "Net Income": 2
    },
    "2010-12-31": {
        "Diluted EPS": 0.08,
        "Total Revenue": 29,
        "Gross Profit": 18,
        "Operating Income": 4,
        "EBIT": 5,
        "Net Income": 2
    },
    "2010-09-30": {
        "Diluted EPS": -0.11,
        "Total Revenue": 28,
        "Gross Profit": 15,
        "Operating Income": -1,
        "EBIT": 0,
        "Net Income": -3
    },
    "2010-06-30": {
        "Diluted EPS": 0.1,
        "Total Revenue": 29,
        "Gross Profit": 18,
        "Operating Income": 5,
        "EBIT": 6,
        "Net Income": 3
    },
    "2010-03-31": {
        "Diluted EPS": 0.07,
        "Total Revenue": 30,
        "Gross Profit": 18,
        "Operating Income": 3,
        "EBIT": 4,
        "Net Income": 2
    },
    "2009-12-31": {
        "Diluted EPS": 0.07,
        "Total Revenue": 29,
        "Gross Profit": 18,
        "Operating Income": 4,
        "EBIT": 5,
        "Net Income": 2
    },
    "2009-09-30": {
        "Diluted EPS": 0.07,
        "Total Revenue": 28,
        "Gross Profit": 17,
        "Operating Income": 3,
        "EBIT": 4,
        "Net Income": 2
    },
    "2009-06-30": {
        "Diluted EPS": 0.09,
        "Total Revenue": 28,
        "Gross Profit": 18,
        "Operating Income": 4,
        "EBIT": 5,
        "Net Income": 3
    },
    "2009-03-31": {
        "Diluted EPS": 0.07,
        "Total Revenue": 27,
        "Gross Profit": 17,
        "Operating Income": 3,
        "EBIT": 5,
        "Net Income": 2
    },
    "2023-06-30": {
        "Tax Effect Of Unusual Items": 2992500.0,
        "Tax Rate For Calcs": 0.21,
        "Normalized EBITDA": -4784000.0,
        "Total Unusual Items": 14250000.0,
        "Total Unusual Items Excluding Goodwill": 14250000.0,
        "Net Income From Continuing Operation Net Minority Interest": -3382000.0,
        "Reconciled Depreciation": 5767000.0,
        "Reconciled Cost Of Revenue": 31167000.0,
        "EBITDA": 9466000.0,
        "EBIT": 3699000.0,
        "Net Interest Income": -6091000.0,
        "Interest Expense": 6356000.0,
        "Interest Income": 265000.0,
        "Normalized Income": -14639500.0,
        "Net Income From Continuing And Discontinued Operation": -3382000.0,
        "Total Expenses": 95826000.0,
        "Total Operating Income As Reported": 7675000.0,
        "Diluted Average Shares": 40755000.0,
        "Basic Average Shares": 40755000.0,
        "Diluted EPS": -0.08,
        "Basic EPS": -0.08,
        "Diluted NI Availto Com Stockholders": -3370000.0,
        "Average Dilution Earnings": NaN,
        "Net Income Common Stockholders": -3370000.0,
        "Otherunder Preferred Stock Dividend": -12000.0,
        "Net Income": -3382000.0,
        "Net Income Including Noncontrolling Interests": -3382000.0,
        "Net Income Continuous Operations": -3382000.0,
        "Tax Provision": 725000.0,
        "Pretax Income": -2657000.0,
        "Other Income Expense": 10009000.0,
        "Other Non Operating Income Expenses": -4241000.0,
        "Special Income Charges": 14250000.0,
        "Gain On Sale Of Ppe": 14250000.0,
        "Other Special Charges": NaN,
        "Net Non Operating Interest Income Expense": -6091000.0,
        "Interest Expense Non Operating": 6356000.0,
        "Interest Income Non Operating": 265000.0,
        "Operating Income": -6575000.0,
        "Operating Expense": 64659000.0,
        "Research And Development": 7418000.0,
        "Selling General And Administration": 57241000.0,
        "Gross Profit": 58084000.0,
        "Cost Of Revenue": 31167000.0,
        "Total Revenue": 89251000.0,
        "Operating Revenue": 89251000.0
    },
    "2023-09-30": {
        "Tax Effect Of Unusual Items": 0.0,
        "Tax Rate For Calcs": 0.21,
        "Normalized EBITDA": 2943000.0,
        "Total Unusual Items": 0.0,
        "Total Unusual Items Excluding Goodwill": 0.0,
        "Net Income From Continuing Operation Net Minority Interest": -9801000.0,
        "Reconciled Depreciation": 5759000.0,
        "Reconciled Cost Of Revenue": 31584000.0,
        "EBITDA": 2943000.0,
        "EBIT": -2816000.0,
        "Net Interest Income": -6264000.0,
        "Interest Expense": 6603000.0,
        "Interest Income": 339000.0,
        "Normalized Income": -9801000.0,
        "Net Income From Continuing And Discontinued Operation": -9801000.0,
        "Total Expenses": 89098000.0,
        "Total Operating Income As Reported": -1244000.0,
        "Diluted Average Shares": 40881000.0,
        "Basic Average Shares": 40881000.0,
        "Diluted EPS": -0.24,
        "Basic EPS": -0.24,
        "Diluted NI Availto Com Stockholders": -9762000.0,
        "Average Dilution Earnings": NaN,
        "Net Income Common Stockholders": -9762000.0,
        "Otherunder Preferred Stock Dividend": -39000.0,
        "Net Income": -9801000.0,
        "Net Income Including Noncontrolling Interests": -9801000.0,
        "Net Income Continuous Operations": -9801000.0,
        "Tax Provision": 382000.0,
        "Pretax Income": -9419000.0,
        "Other Income Expense": -1911000.0,
        "Other Non Operating Income Expenses": -1911000.0,
        "Special Income Charges": 0.0,
        "Gain On Sale Of Ppe": 0.0,
        "Other Special Charges": NaN,
        "Net Non Operating Interest Income Expense": -6264000.0,
        "Interest Expense Non Operating": 6603000.0,
        "Interest Income Non Operating": 339000.0,
        "Operating Income": -1244000.0,
        "Operating Expense": 57514000.0,
        "Research And Development": 6421000.0,
        "Selling General And Administration": 51093000.0,
        "Gross Profit": 56270000.0,
        "Cost Of Revenue": 31584000.0,
        "Total Revenue": 87854000.0,
        "Operating Revenue": 87854000.0
    },
    "2023-12-31": {
        "Tax Effect Of Unusual Items": 0.0,
        "Tax Rate For Calcs": 0.21,
        "Normalized EBITDA": 11469000.0,
        "Total Unusual Items": 0.0,
        "Total Unusual Items Excluding Goodwill": 0.0,
        "Net Income From Continuing Operation Net Minority Interest": -3975000.0,
        "Reconciled Depreciation": 5816000.0,
        "Reconciled Cost Of Revenue": 32575000.0,
        "EBITDA": 11469000.0,
        "EBIT": 5653000.0,
        "Net Interest Income": -5846000.0,
        "Interest Expense": 6244000.0,
        "Interest Income": 398000.0,
        "Normalized Income": -3975000.0,
        "Net Income From Continuing And Discontinued Operation": -3975000.0,
        "Total Expenses": 90498000.0,
        "Total Operating Income As Reported": 3172000.0,
        "Diluted Average Shares": 40898000.0,
        "Basic Average Shares": 40898000.0,
        "Diluted EPS": -0.1,
        "Basic EPS": -0.1,
        "Diluted NI Availto Com Stockholders": -3960000.0,
        "Average Dilution Earnings": NaN,
        "Net Income Common Stockholders": -3960000.0,
        "Otherunder Preferred Stock Dividend": -15000.0,
        "Net Income": -3975000.0,
        "Net Income Including Noncontrolling Interests": -3975000.0,
        "Net Income Continuous Operations": -3975000.0,
        "Tax Provision": 3384000.0,
        "Pretax Income": -591000.0,
        "Other Income Expense": 2083000.0,
        "Other Non Operating Income Expenses": 2083000.0,
        "Special Income Charges": 0.0,
        "Gain On Sale Of Ppe": 0.0,
        "Other Special Charges": NaN,
        "Net Non Operating Interest Income Expense": -5846000.0,
        "Interest Expense Non Operating": 6244000.0,
        "Interest Income Non Operating": 398000.0,
        "Operating Income": 3172000.0,
        "Operating Expense": 57923000.0,
        "Research And Development": 7645000.0,
        "Selling General And Administration": 50278000.0,
        "Gross Profit": 61095000.0,
        "Cost Of Revenue": 32575000.0,
        "Total Revenue": 93670000.0,
        "Operating Revenue": 93670000.0
    },
    "2024-03-31": {
        "Tax Effect Of Unusual Items": -1467600.0,
        "Tax Rate For Calcs": 0.4,
        "Normalized EBITDA": 30185000.0,
        "Total Unusual Items": -3669000.0,
        "Total Unusual Items Excluding Goodwill": -3669000.0,
        "Net Income From Continuing Operation Net Minority Interest": 7533000.0,
        "Reconciled Depreciation": 5909000.0,
        "Reconciled Cost Of Revenue": 34485000.0,
        "EBITDA": 26516000.0,
        "EBIT": 20607000.0,
        "Net Interest Income": -7452000.0,
        "Interest Expense": 7826000.0,
        "Interest Income": 374000.0,
        "Normalized Income": 9734400.0,
        "Net Income From Continuing And Discontinued Operation": 7533000.0,
        "Total Expenses": 72120000.0,
        "Total Operating Income As Reported": 25311000.0,
        "Diluted Average Shares": 47886000.0,
        "Basic Average Shares": 41290000.0,
        "Diluted EPS": 0.18,
        "Basic EPS": 0.18,
        "Diluted NI Availto Com Stockholders": 7511000.0,
        "Average Dilution Earnings": NaN,
        "Net Income Common Stockholders": 7511000.0,
        "Otherunder Preferred Stock Dividend": 22000.0,
        "Net Income": 7533000.0,
        "Net Income Including Noncontrolling Interests": 7533000.0,
        "Net Income Continuous Operations": 7533000.0,
        "Tax Provision": 5248000.0,
        "Pretax Income": 12781000.0,
        "Other Income Expense": -5078000.0,
        "Other Non Operating Income Expenses": -1409000.0,
        "Special Income Charges": -3669000.0,
        "Gain On Sale Of Ppe": NaN,
        "Other Special Charges": 3669000.0,
        "Net Non Operating Interest Income Expense": -7452000.0,
        "Interest Expense Non Operating": 7826000.0,
        "Interest Income Non Operating": 374000.0,
        "Operating Income": 25311000.0,
        "Operating Expense": 37635000.0,
        "Research And Development": 6946000.0,
        "Selling General And Administration": 30689000.0,
        "Gross Profit": 62946000.0,
        "Cost Of Revenue": 34485000.0,
        "Total Revenue": 97431000.0,
        "Operating Revenue": 97431000.0
    }
}