{
    "2023-03-31": {
        "Tax Effect Of Unusual Items": 0.0,
        "Tax Rate For Calcs": 0.165,
        "Normalized EBITDA": -14402000.0,
        "Total Unusual Items": 0.0,
        "Total Unusual Items Excluding Goodwill": 0.0,
        "Net Income From Continuing Operation Net Minority Interest": -18907000.0,
        "Reconciled Depreciation": 11006000.0,
        "Reconciled Cost Of Revenue": 101774000.0,
        "EBITDA": -14402000.0,
        "EBIT": -14402000.0,
        "Net Interest Income": 5000.0,
        "Interest Expense": NaN,
        "Normalized Income": -18907000.0,
        "Net Income From Continuing And Discontinued Operation": -18907000.0,
        "Total Expenses": 146962000.0,
        "Total Operating Income As Reported": -14402000.0,
        "Diluted Average Shares": 27710000.0,
        "Basic Average Shares": 27710000.0,
        "Diluted EPS": -0.68,
        "Basic EPS": -0.68,
        "Diluted NI Availto Com Stockholders": -18907000.0,
        "Net Income Common Stockholders": -18907000.0,
        "Net Income": -18907000.0,
        "Minority Interests": 0.0,
        "Net Income Including Noncontrolling Interests": -18907000.0,
        "Net Income Continuous Operations": -18907000.0,
        "Earnings From Equity Interest Net Of Tax": -1480000.0,
        "Tax Provision": 2517000.0,
        "Pretax Income": -14910000.0,
        "Other Income Expense": -513000.0,
        "Other Non Operating Income Expenses": -513000.0,
        "Special Income Charges": 0.0,
        "Gain On Sale Of Business": 0.0,
        "Earnings From Equity Interest": 0.0,
        "Net Non Operating Interest Income Expense": 5000.0,
        "Total Other Finance Cost": -5000.0,
        "Interest Expense Non Operating": NaN,
        "Operating Income": -14402000.0,
        "Operating Expense": 45188000.0,
        "Research And Development": 22578000.0,
        "Selling General And Administration": 22610000.0,
        "Gross Profit": 30786000.0,
        "Cost Of Revenue": 101774000.0,
        "Total Revenue": 132560000.0,
        "Operating Revenue": 132560000.0
    },
    "2022-12-31": {
        "Tax Effect Of Unusual Items": 0.0,
        "Tax Rate For Calcs": 0.221643,
        "Normalized EBITDA": 8785000.0,
        "Total Unusual Items": 0.0,
        "Total Unusual Items Excluding Goodwill": 0.0,
        "Net Income From Continuing Operation Net Minority Interest": 6337000.0,
        "Reconciled Depreciation": 10804000.0,
        "Reconciled Cost Of Revenue": 135719000.0,
        "EBITDA": 8785000.0,
        "EBIT": 8785000.0,
        "Net Interest Income": -397000.0,
        "Interest Expense": 397000.0,
        "Normalized Income": 6337000.0,
        "Net Income From Continuing And Discontinued Operation": 6337000.0,
        "Total Expenses": 179975000.0,
        "Total Operating Income As Reported": -8785000.0,
        "Diluted Average Shares": 29576000.0,
        "Basic Average Shares": 27511000.0,
        "Diluted EPS": 0.21,
        "Basic EPS": 0.23,
        "Diluted NI Availto Com Stockholders": 6337000.0,
        "Net Income Common Stockholders": 6337000.0,
        "Net Income": 6337000.0,
        "Minority Interests": 0.0,
        "Net Income Including Noncontrolling Interests": 6337000.0,
        "Net Income Continuous Operations": 6337000.0,
        "Earnings From Equity Interest Net Of Tax": 511000.0,
        "Tax Provision": 1659000.0,
        "Pretax Income": 7485000.0,
        "Other Income Expense": -903000.0,
        "Other Non Operating Income Expenses": -903000.0,
        "Special Income Charges": 0.0,
        "Gain On Sale Of Business": 0.0,
        "Earnings From Equity Interest": 0.0,
        "Net Non Operating Interest Income Expense": -397000.0,
        "Total Other Finance Cost": 397000.0,
        "Interest Expense Non Operating": 397000.0,
        "Operating Income": 8785000.0,
        "Operating Expense": 44256000.0,
        "Research And Development": 21468000.0,
        "Selling General And Administration": 22788000.0,
        "Gross Profit": 53041000.0,
        "Cost Of Revenue": 135719000.0,
        "Total Revenue": 188760000.0,
        "Operating Revenue": 188760000.0
    },
    "2022-09-30": {
        "Tax Effect Of Unusual Items": 0.0,
        "Tax Rate For Calcs": 0.055159,
        "Normalized EBITDA": 25518000.0,
        "Total Unusual Items": NaN,
        "Total Unusual Items Excluding Goodwill": NaN,
        "Net Income From Continuing Operation Net Minority Interest": 26038000.0,
        "Reconciled Depreciation": 9352000.0,
        "Reconciled Cost Of Revenue": 137348000.0,
        "EBITDA": 25518000.0,
        "EBIT": 25518000.0,
        "Net Interest Income": -608000.0,
        "Interest Expense": 608000.0,
        "Normalized Income": 26038000.0,
        "Net Income From Continuing And Discontinued Operation": 26038000.0,
        "Total Expenses": 182942000.0,
        "Total Operating Income As Reported": 25534000.0,
        "Diluted Average Shares": 29423000.0,
        "Basic Average Shares": 27391000.0,
        "Diluted EPS": 0.88,
        "Basic EPS": 0.95,
        "Diluted NI Availto Com Stockholders": 26038000.0,
        "Net Income Common Stockholders": 26038000.0,
        "Net Income": 26038000.0,
        "Minority Interests": 0.0,
        "Net Income Including Noncontrolling Interests": 26038000.0,
        "Net Income Continuous Operations": 26038000.0,
        "Earnings From Equity Interest Net Of Tax": 2502000.0,
        "Tax Provision": 1374000.0,
        "Pretax Income": 24910000.0,
        "Other Income Expense": -16000.0,
        "Other Non Operating Income Expenses": -16000.0,
        "Special Income Charges": NaN,
        "Gain On Sale Of Business": NaN,
        "Earnings From Equity Interest": NaN,
        "Net Non Operating Interest Income Expense": -608000.0,
        "Total Other Finance Cost": 608000.0,
        "Interest Expense Non Operating": 608000.0,
        "Operating Income": 25534000.0,
        "Operating Expense": 45594000.0,
        "Research And Development": 21389000.0,
        "Selling General And Administration": 24205000.0,
        "Gross Profit": 71128000.0,
        "Cost Of Revenue": 137348000.0,
        "Total Revenue": 208476000.0,
        "Operating Revenue": 208476000.0
    },
    "2022-06-30": {
        "Tax Effect Of Unusual Items": 0.0,
        "Tax Rate For Calcs": 0.053641,
        "Normalized EBITDA": 18140000.0,
        "Total Unusual Items": 0.0,
        "Total Unusual Items Excluding Goodwill": 0.0,
        "Net Income From Continuing Operation Net Minority Interest": 15091000.0,
        "Reconciled Depreciation": 8588000.0,
        "Reconciled Cost Of Revenue": 130737000.0,
        "EBITDA": 18140000.0,
        "EBIT": 18140000.0,
        "Net Interest Income": -895000.0,
        "Interest Expense": NaN,
        "Normalized Income": 15091000.0,
        "Net Income From Continuing And Discontinued Operation": 15091000.0,
        "Total Expenses": 175819000.0,
        "Total Operating Income As Reported": 18140000.0,
        "Diluted Average Shares": 28464000.0,
        "Basic Average Shares": 27268000.0,
        "Diluted EPS": 0.53,
        "Basic EPS": 0.55,
        "Diluted NI Availto Com Stockholders": 15091000.0,
        "Net Income Common Stockholders": 15091000.0,
        "Net Income": 15091000.0,
        "Minority Interests": 0.0,
        "Net Income Including Noncontrolling Interests": 15091000.0,
        "Net Income Continuous Operations": 15091000.0,
        "Earnings From Equity Interest Net Of Tax": -1493000.0,
        "Tax Provision": 940000.0,
        "Pretax Income": 17524000.0,
        "Other Income Expense": 279000.0,
        "Other Non Operating Income Expenses": 279000.0,
        "Special Income Charges": 0.0,
        "Gain On Sale Of Business": 0.0,
        "Earnings From Equity Interest": 0.0,
        "Net Non Operating Interest Income Expense": -895000.0,
        "Total Other Finance Cost": 895000.0,
        "Interest Expense Non Operating": NaN,
        "Operating Income": 18140000.0,
        "Operating Expense": 45082000.0,
        "Research And Development": 20386000.0,
        "Selling General And Administration": 24696000.0,
        "Gross Profit": 63222000.0,
        "Cost Of Revenue": 130737000.0,
        "Total Revenue": 193959000.0,
        "Operating Revenue": 193959000.0
    },
    "2022-03-31": {
        "Diluted EPS": 1.11,
        "Total Revenue": 203,
        "Gross Profit": 72,
        "Operating Income": 31,
        "EBIT": 40,
        "Net Income": 32
    },
    "2021-12-31": {
        "Diluted EPS": 13.54,
        "Total Revenue": 193,
        "Gross Profit": 68,
        "Operating Income": 28,
        "EBIT": 40,
        "Net Income": 383
    },
    "2021-09-30": {
        "Diluted EPS": 0.85,
        "Total Revenue": 187,
        "Gross Profit": 65,
        "Operating Income": 25,
        "EBIT": 39,
        "Net Income": 23
    },
    "2021-06-30": {
        "Diluted EPS": 0.72,
        "Total Revenue": 177,
        "Gross Profit": 61,
        "Operating Income": 22,
        "EBIT": 36,
        "Net Income": 20
    },
    "2021-03-31": {
        "Diluted EPS": 0.58,
        "Total Revenue": 169,
        "Gross Profit": 53,
        "Operating Income": 18,
        "EBIT": 32,
        "Net Income": 16
    },
    "2020-12-31": {
        "Diluted EPS": 0.47,
        "Total Revenue": 159,
        "Gross Profit": 49,
        "Operating Income": 14,
        "EBIT": 27,
        "Net Income": 13
    },
    "2020-09-30": {
        "Diluted EPS": 0.36,
        "Total Revenue": 152,
        "Gross Profit": 43,
        "Operating Income": 10,
        "EBIT": 23,
        "Net Income": 10
    },
    "2020-06-30": {
        "Diluted EPS": -0.01,
        "Total Revenue": 122,
        "Gross Profit": 29,
        "Operating Income": -1,
        "EBIT": 10,
        "Net Income": 0
    },
    "2020-03-31": {
        "Diluted EPS": -0.26,
        "Total Revenue": 107,
        "Gross Profit": 22,
        "Operating Income": -9,
        "EBIT": 3,
        "Net Income": -6
    },
    "2019-12-31": {
        "Diluted EPS": -0.04,
        "Total Revenue": 118,
        "Gross Profit": 24,
        "Operating Income": -3,
        "EBIT": 7,
        "Net Income": -1
    },
    "2019-09-30": {
        "Diluted EPS": 0.04,
        "Total Revenue": 118,
        "Gross Profit": 27,
        "Operating Income": -1,
        "EBIT": 10,
        "Net Income": 1
    },
    "2019-06-30": {
        "Diluted EPS": 0.1,
        "Total Revenue": 112,
        "Gross Profit": 28,
        "Operating Income": -1,
        "EBIT": 7,
        "Net Income": 3
    },
    "2019-03-31": {
        "Diluted EPS": -0.06,
        "Total Revenue": 109,
        "Gross Profit": 26,
        "Operating Income": -4,
        "EBIT": 4,
        "Net Income": -2
    },
    "2018-12-31": {
        "Diluted EPS": -0.06,
        "Total Revenue": 115,
        "Gross Profit": 30,
        "Operating Income": -3,
        "EBIT": 5,
        "Net Income": -2
    },
    "2018-09-30": {
        "Diluted EPS": 0.1,
        "Total Revenue": 115,
        "Gross Profit": 33,
        "Operating Income": 1,
        "EBIT": 9,
        "Net Income": 2
    },
    "2018-06-30": {
        "Diluted EPS": 0.04,
        "Total Revenue": 110,
        "Gross Profit": 29,
        "Operating Income": 0,
        "EBIT": 8,
        "Net Income": 1
    },
    "2018-03-31": {
        "Diluted EPS": 0.07,
        "Total Revenue": 103,
        "Gross Profit": 27,
        "Operating Income": 1,
        "EBIT": 8,
        "Net Income": 2
    },
    "2017-12-31": {
        "Diluted EPS": 0.27,
        "Total Revenue": 104,
        "Gross Profit": 28,
        "Operating Income": 3,
        "EBIT": 11,
        "Net Income": 7
    },
    "2017-09-30": {
        "Diluted EPS": 0.19,
        "Total Revenue": 105,
        "Gross Profit": 28,
        "Operating Income": 5,
        "EBIT": 12,
        "Net Income": 5
    },
    "2017-06-30": {
        "Diluted EPS": 0.17,
        "Total Revenue": 98,
        "Gross Profit": 25,
        "Operating Income": 4,
        "EBIT": 11,
        "Net Income": 4
    },
    "2017-03-31": {
        "Diluted EPS": 0.14,
        "Total Revenue": 93,
        "Gross Profit": 23,
        "Operating Income": 3,
        "EBIT": 10,
        "Net Income": 4
    },
    "2016-12-31": {
        "Diluted EPS": 0.11,
        "Total Revenue": 95,
        "Gross Profit": 22,
        "Operating Income": 3,
        "EBIT": 10,
        "Net Income": 3
    },
    "2016-09-30": {
        "Diluted EPS": 0.14,
        "Total Revenue": 97,
        "Gross Profit": 22,
        "Operating Income": 4,
        "EBIT": 10,
        "Net Income": 3
    },
    "2016-06-30": {
        "Diluted EPS": 0.09,
        "Total Revenue": 91,
        "Gross Profit": 19,
        "Operating Income": 3,
        "EBIT": 9,
        "Net Income": 2
    },
    "2016-03-31": {
        "Diluted EPS": -0.06,
        "Total Revenue": 83,
        "Gross Profit": 16,
        "Operating Income": 0,
        "EBIT": 7,
        "Net Income": -1
    },
    "2015-12-31": {
        "Diluted EPS": -0.07,
        "Total Revenue": 80,
        "Gross Profit": 15,
        "Operating Income": 0,
        "EBIT": 7,
        "Net Income": -2
    },
    "2015-09-30": {
        "Diluted EPS": -0.09,
        "Total Revenue": 81,
        "Gross Profit": 15,
        "Operating Income": -1,
        "EBIT": 6,
        "Net Income": -2
    },
    "2015-06-30": {
        "Diluted EPS": -0.1,
        "Total Revenue": 81,
        "Gross Profit": 14,
        "Operating Income": -2,
        "EBIT": 4,
        "Net Income": -3
    },
    "2015-03-31": {
        "Diluted EPS": -0.16,
        "Total Revenue": 77,
        "Gross Profit": 13,
        "Operating Income": -3,
        "EBIT": 3,
        "Net Income": -4
    },
    "2014-12-31": {
        "Diluted EPS": -0.05,
        "Total Revenue": 81,
        "Gross Profit": 15,
        "Operating Income": 0,
        "EBIT": 7,
        "Net Income": -1
    },
    "2014-09-30": {
        "Diluted EPS": 0.02,
        "Total Revenue": 88,
        "Gross Profit": 18,
        "Operating Income": 2,
        "EBIT": 9,
        "Net Income": 1
    },
    "2014-06-30": {
        "Diluted EPS": -0.01,
        "Total Revenue": 82,
        "Gross Profit": 16,
        "Operating Income": 0,
        "EBIT": 7,
        "Net Income": 0
    },
    "2014-03-31": {
        "Diluted EPS": -0.13,
        "Total Revenue": 75,
        "Gross Profit": 12,
        "Operating Income": -3,
        "EBIT": 4,
        "Net Income": -3
    },
    "2013-12-31": {
        "Diluted EPS": 0.01,
        "Total Revenue": 76,
        "Gross Profit": 14,
        "Operating Income": 1,
        "EBIT": 8,
        "Net Income": 0
    },
    "2013-09-30": {
        "Diluted EPS": 0.01,
        "Total Revenue": 84,
        "Gross Profit": 17,
        "Operating Income": 1,
        "EBIT": 8,
        "Net Income": 0
    },
    "2013-06-30": {
        "Diluted EPS": -0.15,
        "Total Revenue": 77,
        "Gross Profit": 13,
        "Operating Income": -3,
        "EBIT": 4,
        "Net Income": -4
    },
    "2013-03-31": {
        "Diluted EPS": -0.52,
        "Total Revenue": 75,
        "Gross Profit": 5,
        "Operating Income": -13,
        "EBIT": -6,
        "Net Income": -13
    },
    "2012-12-31": {
        "Diluted EPS": 0.14,
        "Total Revenue": 89,
        "Gross Profit": 21,
        "Operating Income": 5,
        "EBIT": 12,
        "Net Income": 4
    },
    "2012-09-30": {
        "Diluted EPS": 0.31,
        "Total Revenue": 96,
        "Gross Profit": 26,
        "Operating Income": 10,
        "EBIT": 17,
        "Net Income": 8
    },
    "2012-06-30": {
        "Diluted EPS": 0.26,
        "Total Revenue": 94,
        "Gross Profit": 25,
        "Operating Income": 8,
        "EBIT": 15,
        "Net Income": 7
    },
    "2012-03-31": {
        "Diluted EPS": 0.1,
        "Total Revenue": 84,
        "Gross Profit": 19,
        "Operating Income": 4,
        "EBIT": 10,
        "Net Income": 3
    },
    "2011-12-31": {
        "Diluted EPS": 0.06,
        "Total Revenue": 81,
        "Gross Profit": 18,
        "Operating Income": 2,
        "EBIT": 8,
        "Net Income": 1
    },
    "2011-09-30": {
        "Diluted EPS": 0.08,
        "Total Revenue": 83,
        "Gross Profit": 21,
        "Operating Income": 3,
        "EBIT": 9,
        "Net Income": 2
    },
    "2011-06-30": {
        "Diluted EPS": 0.37,
        "Total Revenue": 97,
        "Gross Profit": 29,
        "Operating Income": 10,
        "EBIT": 16,
        "Net Income": 10
    },
    "2011-03-31": {
        "Diluted EPS": 0.41,
        "Total Revenue": 91,
        "Gross Profit": 28,
        "Operating Income": 11,
        "EBIT": 16,
        "Net Income": 11
    },
    "2010-12-31": {
        "Diluted EPS": 0.36,
        "Total Revenue": 84,
        "Gross Profit": 23,
        "Operating Income": 8,
        "EBIT": 11,
        "Net Income": 9
    },
    "2010-09-30": {
        "Diluted EPS": 0.37,
        "Total Revenue": 89,
        "Gross Profit": 24,
        "Operating Income": 9,
        "EBIT": 12,
        "Net Income": 9
    },
    "2010-06-30": {
        "Diluted EPS": 0.36,
        "Total Revenue": 85,
        "Gross Profit": 23,
        "Operating Income": 8,
        "EBIT": 8,
        "Net Income": 9
    },
    "2010-03-31": {
        "Diluted EPS": 0.47,
        "Total Revenue": 78,
        "Gross Profit": 21,
        "Operating Income": 9,
        "EBIT": 9,
        "Net Income": 10
    },
    "2009-12-31": {
        "Diluted EPS": 0.48,
        "Total Revenue": 64,
        "Gross Profit": 18,
        "Operating Income": 7,
        "EBIT": 7,
        "Net Income": 10
    },
    "2009-09-30": {
        "Diluted EPS": 0.47,
        "Total Revenue": 75,
        "Gross Profit": 19,
        "Operating Income": 9,
        "EBIT": 9,
        "Net Income": 9
    },
    "2009-06-30": {
        "Diluted EPS": 0.0,
        "Total Revenue": NaN,
        "Gross Profit": NaN,
        "Operating Income": NaN,
        "EBIT": NaN,
        "Net Income": NaN
    },
    "2009-03-31": {
        "Diluted EPS": -0.71,
        "Total Revenue": 27,
        "Gross Profit": 4,
        "Operating Income": -5,
        "EBIT": -5,
        "Net Income": -6
    },
    "2023-06-30": {
        "Tax Effect Of Unusual Items": 0.0,
        "Tax Rate For Calcs": 0.173776,
        "Normalized EBITDA": 2612000.0,
        "Total Unusual Items": 0.0,
        "Total Unusual Items Excluding Goodwill": 0.0,
        "Net Income From Continuing Operation Net Minority Interest": -1104000.0,
        "Reconciled Depreciation": 12045000.0,
        "Reconciled Cost Of Revenue": 116944000.0,
        "EBITDA": 2612000.0,
        "EBIT": 2612000.0,
        "Net Interest Income": -87000.0,
        "Interest Expense": NaN,
        "Normalized Income": -1104000.0,
        "Net Income From Continuing And Discontinued Operation": -1104000.0,
        "Total Expenses": 158913000.0,
        "Total Operating Income As Reported": 2612000.0,
        "Diluted Average Shares": 27598000.0,
        "Basic Average Shares": 27598000.0,
        "Diluted EPS": -0.04,
        "Basic EPS": -0.04,
        "Diluted NI Availto Com Stockholders": -1104000.0,
        "Net Income Common Stockholders": -1104000.0,
        "Net Income": -1104000.0,
        "Minority Interests": 0.0,
        "Net Income Including Noncontrolling Interests": -1104000.0,
        "Net Income Continuous Operations": -1104000.0,
        "Earnings From Equity Interest Net Of Tax": -2944000.0,
        "Tax Provision": 387000.0,
        "Pretax Income": 2227000.0,
        "Other Income Expense": -298000.0,
        "Other Non Operating Income Expenses": -298000.0,
        "Special Income Charges": 0.0,
        "Gain On Sale Of Business": 0.0,
        "Earnings From Equity Interest": 0.0,
        "Net Non Operating Interest Income Expense": -87000.0,
        "Total Other Finance Cost": 87000.0,
        "Interest Expense Non Operating": NaN,
        "Operating Income": 2612000.0,
        "Operating Expense": 41969000.0,
        "Research And Development": 22711000.0,
        "Selling General And Administration": 19258000.0,
        "Gross Profit": 44581000.0,
        "Cost Of Revenue": 116944000.0,
        "Total Revenue": 161525000.0,
        "Operating Revenue": 161525000.0
    },
    "2023-09-30": {
        "Tax Effect Of Unusual Items": 0.0,
        "Tax Rate For Calcs": 0.118099,
        "Normalized EBITDA": 9381000.0,
        "Total Unusual Items": NaN,
        "Total Unusual Items Excluding Goodwill": NaN,
        "Net Income From Continuing Operation Net Minority Interest": 5786000.0,
        "Reconciled Depreciation": 12951000.0,
        "Reconciled Cost Of Revenue": 129708000.0,
        "EBITDA": 9381000.0,
        "EBIT": 9381000.0,
        "Net Interest Income": 229000.0,
        "Interest Expense": NaN,
        "Normalized Income": 5786000.0,
        "Net Income From Continuing And Discontinued Operation": 5786000.0,
        "Total Expenses": 171252000.0,
        "Total Operating Income As Reported": 9381000.0,
        "Diluted Average Shares": 29786000.0,
        "Basic Average Shares": 27693000.0,
        "Diluted EPS": 0.19,
        "Basic EPS": 0.21,
        "Diluted NI Availto Com Stockholders": 5786000.0,
        "Net Income Common Stockholders": 5786000.0,
        "Net Income": 5786000.0,
        "Minority Interests": NaN,
        "Net Income Including Noncontrolling Interests": 5786000.0,
        "Net Income Continuous Operations": 5786000.0,
        "Earnings From Equity Interest Net Of Tax": -2712000.0,
        "Tax Provision": 1138000.0,
        "Pretax Income": 9636000.0,
        "Other Income Expense": 26000.0,
        "Other Non Operating Income Expenses": 26000.0,
        "Special Income Charges": NaN,
        "Gain On Sale Of Business": NaN,
        "Earnings From Equity Interest": NaN,
        "Net Non Operating Interest Income Expense": 229000.0,
        "Total Other Finance Cost": -229000.0,
        "Interest Expense Non Operating": NaN,
        "Operating Income": 9381000.0,
        "Operating Expense": 41544000.0,
        "Research And Development": 22113000.0,
        "Selling General And Administration": 19431000.0,
        "Gross Profit": 50925000.0,
        "Cost Of Revenue": 129708000.0,
        "Total Revenue": 180633000.0,
        "Operating Revenue": 180633000.0
    }
}