{
    "2023-03-31": {
        "Tax Effect Of Unusual Items": NaN,
        "Tax Rate For Calcs": NaN,
        "Normalized EBITDA": NaN,
        "Total Unusual Items": NaN,
        "Total Unusual Items Excluding Goodwill": NaN,
        "Net Income From Continuing Operation Net Minority Interest": NaN,
        "Reconciled Depreciation": NaN,
        "Reconciled Cost Of Revenue": NaN,
        "EBITDA": NaN,
        "EBIT": NaN,
        "Net Interest Income": NaN,
        "Interest Expense": NaN,
        "Normalized Income": NaN,
        "Net Income From Continuing And Discontinued Operation": NaN,
        "Total Expenses": NaN,
        "Rent Expense Supplemental": 0.0,
        "Total Operating Income As Reported": -5370000.0,
        "Diluted Average Shares": 19072000.0,
        "Basic Average Shares": 18982000.0,
        "Diluted EPS": -0.38,
        "Basic EPS": -0.38,
        "Diluted NI Availto Com Stockholders": NaN,
        "Net Income Common Stockholders": NaN,
        "Preferred Stock Dividends": NaN,
        "Net Income": NaN,
        "Net Income Including Noncontrolling Interests": NaN,
        "Net Income Continuous Operations": NaN,
        "Earnings From Equity Interest Net Of Tax": NaN,
        "Tax Provision": NaN,
        "Pretax Income": NaN,
        "Other Income Expense": NaN,
        "Special Income Charges": NaN,
        "Gain On Sale Of Ppe": NaN,
        "Impairment Of Capital Assets": NaN,
        "Restructuring And Mergern Acquisition": 0.0,
        "Net Non Operating Interest Income Expense": NaN,
        "Interest Expense Non Operating": NaN,
        "Operating Income": NaN,
        "Operating Expense": NaN,
        "Depreciation Amortization Depletion Income Statement": NaN,
        "Depreciation And Amortization In Income Statement": NaN,
        "Selling General And Administration": NaN,
        "Selling And Marketing Expense": NaN,
        "General And Administrative Expense": NaN,
        "Other Gand A": NaN,
        "Rent And Landing Fees": 0.0,
        "Gross Profit": NaN,
        "Cost Of Revenue": NaN,
        "Total Revenue": NaN,
        "Operating Revenue": NaN
    },
    "2022-12-31": {
        "Tax Effect Of Unusual Items": NaN,
        "Tax Rate For Calcs": NaN,
        "Normalized EBITDA": NaN,
        "Total Unusual Items": NaN,
        "Total Unusual Items Excluding Goodwill": NaN,
        "Net Income From Continuing Operation Net Minority Interest": NaN,
        "Reconciled Depreciation": NaN,
        "Reconciled Cost Of Revenue": NaN,
        "EBITDA": NaN,
        "EBIT": NaN,
        "Net Interest Income": NaN,
        "Interest Expense": NaN,
        "Normalized Income": NaN,
        "Net Income From Continuing And Discontinued Operation": NaN,
        "Total Expenses": NaN,
        "Rent Expense Supplemental": NaN,
        "Total Operating Income As Reported": NaN,
        "Diluted Average Shares": NaN,
        "Basic Average Shares": NaN,
        "Diluted EPS": NaN,
        "Basic EPS": NaN,
        "Diluted NI Availto Com Stockholders": NaN,
        "Net Income Common Stockholders": NaN,
        "Preferred Stock Dividends": NaN,
        "Net Income": NaN,
        "Net Income Including Noncontrolling Interests": NaN,
        "Net Income Continuous Operations": NaN,
        "Earnings From Equity Interest Net Of Tax": NaN,
        "Tax Provision": NaN,
        "Pretax Income": NaN,
        "Other Income Expense": NaN,
        "Special Income Charges": NaN,
        "Gain On Sale Of Ppe": NaN,
        "Impairment Of Capital Assets": 2000000.0,
        "Restructuring And Mergern Acquisition": 0.0,
        "Net Non Operating Interest Income Expense": NaN,
        "Interest Expense Non Operating": NaN,
        "Operating Income": NaN,
        "Operating Expense": NaN,
        "Depreciation Amortization Depletion Income Statement": NaN,
        "Depreciation And Amortization In Income Statement": NaN,
        "Selling General And Administration": NaN,
        "Selling And Marketing Expense": NaN,
        "General And Administrative Expense": NaN,
        "Other Gand A": NaN,
        "Rent And Landing Fees": NaN,
        "Gross Profit": NaN,
        "Cost Of Revenue": NaN,
        "Total Revenue": NaN,
        "Operating Revenue": NaN
    },
    "2022-09-30": {
        "Tax Effect Of Unusual Items": NaN,
        "Tax Rate For Calcs": NaN,
        "Normalized EBITDA": NaN,
        "Total Unusual Items": NaN,
        "Total Unusual Items Excluding Goodwill": NaN,
        "Net Income From Continuing Operation Net Minority Interest": NaN,
        "Reconciled Depreciation": NaN,
        "Reconciled Cost Of Revenue": NaN,
        "EBITDA": NaN,
        "EBIT": NaN,
        "Net Interest Income": NaN,
        "Interest Expense": NaN,
        "Normalized Income": NaN,
        "Net Income From Continuing And Discontinued Operation": NaN,
        "Total Expenses": NaN,
        "Rent Expense Supplemental": NaN,
        "Total Operating Income As Reported": NaN,
        "Diluted Average Shares": NaN,
        "Basic Average Shares": NaN,
        "Diluted EPS": NaN,
        "Basic EPS": NaN,
        "Diluted NI Availto Com Stockholders": NaN,
        "Net Income Common Stockholders": NaN,
        "Preferred Stock Dividends": NaN,
        "Net Income": NaN,
        "Net Income Including Noncontrolling Interests": NaN,
        "Net Income Continuous Operations": NaN,
        "Earnings From Equity Interest Net Of Tax": NaN,
        "Tax Provision": NaN,
        "Pretax Income": NaN,
        "Other Income Expense": NaN,
        "Special Income Charges": NaN,
        "Gain On Sale Of Ppe": NaN,
        "Impairment Of Capital Assets": 0.0,
        "Restructuring And Mergern Acquisition": NaN,
        "Net Non Operating Interest Income Expense": NaN,
        "Interest Expense Non Operating": NaN,
        "Operating Income": NaN,
        "Operating Expense": NaN,
        "Depreciation Amortization Depletion Income Statement": NaN,
        "Depreciation And Amortization In Income Statement": NaN,
        "Selling General And Administration": NaN,
        "Selling And Marketing Expense": NaN,
        "General And Administrative Expense": NaN,
        "Other Gand A": NaN,
        "Rent And Landing Fees": NaN,
        "Gross Profit": NaN,
        "Cost Of Revenue": NaN,
        "Total Revenue": NaN,
        "Operating Revenue": NaN
    },
    "2022-06-30": {
        "Tax Effect Of Unusual Items": -35379828.0,
        "Tax Rate For Calcs": 0.243,
        "Normalized EBITDA": 157346000.0,
        "Total Unusual Items": -145596000.0,
        "Total Unusual Items Excluding Goodwill": -145596000.0,
        "Net Income From Continuing Operation Net Minority Interest": -110029000.0,
        "Reconciled Depreciation": 8119000.0,
        "Reconciled Cost Of Revenue": 72089000.0,
        "EBITDA": 11750000.0,
        "EBIT": 3631000.0,
        "Net Interest Income": -3390000.0,
        "Interest Expense": 3390000.0,
        "Normalized Income": 187172.0,
        "Net Income From Continuing And Discontinued Operation": -110029000.0,
        "Total Expenses": 145977000.0,
        "Total Operating Income As Reported": NaN,
        "Diluted Average Shares": 18907000.0,
        "Basic Average Shares": 18865000.0,
        "Diluted EPS": -5.83,
        "Basic EPS": -5.83,
        "Diluted NI Availto Com Stockholders": -110029000.0,
        "Net Income Common Stockholders": -110029000.0,
        "Preferred Stock Dividends": NaN,
        "Net Income": -110029000.0,
        "Net Income Including Noncontrolling Interests": -110029000.0,
        "Net Income Continuous Operations": -110029000.0,
        "Earnings From Equity Interest Net Of Tax": -6000.0,
        "Tax Provision": -35332000.0,
        "Pretax Income": -145355000.0,
        "Other Income Expense": -145596000.0,
        "Special Income Charges": -145596000.0,
        "Gain On Sale Of Ppe": 9000.0,
        "Impairment Of Capital Assets": 144900000.0,
        "Restructuring And Mergern Acquisition": 705000.0,
        "Net Non Operating Interest Income Expense": -3390000.0,
        "Total Other Finance Cost": 3390000.0,
        "Interest Expense Non Operating": 3390000.0,
        "Operating Income": 3631000.0,
        "Operating Expense": 73888000.0,
        "Depreciation Amortization Depletion Income Statement": 8119000.0,
        "Depreciation And Amortization In Income Statement": 8119000.0,
        "Selling General And Administration": 65769000.0,
        "Selling And Marketing Expense": 35846000.0,
        "General And Administrative Expense": 29923000.0,
        "Other Gand A": 29923000.0,
        "Gross Profit": 77519000.0,
        "Cost Of Revenue": 72089000.0,
        "Total Revenue": 149608000.0,
        "Operating Revenue": 149608000.0
    },
    "2022-03-31": {
        "Diluted EPS": 0.28,
        "Total Revenue": 155,
        "Gross Profit": 83,
        "Operating Income": 5,
        "EBIT": 14,
        "Net Income": 5
    },
    "2021-12-31": {
        "Diluted EPS": 0.46,
        "Total Revenue": 154,
        "Gross Profit": 87,
        "Operating Income": 16,
        "EBIT": 25,
        "Net Income": 9
    },
    "2021-09-30": {
        "Diluted EPS": -0.01,
        "Total Revenue": 98,
        "Gross Profit": 56,
        "Operating Income": 1,
        "EBIT": 6,
        "Net Income": 0
    },
    "2021-06-30": {
        "Diluted EPS": 0.03,
        "Total Revenue": 78,
        "Gross Profit": 48,
        "Operating Income": 2,
        "EBIT": 4,
        "Net Income": 1
    },
    "2021-03-31": {
        "Diluted EPS": 0.49,
        "Total Revenue": 89,
        "Gross Profit": 56,
        "Operating Income": 11,
        "EBIT": 13,
        "Net Income": 8
    },
    "2020-12-31": {
        "Diluted EPS": 0.46,
        "Total Revenue": 86,
        "Gross Profit": 55,
        "Operating Income": 10,
        "EBIT": 13,
        "Net Income": 7
    },
    "2020-09-30": {
        "Diluted EPS": 0.18,
        "Total Revenue": 79,
        "Gross Profit": 48,
        "Operating Income": 3,
        "EBIT": 7,
        "Net Income": 3
    },
    "2020-06-30": {
        "Diluted EPS": 0.45,
        "Total Revenue": 82,
        "Gross Profit": 51,
        "Operating Income": 9,
        "EBIT": 12,
        "Net Income": 7
    },
    "2020-03-31": {
        "Diluted EPS": 0.16,
        "Total Revenue": 75,
        "Gross Profit": 45,
        "Operating Income": 3,
        "EBIT": 6,
        "Net Income": 2
    },
    "2019-12-31": {
        "Diluted EPS": 0.36,
        "Total Revenue": 74,
        "Gross Profit": 46,
        "Operating Income": 9,
        "EBIT": 12,
        "Net Income": 6
    },
    "2019-09-30": {
        "Diluted EPS": -0.1,
        "Total Revenue": 68,
        "Gross Profit": 41,
        "Operating Income": -3,
        "EBIT": 2,
        "Net Income": -2
    },
    "2019-06-30": {
        "Diluted EPS": 0.3,
        "Total Revenue": 71,
        "Gross Profit": 42,
        "Operating Income": 6,
        "EBIT": 10,
        "Net Income": 5
    },
    "2019-03-31": {
        "Diluted EPS": 0.06,
        "Total Revenue": 73,
        "Gross Profit": 46,
        "Operating Income": 1,
        "EBIT": 11,
        "Net Income": 1
    },
    "2018-12-31": {
        "Diluted EPS": 0.54,
        "Total Revenue": 77,
        "Gross Profit": 48,
        "Operating Income": 11,
        "EBIT": 16,
        "Net Income": 9
    },
    "2018-09-30": {
        "Diluted EPS": 0.33,
        "Total Revenue": 73,
        "Gross Profit": 45,
        "Operating Income": 7,
        "EBIT": 11,
        "Net Income": 5
    },
    "2018-06-30": {
        "Diluted EPS": 0.39,
        "Total Revenue": 73,
        "Gross Profit": 44,
        "Operating Income": 8,
        "EBIT": 12,
        "Net Income": 6
    },
    "2018-03-31": {
        "Diluted EPS": 0.28,
        "Total Revenue": 75,
        "Gross Profit": 45,
        "Operating Income": 6,
        "EBIT": 11,
        "Net Income": 5
    },
    "2017-12-31": {
        "Diluted EPS": 0.51,
        "Total Revenue": 78,
        "Gross Profit": 49,
        "Operating Income": 13,
        "EBIT": 17,
        "Net Income": 8
    },
    "2017-09-30": {
        "Diluted EPS": 0.27,
        "Total Revenue": 73,
        "Gross Profit": 45,
        "Operating Income": 8,
        "EBIT": 12,
        "Net Income": 4
    },
    "2017-06-30": {
        "Diluted EPS": 0.23,
        "Total Revenue": 72,
        "Gross Profit": 42,
        "Operating Income": 6,
        "EBIT": 11,
        "Net Income": 4
    },
    "2017-03-31": {
        "Diluted EPS": 0.28,
        "Total Revenue": 76,
        "Gross Profit": 47,
        "Operating Income": 8,
        "EBIT": 13,
        "Net Income": 5
    },
    "2016-12-31": {
        "Diluted EPS": 0.42,
        "Total Revenue": 79,
        "Gross Profit": 49,
        "Operating Income": 11,
        "EBIT": 16,
        "Net Income": 7
    },
    "2016-09-30": {
        "Diluted EPS": 0.02,
        "Total Revenue": 74,
        "Gross Profit": 45,
        "Operating Income": 0,
        "EBIT": 10,
        "Net Income": 0
    },
    "2016-06-30": {
        "Diluted EPS": 0.41,
        "Total Revenue": 77,
        "Gross Profit": 48,
        "Operating Income": 11,
        "EBIT": 15,
        "Net Income": 7
    },
    "2016-03-31": {
        "Diluted EPS": 0.64,
        "Total Revenue": 84,
        "Gross Profit": 54,
        "Operating Income": 16,
        "EBIT": 21,
        "Net Income": 10
    },
    "2015-12-31": {
        "Diluted EPS": 0.59,
        "Total Revenue": 86,
        "Gross Profit": 56,
        "Operating Income": 16,
        "EBIT": 22,
        "Net Income": 10
    },
    "2015-09-30": {
        "Diluted EPS": 0.41,
        "Total Revenue": 76,
        "Gross Profit": 47,
        "Operating Income": 11,
        "EBIT": 15,
        "Net Income": 7
    },
    "2015-06-30": {
        "Diluted EPS": 0.42,
        "Total Revenue": 80,
        "Gross Profit": 51,
        "Operating Income": 12,
        "EBIT": 16,
        "Net Income": 7
    },
    "2015-03-31": {
        "Diluted EPS": 0.51,
        "Total Revenue": 85,
        "Gross Profit": 55,
        "Operating Income": 14,
        "EBIT": 19,
        "Net Income": 9
    },
    "2014-12-31": {
        "Diluted EPS": 0.67,
        "Total Revenue": 91,
        "Gross Profit": 60,
        "Operating Income": 19,
        "EBIT": 23,
        "Net Income": 12
    },
    "2014-09-30": {
        "Diluted EPS": 0.51,
        "Total Revenue": 85,
        "Gross Profit": 54,
        "Operating Income": 15,
        "EBIT": 19,
        "Net Income": 9
    },
    "2014-06-30": {
        "Diluted EPS": 0.56,
        "Total Revenue": 85,
        "Gross Profit": 55,
        "Operating Income": 16,
        "EBIT": 20,
        "Net Income": 10
    },
    "2014-03-31": {
        "Diluted EPS": 0.59,
        "Total Revenue": 89,
        "Gross Profit": 57,
        "Operating Income": 17,
        "EBIT": 21,
        "Net Income": 10
    },
    "2013-12-31": {
        "Diluted EPS": 0.51,
        "Total Revenue": 83,
        "Gross Profit": 54,
        "Operating Income": 15,
        "EBIT": 18,
        "Net Income": 9
    },
    "2013-09-30": {
        "Diluted EPS": 0.61,
        "Total Revenue": 82,
        "Gross Profit": 54,
        "Operating Income": 18,
        "EBIT": 21,
        "Net Income": 11
    },
    "2013-06-30": {
        "Diluted EPS": 0.6,
        "Total Revenue": 81,
        "Gross Profit": 54,
        "Operating Income": 17,
        "EBIT": 21,
        "Net Income": 11
    },
    "2013-03-31": {
        "Diluted EPS": 0.63,
        "Total Revenue": 84,
        "Gross Profit": 55,
        "Operating Income": 18,
        "EBIT": 21,
        "Net Income": 11
    },
    "2012-12-31": {
        "Diluted EPS": 0.74,
        "Total Revenue": 86,
        "Gross Profit": 56,
        "Operating Income": 21,
        "EBIT": 24,
        "Net Income": 13
    },
    "2012-09-30": {
        "Diluted EPS": 0.6,
        "Total Revenue": 77,
        "Gross Profit": 51,
        "Operating Income": 18,
        "EBIT": 20,
        "Net Income": 11
    },
    "2012-06-30": {
        "Diluted EPS": 0.51,
        "Total Revenue": 75,
        "Gross Profit": 48,
        "Operating Income": 15,
        "EBIT": 18,
        "Net Income": 9
    },
    "2012-03-31": {
        "Diluted EPS": 0.5,
        "Total Revenue": 76,
        "Gross Profit": 48,
        "Operating Income": 15,
        "EBIT": 18,
        "Net Income": 9
    },
    "2011-12-31": {
        "Diluted EPS": 0.71,
        "Total Revenue": 76,
        "Gross Profit": 50,
        "Operating Income": 20,
        "EBIT": 22,
        "Net Income": 13
    },
    "2011-09-30": {
        "Diluted EPS": 0.6,
        "Total Revenue": 65,
        "Gross Profit": 41,
        "Operating Income": 15,
        "EBIT": 17,
        "Net Income": 11
    },
    "2011-06-30": {
        "Diluted EPS": 0.49,
        "Total Revenue": 61,
        "Gross Profit": 38,
        "Operating Income": 15,
        "EBIT": 17,
        "Net Income": 9
    },
    "2011-03-31": {
        "Diluted EPS": 0.43,
        "Total Revenue": 59,
        "Gross Profit": 37,
        "Operating Income": 13,
        "EBIT": 15,
        "Net Income": 8
    },
    "2010-12-31": {
        "Diluted EPS": 0.52,
        "Total Revenue": 56,
        "Gross Profit": 36,
        "Operating Income": 16,
        "EBIT": 18,
        "Net Income": 10
    },
    "2010-09-30": {
        "Diluted EPS": 0.3,
        "Total Revenue": 48,
        "Gross Profit": 29,
        "Operating Income": 9,
        "EBIT": 11,
        "Net Income": 6
    },
    "2010-06-30": {
        "Diluted EPS": 0.37,
        "Total Revenue": 46,
        "Gross Profit": 29,
        "Operating Income": 12,
        "EBIT": 13,
        "Net Income": 7
    },
    "2010-03-31": {
        "Diluted EPS": 0.4,
        "Total Revenue": 47,
        "Gross Profit": 29,
        "Operating Income": 13,
        "EBIT": 15,
        "Net Income": 8
    },
    "2009-12-31": {
        "Diluted EPS": 0.44,
        "Total Revenue": 44,
        "Gross Profit": 27,
        "Operating Income": 14,
        "EBIT": 15,
        "Net Income": 8
    },
    "2009-09-30": {
        "Diluted EPS": 0.27,
        "Total Revenue": 36,
        "Gross Profit": 22,
        "Operating Income": 8,
        "EBIT": 10,
        "Net Income": 5
    },
    "2009-06-30": {
        "Diluted EPS": 0.28,
        "Total Revenue": 36,
        "Gross Profit": 21,
        "Operating Income": 9,
        "EBIT": 10,
        "Net Income": 5
    },
    "2009-03-31": {
        "Diluted EPS": 0.28,
        "Total Revenue": 33,
        "Gross Profit": 20,
        "Operating Income": 9,
        "EBIT": 10,
        "Net Income": 5
    },
    "2023-06-30": {
        "Tax Effect Of Unusual Items": -14599296.0,
        "Tax Rate For Calcs": 0.228,
        "Normalized EBITDA": 6717000.0,
        "Total Unusual Items": -64032000.0,
        "Total Unusual Items Excluding Goodwill": -64032000.0,
        "Net Income From Continuing Operation Net Minority Interest": -51232000.0,
        "Reconciled Depreciation": 7953000.0,
        "Reconciled Cost Of Revenue": 74998000.0,
        "EBITDA": -57315000.0,
        "EBIT": -65268000.0,
        "Net Interest Income": -1097000.0,
        "Interest Expense": 1097000.0,
        "Normalized Income": -1799296.0,
        "Net Income From Continuing And Discontinued Operation": -51232000.0,
        "Total Expenses": 148450000.0,
        "Rent Expense Supplemental": NaN,
        "Total Operating Income As Reported": -65268000.0,
        "Diluted Average Shares": 17991000.0,
        "Basic Average Shares": 17932000.0,
        "Diluted EPS": -2.94,
        "Basic EPS": -2.94,
        "Diluted NI Availto Com Stockholders": -52719000.0,
        "Net Income Common Stockholders": -52719000.0,
        "Preferred Stock Dividends": 1487000.0,
        "Net Income": -51232000.0,
        "Net Income Including Noncontrolling Interests": -51232000.0,
        "Net Income Continuous Operations": -51232000.0,
        "Earnings From Equity Interest Net Of Tax": -4000.0,
        "Tax Provision": -15137000.0,
        "Pretax Income": -66365000.0,
        "Other Income Expense": -64032000.0,
        "Special Income Charges": -64032000.0,
        "Gain On Sale Of Ppe": -32000.0,
        "Impairment Of Capital Assets": 64000000.0,
        "Restructuring And Mergern Acquisition": 0.0,
        "Net Non Operating Interest Income Expense": -1097000.0,
        "Interest Expense Non Operating": 1097000.0,
        "Operating Income": -1236000.0,
        "Operating Expense": 73452000.0,
        "Depreciation Amortization Depletion Income Statement": 7953000.0,
        "Depreciation And Amortization In Income Statement": 7953000.0,
        "Selling General And Administration": 65499000.0,
        "Selling And Marketing Expense": 32966000.0,
        "General And Administrative Expense": 32533000.0,
        "Other Gand A": 32533000.0,
        "Rent And Landing Fees": NaN,
        "Gross Profit": 72216000.0,
        "Cost Of Revenue": 74998000.0,
        "Total Revenue": 147214000.0,
        "Operating Revenue": 147214000.0
    },
    "2023-09-30": {
        "Tax Effect Of Unusual Items": 3360.0,
        "Tax Rate For Calcs": 0.21,
        "Normalized EBITDA": 13410000.0,
        "Total Unusual Items": 16000.0,
        "Total Unusual Items Excluding Goodwill": 16000.0,
        "Net Income From Continuing Operation Net Minority Interest": -3328000.0,
        "Reconciled Depreciation": 7026000.0,
        "Reconciled Cost Of Revenue": 73228000.0,
        "EBITDA": 13426000.0,
        "EBIT": 6400000.0,
        "Net Interest Income": -792000.0,
        "Interest Expense": 792000.0,
        "Normalized Income": -3340640.0,
        "Net Income From Continuing And Discontinued Operation": -3328000.0,
        "Total Expenses": 144454000.0,
        "Rent Expense Supplemental": NaN,
        "Total Operating Income As Reported": NaN,
        "Diluted Average Shares": 17820000.0,
        "Basic Average Shares": 17778000.0,
        "Diluted EPS": -0.27,
        "Basic EPS": -0.27,
        "Diluted NI Availto Com Stockholders": -4853000.0,
        "Net Income Common Stockholders": -4853000.0,
        "Preferred Stock Dividends": 1525000.0,
        "Net Income": -3328000.0,
        "Net Income Including Noncontrolling Interests": -3328000.0,
        "Net Income Continuous Operations": -3328000.0,
        "Earnings From Equity Interest Net Of Tax": -5224000.0,
        "Tax Provision": 3712000.0,
        "Pretax Income": 5608000.0,
        "Other Income Expense": 16000.0,
        "Special Income Charges": 16000.0,
        "Gain On Sale Of Ppe": 16000.0,
        "Impairment Of Capital Assets": 0.0,
        "Restructuring And Mergern Acquisition": 0.0,
        "Net Non Operating Interest Income Expense": -792000.0,
        "Interest Expense Non Operating": 792000.0,
        "Operating Income": 6384000.0,
        "Operating Expense": 71226000.0,
        "Depreciation Amortization Depletion Income Statement": 7026000.0,
        "Depreciation And Amortization In Income Statement": 7026000.0,
        "Selling General And Administration": 64200000.0,
        "Selling And Marketing Expense": 33315000.0,
        "General And Administrative Expense": 30885000.0,
        "Other Gand A": 30885000.0,
        "Rent And Landing Fees": NaN,
        "Gross Profit": 77610000.0,
        "Cost Of Revenue": 73228000.0,
        "Total Revenue": 150838000.0,
        "Operating Revenue": 150838000.0
    },
    "2023-12-31": {
        "Tax Effect Of Unusual Items": -415513.374282,
        "Tax Rate For Calcs": 0.140281,
        "Normalized EBITDA": 23975000.0,
        "Total Unusual Items": -2962000.0,
        "Total Unusual Items Excluding Goodwill": -2962000.0,
        "Net Income From Continuing Operation Net Minority Interest": 13014000.0,
        "Reconciled Depreciation": 5081000.0,
        "Reconciled Cost Of Revenue": 70747000.0,
        "EBITDA": 21013000.0,
        "EBIT": 15932000.0,
        "Net Interest Income": -791000.0,
        "Interest Expense": 791000.0,
        "Normalized Income": 15560486.625718,
        "Net Income From Continuing And Discontinued Operation": 13014000.0,
        "Total Expenses": 133910000.0,
        "Rent Expense Supplemental": NaN,
        "Total Operating Income As Reported": NaN,
        "Diluted Average Shares": NaN,
        "Basic Average Shares": NaN,
        "Diluted EPS": NaN,
        "Basic EPS": NaN,
        "Diluted NI Availto Com Stockholders": 11475000.0,
        "Net Income Common Stockholders": 11475000.0,
        "Preferred Stock Dividends": 1539000.0,
        "Net Income": 13014000.0,
        "Net Income Including Noncontrolling Interests": 13014000.0,
        "Net Income Continuous Operations": 13014000.0,
        "Earnings From Equity Interest Net Of Tax": -3000.0,
        "Tax Provision": 2124000.0,
        "Pretax Income": 15141000.0,
        "Other Income Expense": -2962000.0,
        "Special Income Charges": -2962000.0,
        "Gain On Sale Of Ppe": -2962000.0,
        "Impairment Of Capital Assets": 0.0,
        "Restructuring And Mergern Acquisition": 0.0,
        "Net Non Operating Interest Income Expense": -791000.0,
        "Interest Expense Non Operating": 791000.0,
        "Operating Income": 18894000.0,
        "Operating Expense": 63163000.0,
        "Depreciation Amortization Depletion Income Statement": 5081000.0,
        "Depreciation And Amortization In Income Statement": 5081000.0,
        "Selling General And Administration": 58082000.0,
        "Selling And Marketing Expense": 26750000.0,
        "General And Administrative Expense": 31332000.0,
        "Other Gand A": 31332000.0,
        "Rent And Landing Fees": NaN,
        "Gross Profit": 82057000.0,
        "Cost Of Revenue": 70747000.0,
        "Total Revenue": 152804000.0,
        "Operating Revenue": 152804000.0
    },
    "2024-03-31": {
        "Tax Effect Of Unusual Items": -6717.563291,
        "Tax Rate For Calcs": 0.239913,
        "Normalized EBITDA": 10338000.0,
        "Total Unusual Items": -28000.0,
        "Total Unusual Items Excluding Goodwill": -28000.0,
        "Net Income From Continuing Operation Net Minority Interest": 516000.0,
        "Reconciled Depreciation": 5128000.0,
        "Reconciled Cost Of Revenue": 72425000.0,
        "EBITDA": 10310000.0,
        "EBIT": 5182000.0,
        "Net Interest Income": -126000.0,
        "Interest Expense": 126000.0,
        "Normalized Income": 537282.436709,
        "Net Income From Continuing And Discontinued Operation": 516000.0,
        "Total Expenses": 149222000.0,
        "Rent Expense Supplemental": 2936000.0,
        "Total Operating Income As Reported": NaN,
        "Diluted Average Shares": 17811000.0,
        "Basic Average Shares": 17510000.0,
        "Diluted EPS": -0.06,
        "Basic EPS": -0.06,
        "Diluted NI Availto Com Stockholders": -1019000.0,
        "Net Income Common Stockholders": -1019000.0,
        "Preferred Stock Dividends": 1535000.0,
        "Net Income": 516000.0,
        "Net Income Including Noncontrolling Interests": 516000.0,
        "Net Income Continuous Operations": 516000.0,
        "Earnings From Equity Interest Net Of Tax": -3327000.0,
        "Tax Provision": 1213000.0,
        "Pretax Income": 5056000.0,
        "Other Income Expense": -28000.0,
        "Special Income Charges": -28000.0,
        "Gain On Sale Of Ppe": -28000.0,
        "Impairment Of Capital Assets": NaN,
        "Restructuring And Mergern Acquisition": NaN,
        "Net Non Operating Interest Income Expense": -126000.0,
        "Interest Expense Non Operating": 126000.0,
        "Operating Income": 5210000.0,
        "Operating Expense": 76797000.0,
        "Depreciation Amortization Depletion Income Statement": 5128000.0,
        "Depreciation And Amortization In Income Statement": 5128000.0,
        "Selling General And Administration": 71669000.0,
        "Selling And Marketing Expense": 32456000.0,
        "General And Administrative Expense": 39213000.0,
        "Other Gand A": 36277000.0,
        "Rent And Landing Fees": 2936000.0,
        "Gross Profit": 82007000.0,
        "Cost Of Revenue": 72425000.0,
        "Total Revenue": 154432000.0,
        "Operating Revenue": 154432000.0
    },
    "2024-06-30": {
        "Tax Effect Of Unusual Items": -8280.0,
        "Tax Rate For Calcs": 0.045,
        "Normalized EBITDA": 7636000.0,
        "Total Unusual Items": -184000.0,
        "Total Unusual Items Excluding Goodwill": -184000.0,
        "Net Income From Continuing Operation Net Minority Interest": 371000.0,
        "Reconciled Depreciation": 5232000.0,
        "Reconciled Cost Of Revenue": 76216000.0,
        "EBITDA": 7452000.0,
        "EBIT": 2220000.0,
        "Net Interest Income": -785000.0,
        "Interest Expense": 785000.0,
        "Normalized Income": 546720.0,
        "Net Income From Continuing And Discontinued Operation": 371000.0,
        "Total Expenses": 150491000.0,
        "Rent Expense Supplemental": 779000.0,
        "Total Operating Income As Reported": NaN,
        "Diluted Average Shares": 18134000.0,
        "Basic Average Shares": 17627000.0,
        "Diluted EPS": -0.07,
        "Basic EPS": -0.07,
        "Diluted NI Availto Com Stockholders": -1160000.0,
        "Net Income Common Stockholders": -1160000.0,
        "Preferred Stock Dividends": 1531000.0,
        "Net Income": 371000.0,
        "Net Income Including Noncontrolling Interests": 371000.0,
        "Net Income Continuous Operations": 371000.0,
        "Earnings From Equity Interest Net Of Tax": -1080000.0,
        "Tax Provision": -16000.0,
        "Pretax Income": 1435000.0,
        "Other Income Expense": -184000.0,
        "Special Income Charges": -184000.0,
        "Gain On Sale Of Ppe": -184000.0,
        "Impairment Of Capital Assets": 0.0,
        "Restructuring And Mergern Acquisition": NaN,
        "Net Non Operating Interest Income Expense": -785000.0,
        "Interest Expense Non Operating": 785000.0,
        "Operating Income": 2404000.0,
        "Operating Expense": 74275000.0,
        "Depreciation Amortization Depletion Income Statement": 5232000.0,
        "Depreciation And Amortization In Income Statement": 5232000.0,
        "Selling General And Administration": 69043000.0,
        "Selling And Marketing Expense": 33838000.0,
        "General And Administrative Expense": 35205000.0,
        "Other Gand A": 34426000.0,
        "Rent And Landing Fees": 779000.0,
        "Gross Profit": 76679000.0,
        "Cost Of Revenue": 76216000.0,
        "Total Revenue": 152895000.0,
        "Operating Revenue": 152895000.0
    }
}