{
    "2023-03-31": {
        "Tax Effect Of Unusual Items": NaN,
        "Tax Rate For Calcs": NaN,
        "Normalized EBITDA": NaN,
        "Total Unusual Items": NaN,
        "Total Unusual Items Excluding Goodwill": NaN,
        "Net Income From Continuing Operation Net Minority Interest": NaN,
        "Reconciled Depreciation": NaN,
        "Reconciled Cost Of Revenue": NaN,
        "EBITDA": NaN,
        "EBIT": NaN,
        "Net Interest Income": NaN,
        "Interest Expense": NaN,
        "Normalized Income": NaN,
        "Net Income From Continuing And Discontinued Operation": NaN,
        "Total Expenses": NaN,
        "Total Operating Income As Reported": NaN,
        "Diluted Average Shares": NaN,
        "Basic Average Shares": NaN,
        "Diluted EPS": NaN,
        "Basic EPS": NaN,
        "Diluted NI Availto Com Stockholders": NaN,
        "Average Dilution Earnings": 1000000.0,
        "Net Income Common Stockholders": NaN,
        "Otherunder Preferred Stock Dividend": NaN,
        "Preferred Stock Dividends": 11000000.0,
        "Net Income": NaN,
        "Net Income Including Noncontrolling Interests": NaN,
        "Net Income Continuous Operations": NaN,
        "Tax Provision": NaN,
        "Pretax Income": NaN,
        "Other Income Expense": NaN,
        "Other Non Operating Income Expenses": 3000000.0,
        "Special Income Charges": NaN,
        "Other Special Charges": 3000000.0,
        "Gain On Sale Of Security": NaN,
        "Net Non Operating Interest Income Expense": NaN,
        "Interest Expense Non Operating": NaN,
        "Operating Income": NaN,
        "Operating Expense": NaN,
        "Selling General And Administration": NaN,
        "General And Administrative Expense": 349000000.0,
        "Other Gand A": 352000000.0,
        "Salaries And Wages": -3000000.0,
        "Gross Profit": NaN,
        "Cost Of Revenue": NaN,
        "Total Revenue": NaN,
        "Operating Revenue": NaN
    },
    "2022-12-31": {
        "Tax Effect Of Unusual Items": NaN,
        "Tax Rate For Calcs": NaN,
        "Normalized EBITDA": NaN,
        "Total Unusual Items": NaN,
        "Total Unusual Items Excluding Goodwill": NaN,
        "Net Income From Continuing Operation Net Minority Interest": NaN,
        "Reconciled Depreciation": NaN,
        "Reconciled Cost Of Revenue": NaN,
        "EBITDA": NaN,
        "EBIT": NaN,
        "Net Interest Income": NaN,
        "Interest Expense": NaN,
        "Normalized Income": NaN,
        "Net Income From Continuing And Discontinued Operation": NaN,
        "Total Expenses": NaN,
        "Total Operating Income As Reported": NaN,
        "Diluted Average Shares": NaN,
        "Basic Average Shares": NaN,
        "Diluted EPS": NaN,
        "Basic EPS": NaN,
        "Diluted NI Availto Com Stockholders": NaN,
        "Average Dilution Earnings": NaN,
        "Net Income Common Stockholders": NaN,
        "Otherunder Preferred Stock Dividend": NaN,
        "Preferred Stock Dividends": NaN,
        "Net Income": NaN,
        "Net Income Including Noncontrolling Interests": NaN,
        "Net Income Continuous Operations": NaN,
        "Tax Provision": NaN,
        "Pretax Income": NaN,
        "Other Income Expense": NaN,
        "Other Non Operating Income Expenses": 10000000.0,
        "Special Income Charges": NaN,
        "Other Special Charges": 0.0,
        "Gain On Sale Of Security": NaN,
        "Net Non Operating Interest Income Expense": NaN,
        "Interest Expense Non Operating": NaN,
        "Operating Income": NaN,
        "Operating Expense": NaN,
        "Selling General And Administration": NaN,
        "General And Administrative Expense": NaN,
        "Other Gand A": NaN,
        "Salaries And Wages": -10000000.0,
        "Gross Profit": NaN,
        "Cost Of Revenue": NaN,
        "Total Revenue": NaN,
        "Operating Revenue": NaN
    },
    "2022-09-30": {
        "Tax Effect Of Unusual Items": NaN,
        "Tax Rate For Calcs": NaN,
        "Normalized EBITDA": NaN,
        "Total Unusual Items": NaN,
        "Total Unusual Items Excluding Goodwill": NaN,
        "Net Income From Continuing Operation Net Minority Interest": NaN,
        "Reconciled Depreciation": NaN,
        "Reconciled Cost Of Revenue": NaN,
        "EBITDA": NaN,
        "EBIT": NaN,
        "Net Interest Income": NaN,
        "Interest Expense": NaN,
        "Normalized Income": NaN,
        "Net Income From Continuing And Discontinued Operation": NaN,
        "Total Expenses": NaN,
        "Total Operating Income As Reported": NaN,
        "Diluted Average Shares": NaN,
        "Basic Average Shares": NaN,
        "Diluted EPS": NaN,
        "Basic EPS": NaN,
        "Diluted NI Availto Com Stockholders": NaN,
        "Average Dilution Earnings": 2000000.0,
        "Net Income Common Stockholders": NaN,
        "Otherunder Preferred Stock Dividend": NaN,
        "Preferred Stock Dividends": NaN,
        "Net Income": NaN,
        "Net Income Including Noncontrolling Interests": NaN,
        "Net Income Continuous Operations": NaN,
        "Tax Provision": NaN,
        "Pretax Income": NaN,
        "Other Income Expense": NaN,
        "Other Non Operating Income Expenses": 10000000.0,
        "Special Income Charges": NaN,
        "Other Special Charges": -5000000.0,
        "Gain On Sale Of Security": NaN,
        "Net Non Operating Interest Income Expense": NaN,
        "Interest Expense Non Operating": NaN,
        "Operating Income": NaN,
        "Operating Expense": NaN,
        "Selling General And Administration": NaN,
        "General And Administrative Expense": NaN,
        "Other Gand A": NaN,
        "Salaries And Wages": NaN,
        "Gross Profit": NaN,
        "Cost Of Revenue": NaN,
        "Total Revenue": NaN,
        "Operating Revenue": NaN
    },
    "2022-06-30": {
        "Tax Effect Of Unusual Items": 636000.0,
        "Tax Rate For Calcs": 0.318,
        "Normalized EBITDA": 146000000.0,
        "Total Unusual Items": 2000000.0,
        "Total Unusual Items Excluding Goodwill": 2000000.0,
        "Net Income From Continuing Operation Net Minority Interest": 30000000.0,
        "Reconciled Depreciation": 76000000.0,
        "Reconciled Cost Of Revenue": 1214000000.0,
        "EBITDA": 148000000.0,
        "EBIT": 72000000.0,
        "Net Interest Income": -28000000.0,
        "Interest Expense": 28000000.0,
        "Normalized Income": 28636000.0,
        "Net Income From Continuing And Discontinued Operation": 30000000.0,
        "Total Expenses": 1590000000.0,
        "Total Operating Income As Reported": 59000000.0,
        "Diluted Average Shares": 265922670.0,
        "Basic Average Shares": 233104873.0,
        "Diluted EPS": 0.06,
        "Basic EPS": 0.06,
        "Diluted NI Availto Com Stockholders": 17000000.0,
        "Average Dilution Earnings": 2000000.0,
        "Net Income Common Stockholders": 15000000.0,
        "Otherunder Preferred Stock Dividend": 4000000.0,
        "Preferred Stock Dividends": 11000000.0,
        "Net Income": 30000000.0,
        "Net Income Including Noncontrolling Interests": 30000000.0,
        "Net Income Continuous Operations": 30000000.0,
        "Tax Provision": 14000000.0,
        "Pretax Income": 44000000.0,
        "Other Income Expense": 13000000.0,
        "Other Non Operating Income Expenses": 11000000.0,
        "Special Income Charges": 0.0,
        "Other Special Charges": NaN,
        "Gain On Sale Of Security": 2000000.0,
        "Net Non Operating Interest Income Expense": -28000000.0,
        "Interest Expense Non Operating": 28000000.0,
        "Operating Income": 59000000.0,
        "Operating Expense": 376000000.0,
        "Selling General And Administration": 376000000.0,
        "Gross Profit": 435000000.0,
        "Cost Of Revenue": 1214000000.0,
        "Total Revenue": 1649000000.0,
        "Operating Revenue": 1649000000.0
    },
    "2023-06-30": {
        "Tax Effect Of Unusual Items": 1116000.0,
        "Tax Rate For Calcs": 0.372,
        "Normalized EBITDA": 185000000.0,
        "Total Unusual Items": 3000000.0,
        "Total Unusual Items Excluding Goodwill": 3000000.0,
        "Net Income From Continuing Operation Net Minority Interest": 48000000.0,
        "Reconciled Depreciation": 75000000.0,
        "Reconciled Cost Of Revenue": 1275000000.0,
        "EBITDA": 188000000.0,
        "EBIT": 113000000.0,
        "Net Interest Income": -38000000.0,
        "Interest Expense": 38000000.0,
        "Normalized Income": 46116000.0,
        "Net Income From Continuing And Discontinued Operation": 48000000.0,
        "Total Expenses": 1661000000.0,
        "Total Operating Income As Reported": 107000000.0,
        "Diluted Average Shares": 269561690.0,
        "Basic Average Shares": 235182839.0,
        "Diluted EPS": 0.12,
        "Basic EPS": 0.12,
        "Diluted NI Availto Com Stockholders": 32000000.0,
        "Average Dilution Earnings": 5000000.0,
        "Net Income Common Stockholders": 28000000.0,
        "Otherunder Preferred Stock Dividend": 9000000.0,
        "Preferred Stock Dividends": 11000000.0,
        "Net Income": 48000000.0,
        "Net Income Including Noncontrolling Interests": 48000000.0,
        "Net Income Continuous Operations": 48000000.0,
        "Tax Provision": 27000000.0,
        "Pretax Income": 75000000.0,
        "Other Income Expense": 3000000.0,
        "Other Non Operating Income Expenses": 3000000.0,
        "Special Income Charges": 0.0,
        "Other Special Charges": NaN,
        "Gain On Sale Of Security": 3000000.0,
        "Net Non Operating Interest Income Expense": -38000000.0,
        "Interest Expense Non Operating": 38000000.0,
        "Operating Income": 110000000.0,
        "Operating Expense": 386000000.0,
        "Selling General And Administration": 386000000.0,
        "General And Administrative Expense": 386000000.0,
        "Other Gand A": 389000000.0,
        "Salaries And Wages": -3000000.0,
        "Gross Profit": 496000000.0,
        "Cost Of Revenue": 1275000000.0,
        "Total Revenue": 1771000000.0,
        "Operating Revenue": 1771000000.0
    },
    "2022-03-31": {
        "Diluted EPS": -0.08,
        "Total Revenue": NaN,
        "Gross Profit": 376,
        "Operating Income": -7,
        "EBIT": 69,
        "Net Income": -18
    },
    "2021-12-31": {
        "Diluted EPS": -0.8,
        "Total Revenue": NaN,
        "Gross Profit": 274,
        "Operating Income": 50,
        "EBIT": 98,
        "Net Income": -169
    },
    "2021-09-30": {
        "Diluted EPS": 0.08,
        "Total Revenue": NaN,
        "Gross Profit": 252,
        "Operating Income": 41,
        "EBIT": 93,
        "Net Income": 19
    },
    "2021-06-30": {
        "Diluted EPS": 0.09,
        "Total Revenue": 978,
        "Gross Profit": 232,
        "Operating Income": 47,
        "EBIT": 99,
        "Net Income": 21
    },
    "2021-03-31": {
        "Diluted EPS": -0.04,
        "Total Revenue": 803,
        "Gross Profit": 181,
        "Operating Income": -2,
        "EBIT": 48,
        "Net Income": -8
    },
    "2020-12-31": {
        "Diluted EPS": -1.37,
        "Total Revenue": 882,
        "Gross Profit": 198,
        "Operating Income": -21,
        "EBIT": 46,
        "Net Income": -234
    },
    "2020-09-30": {
        "Diluted EPS": 0.13,
        "Total Revenue": 958,
        "Gross Profit": 222,
        "Operating Income": 62,
        "EBIT": 114,
        "Net Income": 23
    },
    "2020-06-30": {
        "Diluted EPS": 0.17,
        "Total Revenue": 889,
        "Gross Profit": 174,
        "Operating Income": 27,
        "EBIT": 101,
        "Net Income": 30
    },
    "2020-03-31": {
        "Diluted EPS": -1.14,
        "Total Revenue": 858,
        "Gross Profit": 162,
        "Operating Income": -234,
        "EBIT": -164,
        "Net Income": -194
    },
    "2019-12-31": {
        "Diluted EPS": 0.0,
        "Total Revenue": NaN,
        "Gross Profit": -406,
        "Operating Income": -263,
        "EBIT": -272,
        "Net Income": -239
    },
    "2019-09-30": {
        "Diluted EPS": 0.0,
        "Total Revenue": NaN,
        "Gross Profit": 233,
        "Operating Income": 13,
        "EBIT": 40,
        "Net Income": 12
    },
    "2019-06-30": {
        "Diluted EPS": 0.0,
        "Total Revenue": NaN,
        "Gross Profit": 208,
        "Operating Income": 63,
        "EBIT": 89,
        "Net Income": 53
    },
    "2019-03-31": {
        "Diluted EPS": 0.0,
        "Total Revenue": 922,
        "Gross Profit": 163,
        "Operating Income": 26,
        "EBIT": 51,
        "Net Income": 21
    },
    "2018-12-31": {
        "Diluted EPS": 0.0,
        "Total Revenue": NaN,
        "Gross Profit": NaN,
        "Operating Income": NaN,
        "EBIT": NaN,
        "Net Income": NaN
    },
    "2023-09-30": {
        "Tax Effect Of Unusual Items": 1020000.0,
        "Tax Rate For Calcs": 0.255,
        "Normalized EBITDA": 184000000.0,
        "Total Unusual Items": 4000000.0,
        "Total Unusual Items Excluding Goodwill": 4000000.0,
        "Net Income From Continuing Operation Net Minority Interest": 54000000.0,
        "Reconciled Depreciation": 77000000.0,
        "Reconciled Cost Of Revenue": 1273000000.0,
        "EBITDA": 188000000.0,
        "EBIT": 111000000.0,
        "Net Interest Income": -37000000.0,
        "Interest Expense": 37000000.0,
        "Normalized Income": 51020000.0,
        "Net Income From Continuing And Discontinued Operation": 54000000.0,
        "Total Expenses": 1677000000.0,
        "Total Operating Income As Reported": 104000000.0,
        "Diluted Average Shares": 270038322.0,
        "Basic Average Shares": 235418566.0,
        "Diluted EPS": 0.15,
        "Basic EPS": 0.15,
        "Diluted NI Availto Com Stockholders": 39000000.0,
        "Average Dilution Earnings": 4000000.0,
        "Net Income Common Stockholders": 35000000.0,
        "Otherunder Preferred Stock Dividend": 8000000.0,
        "Preferred Stock Dividends": 11000000.0,
        "Net Income": 54000000.0,
        "Net Income Including Noncontrolling Interests": 54000000.0,
        "Net Income Continuous Operations": 54000000.0,
        "Tax Provision": 20000000.0,
        "Pretax Income": 74000000.0,
        "Other Income Expense": 4000000.0,
        "Other Non Operating Income Expenses": NaN,
        "Special Income Charges": 0.0,
        "Other Special Charges": NaN,
        "Gain On Sale Of Security": 4000000.0,
        "Net Non Operating Interest Income Expense": -37000000.0,
        "Interest Expense Non Operating": 37000000.0,
        "Operating Income": 107000000.0,
        "Operating Expense": 404000000.0,
        "Selling General And Administration": 404000000.0,
        "General And Administrative Expense": 404000000.0,
        "Other Gand A": 407000000.0,
        "Salaries And Wages": -3000000.0,
        "Gross Profit": 511000000.0,
        "Cost Of Revenue": 1273000000.0,
        "Total Revenue": 1784000000.0,
        "Operating Revenue": 1784000000.0
    },
    "2023-12-31": {
        "Tax Effect Of Unusual Items": 0.0,
        "Tax Rate For Calcs": 0.21,
        "Normalized EBITDA": 155000000.0,
        "Total Unusual Items": 0.0,
        "Total Unusual Items Excluding Goodwill": 0.0,
        "Net Income From Continuing Operation Net Minority Interest": 25000000.0,
        "Reconciled Depreciation": 77000000.0,
        "Reconciled Cost Of Revenue": 1251000000.0,
        "EBITDA": 155000000.0,
        "EBIT": 78000000.0,
        "Net Interest Income": -33000000.0,
        "Interest Expense": 33000000.0,
        "Normalized Income": 25000000.0,
        "Net Income From Continuing And Discontinued Operation": 25000000.0,
        "Total Expenses": 1681000000.0,
        "Total Operating Income As Reported": 75000000.0,
        "Diluted Average Shares": 235000000.0,
        "Basic Average Shares": 235000000.0,
        "Diluted EPS": -1.08,
        "Basic EPS": -1.08,
        "Diluted NI Availto Com Stockholders": -246000000.0,
        "Average Dilution Earnings": NaN,
        "Net Income Common Stockholders": -236000000.0,
        "Otherunder Preferred Stock Dividend": 250000000.0,
        "Preferred Stock Dividends": 11000000.0,
        "Net Income": 25000000.0,
        "Net Income Including Noncontrolling Interests": 25000000.0,
        "Net Income Continuous Operations": 25000000.0,
        "Tax Provision": 20000000.0,
        "Pretax Income": 45000000.0,
        "Other Income Expense": 0.0,
        "Other Non Operating Income Expenses": NaN,
        "Special Income Charges": -4000000.0,
        "Other Special Charges": 4000000.0,
        "Gain On Sale Of Security": 4000000.0,
        "Net Non Operating Interest Income Expense": -33000000.0,
        "Interest Expense Non Operating": 33000000.0,
        "Operating Income": 78000000.0,
        "Operating Expense": 430000000.0,
        "Selling General And Administration": 430000000.0,
        "General And Administrative Expense": 430000000.0,
        "Other Gand A": 433000000.0,
        "Salaries And Wages": -3000000.0,
        "Gross Profit": 508000000.0,
        "Cost Of Revenue": 1251000000.0,
        "Total Revenue": 1759000000.0,
        "Operating Revenue": 1759000000.0
    },
    "2024-03-31": {
        "Tax Effect Of Unusual Items": -840000.0,
        "Tax Rate For Calcs": 0.28,
        "Normalized EBITDA": 169000000.0,
        "Total Unusual Items": -3000000.0,
        "Total Unusual Items Excluding Goodwill": -3000000.0,
        "Net Income From Continuing Operation Net Minority Interest": 45000000.0,
        "Reconciled Depreciation": 69000000.0,
        "Reconciled Cost Of Revenue": 1109000000.0,
        "EBITDA": 166000000.0,
        "EBIT": 97000000.0,
        "Net Interest Income": -34000000.0,
        "Interest Expense": 34000000.0,
        "Normalized Income": 47160000.0,
        "Net Income From Continuing And Discontinued Operation": 45000000.0,
        "Total Expenses": 1501000000.0,
        "Total Operating Income As Reported": 100000000.0,
        "Diluted Average Shares": 249744275.0,
        "Basic Average Shares": 249744275.0,
        "Diluted EPS": -1.34,
        "Basic EPS": -1.34,
        "Diluted NI Availto Com Stockholders": -334000000.0,
        "Average Dilution Earnings": 0.0,
        "Net Income Common Stockholders": -334000000.0,
        "Otherunder Preferred Stock Dividend": 372000000.0,
        "Preferred Stock Dividends": 7000000.0,
        "Net Income": 45000000.0,
        "Net Income Including Noncontrolling Interests": 45000000.0,
        "Net Income Continuous Operations": 45000000.0,
        "Tax Provision": 18000000.0,
        "Pretax Income": 63000000.0,
        "Other Income Expense": -3000000.0,
        "Other Non Operating Income Expenses": NaN,
        "Special Income Charges": 0.0,
        "Other Special Charges": NaN,
        "Gain On Sale Of Security": -3000000.0,
        "Net Non Operating Interest Income Expense": -34000000.0,
        "Interest Expense Non Operating": 34000000.0,
        "Operating Income": 100000000.0,
        "Operating Expense": 392000000.0,
        "Selling General And Administration": 392000000.0,
        "General And Administrative Expense": NaN,
        "Other Gand A": NaN,
        "Salaries And Wages": NaN,
        "Gross Profit": 492000000.0,
        "Cost Of Revenue": 1109000000.0,
        "Total Revenue": 1601000000.0,
        "Operating Revenue": 1601000000.0
    },
    "2024-06-30": {
        "Tax Effect Of Unusual Items": -448000.0,
        "Tax Rate For Calcs": 0.224,
        "Normalized EBITDA": 201000000.0,
        "Total Unusual Items": -2000000.0,
        "Total Unusual Items Excluding Goodwill": -2000000.0,
        "Net Income From Continuing Operation Net Minority Interest": 69000000.0,
        "Reconciled Depreciation": 75000000.0,
        "Reconciled Cost Of Revenue": 1186000000.0,
        "EBITDA": 199000000.0,
        "EBIT": 124000000.0,
        "Net Interest Income": -35000000.0,
        "Interest Expense": 35000000.0,
        "Normalized Income": 70552000.0,
        "Net Income From Continuing And Discontinued Operation": 69000000.0,
        "Total Expenses": 1604000000.0,
        "Total Operating Income As Reported": 126000000.0,
        "Diluted Average Shares": 275728918.0,
        "Basic Average Shares": 271541999.0,
        "Diluted EPS": 0.22,
        "Basic EPS": 0.23,
        "Diluted NI Availto Com Stockholders": 62000000.0,
        "Average Dilution Earnings": NaN,
        "Net Income Common Stockholders": 62000000.0,
        "Otherunder Preferred Stock Dividend": 7000000.0,
        "Preferred Stock Dividends": NaN,
        "Net Income": 69000000.0,
        "Net Income Including Noncontrolling Interests": 69000000.0,
        "Net Income Continuous Operations": 69000000.0,
        "Tax Provision": 20000000.0,
        "Pretax Income": 89000000.0,
        "Other Income Expense": -2000000.0,
        "Other Non Operating Income Expenses": NaN,
        "Special Income Charges": 0.0,
        "Other Special Charges": NaN,
        "Gain On Sale Of Security": -2000000.0,
        "Net Non Operating Interest Income Expense": -35000000.0,
        "Interest Expense Non Operating": 35000000.0,
        "Operating Income": 126000000.0,
        "Operating Expense": 418000000.0,
        "Selling General And Administration": 418000000.0,
        "General And Administrative Expense": 418000000.0,
        "Other Gand A": 418000000.0,
        "Salaries And Wages": NaN,
        "Gross Profit": 544000000.0,
        "Cost Of Revenue": 1186000000.0,
        "Total Revenue": 1730000000.0,
        "Operating Revenue": 1730000000.0
    }
}