{
    "2023-03-31": {
        "Tax Effect Of Unusual Items": -2554.06126,
        "Tax Rate For Calcs": 0.000592,
        "Normalized EBITDA": -8700000.0,
        "Total Unusual Items": -4311000.0,
        "Total Unusual Items Excluding Goodwill": -4311000.0,
        "Net Income From Continuing Operation Net Minority Interest": -16802000.0,
        "Reconciled Depreciation": 3963000.0,
        "Reconciled Cost Of Revenue": 13597000.0,
        "EBITDA": -13011000.0,
        "EBIT": -16974000.0,
        "Net Interest Income": 4406000.0,
        "Interest Income": 4406000.0,
        "Normalized Income": -12493554.06126,
        "Net Income From Continuing And Discontinued Operation": -16802000.0,
        "Total Expenses": 53417000.0,
        "Total Operating Income As Reported": -16974000.0,
        "Diluted NI Availto Com Stockholders": -16802000.0,
        "Net Income Common Stockholders": -16802000.0,
        "Net Income": -16802000.0,
        "Net Income Including Noncontrolling Interests": -16802000.0,
        "Net Income Continuous Operations": -16802000.0,
        "Earnings From Equity Interest Net Of Tax": 67000.0,
        "Tax Provision": -10000.0,
        "Pretax Income": -16879000.0,
        "Other Income Expense": -4311000.0,
        "Other Non Operating Income Expenses": NaN,
        "Special Income Charges": NaN,
        "Impairment Of Capital Assets": NaN,
        "Gain On Sale Of Security": -4311000.0,
        "Net Non Operating Interest Income Expense": 4406000.0,
        "Interest Income Non Operating": 4406000.0,
        "Operating Income": -16974000.0,
        "Operating Expense": 39820000.0,
        "Other Operating Expenses": -496000.0,
        "Research And Development": 21031000.0,
        "Selling General And Administration": 19285000.0,
        "Selling And Marketing Expense": 10476000.0,
        "General And Administrative Expense": 8809000.0,
        "Other Gand A": 8809000.0,
        "Gross Profit": 22846000.0,
        "Cost Of Revenue": 13597000.0,
        "Total Revenue": 36443000.0,
        "Operating Revenue": 35101000.0
    },
    "2022-12-31": {
        "Tax Effect Of Unusual Items": -4936750.0,
        "Tax Rate For Calcs": 0.25,
        "Normalized EBITDA": 5362000.0,
        "Total Unusual Items": -19747000.0,
        "Total Unusual Items Excluding Goodwill": -19747000.0,
        "Net Income From Continuing Operation Net Minority Interest": -35059000.0,
        "Reconciled Depreciation": 3796000.0,
        "Reconciled Cost Of Revenue": 15727000.0,
        "EBITDA": -14385000.0,
        "EBIT": -18181000.0,
        "Net Interest Income": 3168000.0,
        "Interest Income": 3168000.0,
        "Normalized Income": -20248750.0,
        "Net Income From Continuing And Discontinued Operation": -35059000.0,
        "Total Expenses": 58299000.0,
        "Total Operating Income As Reported": -30122000.0,
        "Diluted NI Availto Com Stockholders": -35059000.0,
        "Net Income Common Stockholders": -35059000.0,
        "Net Income": -35059000.0,
        "Net Income Including Noncontrolling Interests": -35059000.0,
        "Net Income Continuous Operations": -35059000.0,
        "Earnings From Equity Interest Net Of Tax": -20000.0,
        "Tax Provision": 279000.0,
        "Pretax Income": -34760000.0,
        "Other Income Expense": -19747000.0,
        "Other Non Operating Income Expenses": NaN,
        "Special Income Charges": NaN,
        "Impairment Of Capital Assets": NaN,
        "Gain On Sale Of Security": -7806000.0,
        "Net Non Operating Interest Income Expense": 3168000.0,
        "Interest Income Non Operating": 3168000.0,
        "Operating Income": -18181000.0,
        "Operating Expense": 42572000.0,
        "Other Operating Expenses": -104000.0,
        "Research And Development": 21255000.0,
        "Selling General And Administration": 21421000.0,
        "Selling And Marketing Expense": 12189000.0,
        "General And Administrative Expense": 9232000.0,
        "Other Gand A": 9232000.0,
        "Gross Profit": 24391000.0,
        "Cost Of Revenue": 15727000.0,
        "Total Revenue": 40118000.0,
        "Operating Revenue": 37766000.0
    },
    "2022-09-30": {
        "Tax Effect Of Unusual Items": -363600.0,
        "Tax Rate For Calcs": 0.4,
        "Normalized EBITDA": -24089000.0,
        "Total Unusual Items": -909000.0,
        "Total Unusual Items Excluding Goodwill": -909000.0,
        "Net Income From Continuing Operation Net Minority Interest": -27699000.0,
        "Reconciled Depreciation": 3923000.0,
        "Reconciled Cost Of Revenue": 16639000.0,
        "EBITDA": -24998000.0,
        "EBIT": -28921000.0,
        "Net Interest Income": 2490000.0,
        "Interest Income": 2490000.0,
        "Normalized Income": -27153600.0,
        "Net Income From Continuing And Discontinued Operation": -27699000.0,
        "Total Expenses": 69909000.0,
        "Total Operating Income As Reported": -28921000.0,
        "Diluted Average Shares": 112138621.0,
        "Basic Average Shares": 112138621.0,
        "Diluted EPS": -0.25,
        "Basic EPS": -0.25,
        "Diluted NI Availto Com Stockholders": -27699000.0,
        "Net Income Common Stockholders": -27699000.0,
        "Net Income": -27699000.0,
        "Net Income Including Noncontrolling Interests": -27699000.0,
        "Net Income Continuous Operations": -27699000.0,
        "Earnings From Equity Interest Net Of Tax": -227000.0,
        "Tax Provision": 132000.0,
        "Pretax Income": -27340000.0,
        "Other Income Expense": -909000.0,
        "Other Non Operating Income Expenses": NaN,
        "Special Income Charges": NaN,
        "Impairment Of Capital Assets": NaN,
        "Gain On Sale Of Security": -909000.0,
        "Net Non Operating Interest Income Expense": 2490000.0,
        "Interest Income Non Operating": 2490000.0,
        "Operating Income": -28921000.0,
        "Operating Expense": 53270000.0,
        "Other Operating Expenses": -2365000.0,
        "Research And Development": 29771000.0,
        "Selling General And Administration": 25864000.0,
        "Selling And Marketing Expense": 14607000.0,
        "General And Administrative Expense": 11257000.0,
        "Other Gand A": 11257000.0,
        "Gross Profit": 24349000.0,
        "Cost Of Revenue": 16639000.0,
        "Total Revenue": 40988000.0,
        "Operating Revenue": 38860000.0
    },
    "2022-06-30": {
        "Tax Effect Of Unusual Items": -2154000.0,
        "Tax Rate For Calcs": 0.4,
        "Normalized EBITDA": -18292000.0,
        "Total Unusual Items": -5385000.0,
        "Total Unusual Items Excluding Goodwill": -5385000.0,
        "Net Income From Continuing Operation Net Minority Interest": -30678000.0,
        "Reconciled Depreciation": 4035000.0,
        "Reconciled Cost Of Revenue": 14370000.0,
        "EBITDA": -23677000.0,
        "EBIT": -27712000.0,
        "Net Interest Income": 2142000.0,
        "Interest Income": 2142000.0,
        "Normalized Income": -27447000.0,
        "Net Income From Continuing And Discontinued Operation": -30678000.0,
        "Total Expenses": 68691000.0,
        "Total Operating Income As Reported": -27712000.0,
        "Diluted Average Shares": 111653521.0,
        "Basic Average Shares": 111653521.0,
        "Diluted EPS": -0.27,
        "Basic EPS": -0.27,
        "Diluted NI Availto Com Stockholders": -30678000.0,
        "Net Income Common Stockholders": -30678000.0,
        "Net Income": -30678000.0,
        "Net Income Including Noncontrolling Interests": -30678000.0,
        "Net Income Continuous Operations": -30678000.0,
        "Earnings From Equity Interest Net Of Tax": 532000.0,
        "Tax Provision": 255000.0,
        "Pretax Income": -30955000.0,
        "Other Income Expense": -5385000.0,
        "Other Non Operating Income Expenses": NaN,
        "Special Income Charges": NaN,
        "Impairment Of Capital Assets": NaN,
        "Gain On Sale Of Security": -5385000.0,
        "Net Non Operating Interest Income Expense": 2142000.0,
        "Interest Income Non Operating": 2142000.0,
        "Operating Income": -27712000.0,
        "Operating Expense": 54321000.0,
        "Other Operating Expenses": -190000.0,
        "Research And Development": 32442000.0,
        "Selling General And Administration": 22069000.0,
        "Selling And Marketing Expense": 13117000.0,
        "General And Administrative Expense": 8952000.0,
        "Other Gand A": 8952000.0,
        "Gross Profit": 26609000.0,
        "Cost Of Revenue": 14370000.0,
        "Total Revenue": 40979000.0,
        "Operating Revenue": 39203000.0
    },
    "2022-03-31": {
        "Diluted EPS": -0.08,
        "Total Revenue": NaN,
        "Gross Profit": 376,
        "Operating Income": -7,
        "EBIT": 69,
        "Net Income": -18
    },
    "2021-12-31": {
        "Diluted EPS": -0.8,
        "Total Revenue": NaN,
        "Gross Profit": 274,
        "Operating Income": 50,
        "EBIT": 98,
        "Net Income": -169
    },
    "2021-09-30": {
        "Diluted EPS": 0.08,
        "Total Revenue": NaN,
        "Gross Profit": 252,
        "Operating Income": 41,
        "EBIT": 93,
        "Net Income": 19
    },
    "2021-06-30": {
        "Diluted EPS": 0.09,
        "Total Revenue": 978,
        "Gross Profit": 232,
        "Operating Income": 47,
        "EBIT": 99,
        "Net Income": 21
    },
    "2021-03-31": {
        "Diluted EPS": -0.04,
        "Total Revenue": 803,
        "Gross Profit": 181,
        "Operating Income": -2,
        "EBIT": 48,
        "Net Income": -8
    },
    "2020-12-31": {
        "Diluted EPS": -1.37,
        "Total Revenue": 882,
        "Gross Profit": 198,
        "Operating Income": -21,
        "EBIT": 46,
        "Net Income": -234
    },
    "2020-09-30": {
        "Diluted EPS": 0.13,
        "Total Revenue": 958,
        "Gross Profit": 222,
        "Operating Income": 62,
        "EBIT": 114,
        "Net Income": 23
    },
    "2020-06-30": {
        "Diluted EPS": 0.17,
        "Total Revenue": 889,
        "Gross Profit": 174,
        "Operating Income": 27,
        "EBIT": 101,
        "Net Income": 30
    },
    "2020-03-31": {
        "Diluted EPS": -1.14,
        "Total Revenue": 858,
        "Gross Profit": 162,
        "Operating Income": -234,
        "EBIT": -164,
        "Net Income": -194
    },
    "2019-12-31": {
        "Diluted EPS": 0.0,
        "Total Revenue": NaN,
        "Gross Profit": -406,
        "Operating Income": -263,
        "EBIT": -272,
        "Net Income": -239
    },
    "2019-09-30": {
        "Diluted EPS": 0.0,
        "Total Revenue": NaN,
        "Gross Profit": 233,
        "Operating Income": 13,
        "EBIT": 40,
        "Net Income": 12
    },
    "2019-06-30": {
        "Diluted EPS": 0.0,
        "Total Revenue": NaN,
        "Gross Profit": 208,
        "Operating Income": 63,
        "EBIT": 89,
        "Net Income": 53
    },
    "2019-03-31": {
        "Diluted EPS": 0.0,
        "Total Revenue": 922,
        "Gross Profit": 163,
        "Operating Income": 26,
        "EBIT": 51,
        "Net Income": 21
    },
    "2018-12-31": {
        "Diluted EPS": 0.0,
        "Total Revenue": NaN,
        "Gross Profit": NaN,
        "Operating Income": NaN,
        "EBIT": NaN,
        "Net Income": NaN
    },
    "2023-06-30": {
        "Tax Effect Of Unusual Items": -8549750.0,
        "Tax Rate For Calcs": 0.25,
        "Normalized EBITDA": 21816000.0,
        "Total Unusual Items": -34199000.0,
        "Total Unusual Items Excluding Goodwill": -34199000.0,
        "Net Income From Continuing Operation Net Minority Interest": -45293000.0,
        "Reconciled Depreciation": 3826000.0,
        "Reconciled Cost Of Revenue": 12502000.0,
        "EBITDA": -12383000.0,
        "EBIT": -16209000.0,
        "Net Interest Income": 4750000.0,
        "Interest Income": 4750000.0,
        "Normalized Income": -19643750.0,
        "Net Income From Continuing And Discontinued Operation": -45293000.0,
        "Total Expenses": 50247000.0,
        "Total Operating Income As Reported": -48137000.0,
        "Diluted NI Availto Com Stockholders": -45293000.0,
        "Net Income Common Stockholders": -45293000.0,
        "Net Income": -45293000.0,
        "Net Income Including Noncontrolling Interests": -45293000.0,
        "Net Income Continuous Operations": -45293000.0,
        "Earnings From Equity Interest Net Of Tax": -16000.0,
        "Tax Provision": 169000.0,
        "Pretax Income": -45108000.0,
        "Other Income Expense": -33649000.0,
        "Other Non Operating Income Expenses": 550000.0,
        "Special Income Charges": -31928000.0,
        "Impairment Of Capital Assets": 31928000.0,
        "Gain On Sale Of Security": -2271000.0,
        "Net Non Operating Interest Income Expense": 4750000.0,
        "Interest Income Non Operating": 4750000.0,
        "Operating Income": -16209000.0,
        "Operating Expense": 37745000.0,
        "Other Operating Expenses": -399000.0,
        "Research And Development": 20285000.0,
        "Selling General And Administration": 17859000.0,
        "Selling And Marketing Expense": 8638000.0,
        "General And Administrative Expense": 9221000.0,
        "Other Gand A": 9221000.0,
        "Gross Profit": 21536000.0,
        "Cost Of Revenue": 12502000.0,
        "Total Revenue": 34038000.0,
        "Operating Revenue": 32979000.0
    },
    "2023-09-30": {
        "Tax Effect Of Unusual Items": -3334000.0,
        "Tax Rate For Calcs": 0.25,
        "Normalized EBITDA": 2936000.0,
        "Total Unusual Items": -13336000.0,
        "Total Unusual Items Excluding Goodwill": -13336000.0,
        "Net Income From Continuing Operation Net Minority Interest": -22513000.0,
        "Reconciled Depreciation": 3457000.0,
        "Reconciled Cost Of Revenue": 12594000.0,
        "EBITDA": -10400000.0,
        "EBIT": -13857000.0,
        "Net Interest Income": 4850000.0,
        "Interest Income": 4850000.0,
        "Normalized Income": -12511000.0,
        "Net Income From Continuing And Discontinued Operation": -22513000.0,
        "Total Expenses": 48873000.0,
        "Total Operating Income As Reported": -13857000.0,
        "Diluted NI Availto Com Stockholders": -22513000.0,
        "Net Income Common Stockholders": -22513000.0,
        "Net Income": -22513000.0,
        "Net Income Including Noncontrolling Interests": -22513000.0,
        "Net Income Continuous Operations": -22513000.0,
        "Earnings From Equity Interest Net Of Tax": -6000.0,
        "Tax Provision": 164000.0,
        "Pretax Income": -22343000.0,
        "Other Income Expense": -13336000.0,
        "Other Non Operating Income Expenses": NaN,
        "Special Income Charges": 0.0,
        "Impairment Of Capital Assets": 0.0,
        "Gain On Sale Of Security": -13336000.0,
        "Net Non Operating Interest Income Expense": 4850000.0,
        "Interest Income Non Operating": 4850000.0,
        "Operating Income": -13857000.0,
        "Operating Expense": 36279000.0,
        "Other Operating Expenses": -620000.0,
        "Research And Development": 20040000.0,
        "Selling General And Administration": 16859000.0,
        "Selling And Marketing Expense": 7789000.0,
        "General And Administrative Expense": 9070000.0,
        "Other Gand A": 9070000.0,
        "Gross Profit": 22422000.0,
        "Cost Of Revenue": 12594000.0,
        "Total Revenue": 35016000.0,
        "Operating Revenue": 32718000.0
    }
}