{
    "2023-03-31": {
        "Tax Effect Of Unusual Items": 0.0,
        "Tax Rate For Calcs": 0.21,
        "Normalized EBITDA": 199366000.0,
        "Net Income From Continuing Operation Net Minority Interest": -4518000.0,
        "Reconciled Depreciation": 128208000.0,
        "Reconciled Cost Of Revenue": 261960000.0,
        "EBITDA": 199366000.0,
        "EBIT": 71158000.0,
        "Net Interest Income": -74511000.0,
        "Interest Expense": 74511000.0,
        "Interest Income": NaN,
        "Normalized Income": -4518000.0,
        "Net Income From Continuing And Discontinued Operation": -4518000.0,
        "Total Expenses": 654358000.0,
        "Total Operating Income As Reported": 61047000.0,
        "Diluted Average Shares": 373160029.0,
        "Basic Average Shares": 373160029.0,
        "Diluted EPS": -0.01,
        "Basic EPS": -0.01,
        "Diluted NI Availto Com Stockholders": -4518000.0,
        "Average Dilution Earnings": NaN,
        "Net Income Common Stockholders": -4518000.0,
        "Otherunder Preferred Stock Dividend": 0.0,
        "Net Income": -4518000.0,
        "Minority Interests": 0.0,
        "Net Income Including Noncontrolling Interests": -4518000.0,
        "Net Income Continuous Operations": -4518000.0,
        "Tax Provision": 1165000.0,
        "Pretax Income": -3353000.0,
        "Other Income Expense": 10111000.0,
        "Other Non Operating Income Expenses": 10111000.0,
        "Net Non Operating Interest Income Expense": -74511000.0,
        "Interest Expense Non Operating": 74511000.0,
        "Interest Income Non Operating": NaN,
        "Operating Income": 61047000.0,
        "Operating Expense": 392398000.0,
        "Research And Development": 144851000.0,
        "Selling General And Administration": 247547000.0,
        "Selling And Marketing Expense": 202976000.0,
        "General And Administrative Expense": 44571000.0,
        "Other Gand A": 44571000.0,
        "Gross Profit": 453445000.0,
        "Cost Of Revenue": 261960000.0,
        "Total Revenue": 715405000.0,
        "Operating Revenue": 715405000.0
    },
    "2022-12-31": {
        "Tax Effect Of Unusual Items": NaN,
        "Tax Rate For Calcs": NaN,
        "Normalized EBITDA": NaN,
        "Net Income From Continuing Operation Net Minority Interest": NaN,
        "Reconciled Depreciation": NaN,
        "Reconciled Cost Of Revenue": NaN,
        "EBITDA": NaN,
        "EBIT": NaN,
        "Net Interest Income": NaN,
        "Interest Expense": NaN,
        "Interest Income": NaN,
        "Normalized Income": NaN,
        "Net Income From Continuing And Discontinued Operation": NaN,
        "Total Expenses": NaN,
        "Total Operating Income As Reported": NaN,
        "Diluted Average Shares": NaN,
        "Basic Average Shares": NaN,
        "Diluted EPS": NaN,
        "Basic EPS": NaN,
        "Diluted NI Availto Com Stockholders": NaN,
        "Average Dilution Earnings": NaN,
        "Net Income Common Stockholders": NaN,
        "Otherunder Preferred Stock Dividend": NaN,
        "Net Income": NaN,
        "Minority Interests": 0.0,
        "Net Income Including Noncontrolling Interests": NaN,
        "Net Income Continuous Operations": NaN,
        "Tax Provision": NaN,
        "Pretax Income": NaN,
        "Other Income Expense": 10976000.0,
        "Other Non Operating Income Expenses": 10976000.0,
        "Net Non Operating Interest Income Expense": NaN,
        "Interest Expense Non Operating": NaN,
        "Interest Income Non Operating": NaN,
        "Operating Income": NaN,
        "Operating Expense": NaN,
        "Research And Development": NaN,
        "Selling General And Administration": NaN,
        "Selling And Marketing Expense": NaN,
        "General And Administrative Expense": NaN,
        "Other Gand A": NaN,
        "Gross Profit": NaN,
        "Cost Of Revenue": NaN,
        "Total Revenue": NaN,
        "Operating Revenue": NaN
    },
    "2022-09-30": {
        "Tax Effect Of Unusual Items": NaN,
        "Tax Rate For Calcs": NaN,
        "Normalized EBITDA": NaN,
        "Net Income From Continuing Operation Net Minority Interest": NaN,
        "Reconciled Depreciation": NaN,
        "Reconciled Cost Of Revenue": NaN,
        "EBITDA": NaN,
        "EBIT": NaN,
        "Net Interest Income": NaN,
        "Interest Expense": NaN,
        "Interest Income": 969000.0,
        "Normalized Income": NaN,
        "Net Income From Continuing And Discontinued Operation": NaN,
        "Total Expenses": NaN,
        "Total Operating Income As Reported": NaN,
        "Diluted Average Shares": NaN,
        "Basic Average Shares": NaN,
        "Diluted EPS": NaN,
        "Basic EPS": NaN,
        "Diluted NI Availto Com Stockholders": NaN,
        "Average Dilution Earnings": 4000.0,
        "Net Income Common Stockholders": NaN,
        "Otherunder Preferred Stock Dividend": NaN,
        "Net Income": NaN,
        "Minority Interests": NaN,
        "Net Income Including Noncontrolling Interests": NaN,
        "Net Income Continuous Operations": NaN,
        "Tax Provision": NaN,
        "Pretax Income": NaN,
        "Other Income Expense": 969000.0,
        "Other Non Operating Income Expenses": 969000.0,
        "Net Non Operating Interest Income Expense": NaN,
        "Interest Expense Non Operating": NaN,
        "Interest Income Non Operating": 969000.0,
        "Operating Income": NaN,
        "Operating Expense": NaN,
        "Research And Development": NaN,
        "Selling General And Administration": NaN,
        "Selling And Marketing Expense": NaN,
        "General And Administrative Expense": NaN,
        "Other Gand A": NaN,
        "Gross Profit": NaN,
        "Cost Of Revenue": NaN,
        "Total Revenue": NaN,
        "Operating Revenue": NaN
    },
    "2022-06-30": {
        "Tax Effect Of Unusual Items": 0.0,
        "Tax Rate For Calcs": 0.4,
        "Normalized EBITDA": 53873000.0,
        "Net Income From Continuing Operation Net Minority Interest": -21748000.0,
        "Reconciled Depreciation": 152688000.0,
        "Reconciled Cost Of Revenue": 303929000.0,
        "EBITDA": 53873000.0,
        "EBIT": 53873000.0,
        "Net Interest Income": -36505000.0,
        "Interest Expense": 36505000.0,
        "Interest Income": NaN,
        "Normalized Income": -21748000.0,
        "Net Income From Continuing And Discontinued Operation": -21748000.0,
        "Total Expenses": 722876000.0,
        "Total Operating Income As Reported": 53355000.0,
        "Diluted Average Shares": 373912724.0,
        "Basic Average Shares": 373912724.0,
        "Diluted EPS": -0.06,
        "Basic EPS": -0.06,
        "Diluted NI Availto Com Stockholders": -21748000.0,
        "Average Dilution Earnings": 0.0,
        "Net Income Common Stockholders": -21748000.0,
        "Otherunder Preferred Stock Dividend": 0.0,
        "Net Income": -21748000.0,
        "Minority Interests": 51000.0,
        "Net Income Including Noncontrolling Interests": -21799000.0,
        "Net Income Continuous Operations": -21799000.0,
        "Tax Provision": 39167000.0,
        "Pretax Income": 17368000.0,
        "Other Income Expense": 518000.0,
        "Other Non Operating Income Expenses": 518000.0,
        "Net Non Operating Interest Income Expense": -36505000.0,
        "Interest Expense Non Operating": 36505000.0,
        "Interest Income Non Operating": NaN,
        "Operating Income": 53355000.0,
        "Operating Expense": 418947000.0,
        "Research And Development": 141108000.0,
        "Selling General And Administration": 277839000.0,
        "Selling And Marketing Expense": 232096000.0,
        "General And Administrative Expense": 45743000.0,
        "Other Gand A": 45743000.0,
        "Gross Profit": 472302000.0,
        "Cost Of Revenue": 303929000.0,
        "Total Revenue": 776231000.0,
        "Operating Revenue": 776231000.0
    },
    "2022-03-31": {
        "Diluted EPS": -0.31,
        "Total Revenue": 625,
        "Gross Profit": 344,
        "Operating Income": -128,
        "EBIT": 4,
        "Net Income": -115
    },
    "2021-12-31": {
        "Diluted EPS": 0.1,
        "Total Revenue": 793,
        "Gross Profit": 528,
        "Operating Income": 59,
        "EBIT": 178,
        "Net Income": 29
    },
    "2021-09-30": {
        "Diluted EPS": 0.0,
        "Total Revenue": 727,
        "Gross Profit": 473,
        "Operating Income": 45,
        "EBIT": 167,
        "Net Income": 0
    },
    "2021-06-30": {
        "Diluted EPS": 0.04,
        "Total Revenue": 669,
        "Gross Profit": 423,
        "Operating Income": 35,
        "EBIT": 144,
        "Net Income": 13
    },
    "2021-03-31": {
        "Diluted EPS": -0.05,
        "Total Revenue": 604,
        "Gross Profit": 381,
        "Operating Income": 11,
        "EBIT": 105,
        "Net Income": -11
    },
    "2020-12-31": {
        "Diluted EPS": -0.07,
        "Total Revenue": 510,
        "Gross Profit": 312,
        "Operating Income": -5,
        "EBIT": 95,
        "Net Income": -19
    },
    "2020-09-30": {
        "Diluted EPS": -0.42,
        "Total Revenue": 382,
        "Gross Profit": 219,
        "Operating Income": -75,
        "EBIT": 0,
        "Net Income": -90
    },
    "2020-06-30": {
        "Diluted EPS": -0.1,
        "Total Revenue": 299,
        "Gross Profit": 181,
        "Operating Income": -7,
        "EBIT": 47,
        "Net Income": -21
    },
    "2020-03-31": {
        "Diluted EPS": 0.01,
        "Total Revenue": 260,
        "Gross Profit": 184,
        "Operating Income": 25,
        "EBIT": 59,
        "Net Income": 3
    },
    "2019-12-31": {
        "Diluted EPS": 0.0,
        "Total Revenue": NaN,
        "Gross Profit": NaN,
        "Operating Income": NaN,
        "EBIT": NaN,
        "Net Income": NaN
    },
    "2023-06-30": {
        "Tax Effect Of Unusual Items": 0.0,
        "Tax Rate For Calcs": 0.161218,
        "Normalized EBITDA": 266681000.0,
        "Net Income From Continuing Operation Net Minority Interest": 80357000.0,
        "Reconciled Depreciation": 119892000.0,
        "Reconciled Cost Of Revenue": 258575000.0,
        "EBITDA": 266681000.0,
        "EBIT": 146789000.0,
        "Net Interest Income": -35526000.0,
        "Interest Expense": 50987000.0,
        "Interest Income": 15461000.0,
        "Normalized Income": 80357000.0,
        "Net Income From Continuing And Discontinued Operation": 80357000.0,
        "Total Expenses": 618837000.0,
        "Total Operating Income As Reported": 131328000.0,
        "Diluted Average Shares": 366340275.0,
        "Basic Average Shares": 356957059.0,
        "Diluted EPS": 0.22,
        "Basic EPS": 0.22,
        "Diluted NI Availto Com Stockholders": 80047000.0,
        "Average Dilution Earnings": 8000.0,
        "Net Income Common Stockholders": 80039000.0,
        "Otherunder Preferred Stock Dividend": 318000.0,
        "Net Income": 80357000.0,
        "Minority Interests": 0.0,
        "Net Income Including Noncontrolling Interests": 80357000.0,
        "Net Income Continuous Operations": 80357000.0,
        "Tax Provision": 15445000.0,
        "Pretax Income": 95802000.0,
        "Other Income Expense": NaN,
        "Other Non Operating Income Expenses": NaN,
        "Net Non Operating Interest Income Expense": -35526000.0,
        "Interest Expense Non Operating": 50987000.0,
        "Interest Income Non Operating": 15461000.0,
        "Operating Income": 131328000.0,
        "Operating Expense": 360262000.0,
        "Research And Development": 137424000.0,
        "Selling General And Administration": 222838000.0,
        "Selling And Marketing Expense": 192427000.0,
        "General And Administrative Expense": 30411000.0,
        "Other Gand A": 30411000.0,
        "Gross Profit": 491590000.0,
        "Cost Of Revenue": 258575000.0,
        "Total Revenue": 750165000.0,
        "Operating Revenue": 750165000.0
    },
    "2023-09-30": {
        "Tax Effect Of Unusual Items": 0.0,
        "Tax Rate For Calcs": 0.005365,
        "Normalized EBITDA": 309605000.0,
        "Net Income From Continuing Operation Net Minority Interest": 108639000.0,
        "Reconciled Depreciation": 121797000.0,
        "Reconciled Cost Of Revenue": 265049000.0,
        "EBITDA": 309605000.0,
        "EBIT": 187808000.0,
        "Net Interest Income": -77093000.0,
        "Interest Expense": 78583000.0,
        "Interest Income": 1490000.0,
        "Normalized Income": 108639000.0,
        "Net Income From Continuing And Discontinued Operation": 108639000.0,
        "Total Expenses": 677938000.0,
        "Total Operating Income As Reported": 186318000.0,
        "Diluted Average Shares": 356906222.0,
        "Basic Average Shares": 341435759.0,
        "Diluted EPS": 0.3,
        "Basic EPS": 0.32,
        "Diluted NI Availto Com Stockholders": 107869000.0,
        "Average Dilution Earnings": 34000.0,
        "Net Income Common Stockholders": 107835000.0,
        "Otherunder Preferred Stock Dividend": 804000.0,
        "Net Income": 108639000.0,
        "Minority Interests": 0.0,
        "Net Income Including Noncontrolling Interests": 108639000.0,
        "Net Income Continuous Operations": 108639000.0,
        "Tax Provision": 586000.0,
        "Pretax Income": 109225000.0,
        "Other Income Expense": NaN,
        "Other Non Operating Income Expenses": NaN,
        "Net Non Operating Interest Income Expense": -77093000.0,
        "Interest Expense Non Operating": 78583000.0,
        "Interest Income Non Operating": 1490000.0,
        "Operating Income": 186318000.0,
        "Operating Expense": 412889000.0,
        "Research And Development": 159288000.0,
        "Selling General And Administration": 253601000.0,
        "Selling And Marketing Expense": 212352000.0,
        "General And Administrative Expense": 41249000.0,
        "Other Gand A": 41249000.0,
        "Gross Profit": 599207000.0,
        "Cost Of Revenue": 265049000.0,
        "Total Revenue": 864256000.0,
        "Operating Revenue": 864256000.0
    },
    "2023-12-31": {
        "Tax Effect Of Unusual Items": 0.0,
        "Tax Rate For Calcs": 0.037245,
        "Normalized EBITDA": 369591000.0,
        "Net Income From Continuing Operation Net Minority Interest": 172233000.0,
        "Reconciled Depreciation": 119111000.0,
        "Reconciled Cost Of Revenue": 273607000.0,
        "EBITDA": 369591000.0,
        "EBIT": 250480000.0,
        "Net Interest Income": -98646000.0,
        "Interest Expense": 71584000.0,
        "Interest Income": NaN,
        "Normalized Income": 172233000.0,
        "Net Income From Continuing And Discontinued Operation": 172233000.0,
        "Total Expenses": 683747000.0,
        "Total Operating Income As Reported": 269514000.0,
        "Diluted Average Shares": 347492545.0,
        "Basic Average Shares": 337136956.0,
        "Diluted EPS": 0.49,
        "Basic EPS": 0.51,
        "Diluted NI Availto Com Stockholders": 171448000.0,
        "Average Dilution Earnings": 21000.0,
        "Net Income Common Stockholders": 171427000.0,
        "Otherunder Preferred Stock Dividend": 806000.0,
        "Net Income": 172233000.0,
        "Minority Interests": 0.0,
        "Net Income Including Noncontrolling Interests": 172233000.0,
        "Net Income Continuous Operations": 172233000.0,
        "Tax Provision": 6663000.0,
        "Pretax Income": 178896000.0,
        "Other Income Expense": NaN,
        "Other Non Operating Income Expenses": NaN,
        "Net Non Operating Interest Income Expense": -98646000.0,
        "Interest Expense Non Operating": 71584000.0,
        "Interest Income Non Operating": NaN,
        "Operating Income": 269514000.0,
        "Operating Expense": 410140000.0,
        "Research And Development": 150823000.0,
        "Selling General And Administration": 259317000.0,
        "Selling And Marketing Expense": 222963000.0,
        "General And Administrative Expense": 36354000.0,
        "Other Gand A": 36354000.0,
        "Gross Profit": 679654000.0,
        "Cost Of Revenue": 273607000.0,
        "Total Revenue": 953261000.0,
        "Operating Revenue": 953261000.0
    },
    "2024-03-31": {
        "Tax Effect Of Unusual Items": 0.0,
        "Tax Rate For Calcs": 0.118539,
        "Normalized EBITDA": 454794000.0,
        "Net Income From Continuing Operation Net Minority Interest": 236183000.0,
        "Reconciled Depreciation": 112667000.0,
        "Reconciled Cost Of Revenue": 294148000.0,
        "EBITDA": 454794000.0,
        "EBIT": 342127000.0,
        "Net Interest Income": -74182000.0,
        "Interest Expense": 74182000.0,
        "Interest Income": NaN,
        "Normalized Income": 236183000.0,
        "Net Income From Continuing And Discontinued Operation": 236183000.0,
        "Total Expenses": 718556000.0,
        "Total Operating Income As Reported": 339559000.0,
        "Diluted Average Shares": 348596295.0,
        "Basic Average Shares": 335794739.0,
        "Diluted EPS": 0.67,
        "Basic EPS": 0.7,
        "Diluted NI Availto Com Stockholders": 234784000.0,
        "Average Dilution Earnings": 52000.0,
        "Net Income Common Stockholders": 234732000.0,
        "Otherunder Preferred Stock Dividend": 1451000.0,
        "Net Income": 236183000.0,
        "Minority Interests": NaN,
        "Net Income Including Noncontrolling Interests": 236183000.0,
        "Net Income Continuous Operations": 236183000.0,
        "Tax Provision": 31762000.0,
        "Pretax Income": 267945000.0,
        "Other Income Expense": 2568000.0,
        "Other Non Operating Income Expenses": 2568000.0,
        "Net Non Operating Interest Income Expense": -74182000.0,
        "Interest Expense Non Operating": 74182000.0,
        "Interest Income Non Operating": NaN,
        "Operating Income": 339559000.0,
        "Operating Expense": 424408000.0,
        "Research And Development": 155323000.0,
        "Selling General And Administration": 269085000.0,
        "Selling And Marketing Expense": 226687000.0,
        "General And Administrative Expense": 42398000.0,
        "Other Gand A": 42398000.0,
        "Gross Profit": 763967000.0,
        "Cost Of Revenue": 294148000.0,
        "Total Revenue": 1058115000.0,
        "Operating Revenue": 1058115000.0
    }
}