{
    "2023-06-30": {
        "Tax Effect Of Unusual Items": NaN,
        "Tax Rate For Calcs": NaN,
        "Normalized EBITDA": NaN,
        "Net Income From Continuing Operation Net Minority Interest": NaN,
        "Reconciled Depreciation": NaN,
        "Reconciled Cost Of Revenue": NaN,
        "EBITDA": NaN,
        "EBIT": NaN,
        "Net Interest Income": NaN,
        "Interest Income": NaN,
        "Normalized Income": NaN,
        "Net Income From Continuing And Discontinued Operation": NaN,
        "Total Expenses": NaN,
        "Total Operating Income As Reported": NaN,
        "Diluted Average Shares": NaN,
        "Basic Average Shares": NaN,
        "Diluted EPS": NaN,
        "Basic EPS": NaN,
        "Diluted NI Availto Com Stockholders": NaN,
        "Net Income Common Stockholders": NaN,
        "Otherunder Preferred Stock Dividend": NaN,
        "Net Income": NaN,
        "Net Income Including Noncontrolling Interests": NaN,
        "Net Income Continuous Operations": NaN,
        "Tax Provision": NaN,
        "Pretax Income": NaN,
        "Other Income Expense": -54000.0,
        "Other Non Operating Income Expenses": -54000.0,
        "Net Non Operating Interest Income Expense": NaN,
        "Interest Income Non Operating": NaN,
        "Operating Income": NaN,
        "Operating Expense": NaN,
        "Depreciation Amortization Depletion Income Statement": NaN,
        "Depreciation And Amortization In Income Statement": NaN,
        "Research And Development": NaN,
        "Selling General And Administration": NaN,
        "Selling And Marketing Expense": NaN,
        "General And Administrative Expense": NaN,
        "Other Gand A": NaN,
        "Gross Profit": NaN,
        "Cost Of Revenue": NaN,
        "Total Revenue": NaN,
        "Operating Revenue": NaN
    },
    "2023-03-31": {
        "Tax Effect Of Unusual Items": NaN,
        "Tax Rate For Calcs": NaN,
        "Normalized EBITDA": NaN,
        "Net Income From Continuing Operation Net Minority Interest": NaN,
        "Reconciled Depreciation": NaN,
        "Reconciled Cost Of Revenue": NaN,
        "EBITDA": NaN,
        "EBIT": NaN,
        "Net Interest Income": NaN,
        "Interest Income": NaN,
        "Normalized Income": NaN,
        "Net Income From Continuing And Discontinued Operation": NaN,
        "Total Expenses": NaN,
        "Total Operating Income As Reported": NaN,
        "Diluted Average Shares": NaN,
        "Basic Average Shares": NaN,
        "Diluted EPS": NaN,
        "Basic EPS": NaN,
        "Diluted NI Availto Com Stockholders": NaN,
        "Net Income Common Stockholders": NaN,
        "Otherunder Preferred Stock Dividend": 0.0,
        "Net Income": NaN,
        "Net Income Including Noncontrolling Interests": NaN,
        "Net Income Continuous Operations": NaN,
        "Tax Provision": NaN,
        "Pretax Income": NaN,
        "Other Income Expense": 20000.0,
        "Other Non Operating Income Expenses": 20000.0,
        "Net Non Operating Interest Income Expense": NaN,
        "Interest Income Non Operating": NaN,
        "Operating Income": NaN,
        "Operating Expense": NaN,
        "Depreciation Amortization Depletion Income Statement": NaN,
        "Depreciation And Amortization In Income Statement": NaN,
        "Research And Development": NaN,
        "Selling General And Administration": NaN,
        "Selling And Marketing Expense": NaN,
        "General And Administrative Expense": NaN,
        "Other Gand A": NaN,
        "Gross Profit": NaN,
        "Cost Of Revenue": NaN,
        "Total Revenue": NaN,
        "Operating Revenue": NaN
    },
    "2022-12-31": {
        "Tax Effect Of Unusual Items": NaN,
        "Tax Rate For Calcs": NaN,
        "Normalized EBITDA": NaN,
        "Net Income From Continuing Operation Net Minority Interest": NaN,
        "Reconciled Depreciation": NaN,
        "Reconciled Cost Of Revenue": NaN,
        "EBITDA": NaN,
        "EBIT": NaN,
        "Net Interest Income": NaN,
        "Interest Income": NaN,
        "Normalized Income": NaN,
        "Net Income From Continuing And Discontinued Operation": NaN,
        "Total Expenses": NaN,
        "Total Operating Income As Reported": NaN,
        "Diluted Average Shares": NaN,
        "Basic Average Shares": NaN,
        "Diluted EPS": NaN,
        "Basic EPS": NaN,
        "Diluted NI Availto Com Stockholders": NaN,
        "Net Income Common Stockholders": NaN,
        "Otherunder Preferred Stock Dividend": NaN,
        "Net Income": NaN,
        "Net Income Including Noncontrolling Interests": NaN,
        "Net Income Continuous Operations": NaN,
        "Tax Provision": NaN,
        "Pretax Income": NaN,
        "Other Income Expense": 213000.0,
        "Other Non Operating Income Expenses": 213000.0,
        "Net Non Operating Interest Income Expense": NaN,
        "Interest Income Non Operating": NaN,
        "Operating Income": NaN,
        "Operating Expense": NaN,
        "Depreciation Amortization Depletion Income Statement": NaN,
        "Depreciation And Amortization In Income Statement": NaN,
        "Research And Development": NaN,
        "Selling General And Administration": NaN,
        "Selling And Marketing Expense": NaN,
        "General And Administrative Expense": NaN,
        "Other Gand A": NaN,
        "Gross Profit": NaN,
        "Cost Of Revenue": NaN,
        "Total Revenue": NaN,
        "Operating Revenue": NaN
    },
    "2022-09-30": {
        "Tax Effect Of Unusual Items": NaN,
        "Tax Rate For Calcs": NaN,
        "Normalized EBITDA": NaN,
        "Net Income From Continuing Operation Net Minority Interest": NaN,
        "Reconciled Depreciation": NaN,
        "Reconciled Cost Of Revenue": NaN,
        "EBITDA": NaN,
        "EBIT": NaN,
        "Net Interest Income": NaN,
        "Interest Income": NaN,
        "Normalized Income": NaN,
        "Net Income From Continuing And Discontinued Operation": NaN,
        "Total Expenses": NaN,
        "Total Operating Income As Reported": NaN,
        "Diluted Average Shares": NaN,
        "Basic Average Shares": NaN,
        "Diluted EPS": NaN,
        "Basic EPS": NaN,
        "Diluted NI Availto Com Stockholders": NaN,
        "Net Income Common Stockholders": NaN,
        "Otherunder Preferred Stock Dividend": 0.0,
        "Net Income": NaN,
        "Net Income Including Noncontrolling Interests": NaN,
        "Net Income Continuous Operations": NaN,
        "Tax Provision": NaN,
        "Pretax Income": NaN,
        "Other Income Expense": NaN,
        "Other Non Operating Income Expenses": NaN,
        "Net Non Operating Interest Income Expense": NaN,
        "Interest Income Non Operating": NaN,
        "Operating Income": NaN,
        "Operating Expense": NaN,
        "Depreciation Amortization Depletion Income Statement": NaN,
        "Depreciation And Amortization In Income Statement": NaN,
        "Research And Development": NaN,
        "Selling General And Administration": NaN,
        "Selling And Marketing Expense": NaN,
        "General And Administrative Expense": NaN,
        "Other Gand A": NaN,
        "Gross Profit": NaN,
        "Cost Of Revenue": NaN,
        "Total Revenue": NaN,
        "Operating Revenue": NaN
    },
    "2022-06-30": {
        "Tax Effect Of Unusual Items": 0.0,
        "Tax Rate For Calcs": 0.4,
        "Normalized EBITDA": -21249000.0,
        "Net Income From Continuing Operation Net Minority Interest": -29970000.0,
        "Reconciled Depreciation": 8681000.0,
        "Reconciled Cost Of Revenue": 47070000.0,
        "EBITDA": -21249000.0,
        "EBIT": -29930000.0,
        "Net Interest Income": 151000.0,
        "Interest Income": 151000.0,
        "Normalized Income": -29970000.0,
        "Net Income From Continuing And Discontinued Operation": -29970000.0,
        "Total Expenses": 147380000.0,
        "Total Operating Income As Reported": -29930000.0,
        "Diluted Average Shares": 34927000.0,
        "Basic Average Shares": 34927000.0,
        "Diluted EPS": -0.86,
        "Basic EPS": -0.86,
        "Diluted NI Availto Com Stockholders": -29970000.0,
        "Net Income Common Stockholders": -29970000.0,
        "Net Income": -29970000.0,
        "Net Income Including Noncontrolling Interests": -29970000.0,
        "Net Income Continuous Operations": -29970000.0,
        "Tax Provision": 236000.0,
        "Pretax Income": -29734000.0,
        "Other Income Expense": 45000.0,
        "Other Non Operating Income Expenses": 45000.0,
        "Net Non Operating Interest Income Expense": 151000.0,
        "Interest Income Non Operating": 151000.0,
        "Operating Income": -29930000.0,
        "Operating Expense": 99950000.0,
        "Depreciation Amortization Depletion Income Statement": 8321000.0,
        "Depreciation And Amortization In Income Statement": 8321000.0,
        "Research And Development": 26687000.0,
        "Selling General And Administration": 64942000.0,
        "Selling And Marketing Expense": 26995000.0,
        "General And Administrative Expense": 37947000.0,
        "Other Gand A": 37947000.0,
        "Gross Profit": 70020000.0,
        "Cost Of Revenue": 47430000.0,
        "Total Revenue": 117450000.0,
        "Operating Revenue": 117450000.0
    },
    "2022-03-31": {
        "Diluted EPS": -0.41,
        "Total Revenue": 105,
        "Gross Profit": 62,
        "Operating Income": -15,
        "EBIT": -6,
        "Net Income": -14
    },
    "2021-12-31": {
        "Diluted EPS": -0.04,
        "Total Revenue": 96,
        "Gross Profit": 57,
        "Operating Income": -7,
        "EBIT": 1,
        "Net Income": -1
    },
    "2021-09-30": {
        "Diluted EPS": -0.0,
        "Total Revenue": 96,
        "Gross Profit": 57,
        "Operating Income": 0,
        "EBIT": 8,
        "Net Income": 0
    },
    "2021-06-30": {
        "Diluted EPS": 0.06,
        "Total Revenue": 89,
        "Gross Profit": 56,
        "Operating Income": 1,
        "EBIT": 9,
        "Net Income": 2
    },
    "2021-03-31": {
        "Diluted EPS": 0.01,
        "Total Revenue": 79,
        "Gross Profit": 46,
        "Operating Income": -6,
        "EBIT": 2,
        "Net Income": 0
    },
    "2020-12-31": {
        "Diluted EPS": -0.02,
        "Total Revenue": 72,
        "Gross Profit": 43,
        "Operating Income": -3,
        "EBIT": 4,
        "Net Income": -1
    },
    "2020-09-30": {
        "Diluted EPS": 3.86,
        "Total Revenue": 84,
        "Gross Profit": 51,
        "Operating Income": 3,
        "EBIT": 11,
        "Net Income": 138
    },
    "2020-06-30": {
        "Diluted EPS": 0.54,
        "Total Revenue": 81,
        "Gross Profit": 54,
        "Operating Income": 6,
        "EBIT": 14,
        "Net Income": 19
    },
    "2020-03-31": {
        "Diluted EPS": 0.06,
        "Total Revenue": 72,
        "Gross Profit": 44,
        "Operating Income": 3,
        "EBIT": 10,
        "Net Income": 2
    },
    "2019-12-31": {
        "Diluted EPS": 0.12,
        "Total Revenue": 67,
        "Gross Profit": 41,
        "Operating Income": 0,
        "EBIT": 7,
        "Net Income": 4
    },
    "2019-09-30": {
        "Diluted EPS": 0.14,
        "Total Revenue": 68,
        "Gross Profit": 42,
        "Operating Income": 4,
        "EBIT": 11,
        "Net Income": 5
    },
    "2019-06-30": {
        "Diluted EPS": 0.65,
        "Total Revenue": 64,
        "Gross Profit": 38,
        "Operating Income": 2,
        "EBIT": 9,
        "Net Income": 23
    },
    "2019-03-31": {
        "Diluted EPS": 0.11,
        "Total Revenue": 57,
        "Gross Profit": 33,
        "Operating Income": 0,
        "EBIT": 6,
        "Net Income": 4
    },
    "2018-12-31": {
        "Diluted EPS": 0.07,
        "Total Revenue": 50,
        "Gross Profit": 30,
        "Operating Income": 3,
        "EBIT": 6,
        "Net Income": 3
    },
    "2018-09-30": {
        "Diluted EPS": 0.16,
        "Total Revenue": 50,
        "Gross Profit": 31,
        "Operating Income": 5,
        "EBIT": 9,
        "Net Income": 6
    },
    "2018-06-30": {
        "Diluted EPS": 0.21,
        "Total Revenue": 47,
        "Gross Profit": 30,
        "Operating Income": 7,
        "EBIT": 11,
        "Net Income": 7
    },
    "2018-03-31": {
        "Diluted EPS": 0.12,
        "Total Revenue": 42,
        "Gross Profit": 26,
        "Operating Income": 4,
        "EBIT": 8,
        "Net Income": 4
    },
    "2017-12-31": {
        "Diluted EPS": 0.08,
        "Total Revenue": 38,
        "Gross Profit": 23,
        "Operating Income": 2,
        "EBIT": 6,
        "Net Income": 3
    },
    "2017-09-30": {
        "Diluted EPS": 0.1,
        "Total Revenue": 38,
        "Gross Profit": 24,
        "Operating Income": 4,
        "EBIT": 7,
        "Net Income": 4
    },
    "2017-06-30": {
        "Diluted EPS": 0.08,
        "Total Revenue": 36,
        "Gross Profit": 22,
        "Operating Income": 3,
        "EBIT": 6,
        "Net Income": 3
    },
    "2017-03-31": {
        "Diluted EPS": 0.02,
        "Total Revenue": 32,
        "Gross Profit": 19,
        "Operating Income": 1,
        "EBIT": 4,
        "Net Income": 1
    },
    "2016-12-31": {
        "Diluted EPS": -0.04,
        "Total Revenue": 28,
        "Gross Profit": 17,
        "Operating Income": -1,
        "EBIT": 2,
        "Net Income": -1
    },
    "2016-09-30": {
        "Diluted EPS": -0.03,
        "Total Revenue": 28,
        "Gross Profit": 17,
        "Operating Income": -1,
        "EBIT": 1,
        "Net Income": -1
    },
    "2016-06-30": {
        "Diluted EPS": -0.07,
        "Total Revenue": 26,
        "Gross Profit": 15,
        "Operating Income": -2,
        "EBIT": 0,
        "Net Income": -2
    },
    "2016-03-31": {
        "Diluted EPS": -0.11,
        "Total Revenue": 23,
        "Gross Profit": 13,
        "Operating Income": -4,
        "EBIT": -1,
        "Net Income": -4
    },
    "2015-12-31": {
        "Diluted EPS": 0.18,
        "Total Revenue": 20,
        "Gross Profit": 11,
        "Operating Income": -4,
        "EBIT": -2,
        "Net Income": -4
    },
    "2015-09-30": {
        "Diluted EPS": -0.14,
        "Total Revenue": 20,
        "Gross Profit": 11,
        "Operating Income": -4,
        "EBIT": -2,
        "Net Income": -5
    },
    "2015-06-30": {
        "Diluted EPS": -0.36,
        "Total Revenue": 18,
        "Gross Profit": 10,
        "Operating Income": -3,
        "EBIT": -2,
        "Net Income": -3
    },
    "2015-03-31": {
        "Diluted EPS": -0.41,
        "Total Revenue": 16,
        "Gross Profit": 9,
        "Operating Income": -4,
        "EBIT": -2,
        "Net Income": -4
    },
    "2014-12-31": {
        "Diluted EPS": -0.52,
        "Total Revenue": 13,
        "Gross Profit": 7,
        "Operating Income": -5,
        "EBIT": -3,
        "Net Income": -5
    },
    "2014-09-30": {
        "Diluted EPS": -0.14,
        "Total Revenue": 13,
        "Gross Profit": 7,
        "Operating Income": -1,
        "EBIT": 0,
        "Net Income": -1
    },
    "2014-06-30": {
        "Diluted EPS": -0.18,
        "Total Revenue": 12,
        "Gross Profit": 6,
        "Operating Income": -2,
        "EBIT": -1,
        "Net Income": -2
    },
    "2014-03-31": {
        "Diluted EPS": -0.14,
        "Total Revenue": 10,
        "Gross Profit": 5,
        "Operating Income": -1,
        "EBIT": 0,
        "Net Income": -1
    },
    "2013-12-31": {
        "Diluted EPS": 0.0,
        "Total Revenue": NaN,
        "Gross Profit": NaN,
        "Operating Income": NaN,
        "EBIT": NaN,
        "Net Income": NaN
    },
    "2023-09-30": {
        "Tax Effect Of Unusual Items": 0.0,
        "Tax Rate For Calcs": 0.21,
        "Normalized EBITDA": 7501000.0,
        "Net Income From Continuing Operation Net Minority Interest": 26445000.0,
        "Reconciled Depreciation": 7489000.0,
        "Reconciled Cost Of Revenue": 62818000.0,
        "EBITDA": 7501000.0,
        "EBIT": -67000.0,
        "Net Interest Income": 1788000.0,
        "Interest Income": 1788000.0,
        "Normalized Income": 26445000.0,
        "Net Income From Continuing And Discontinued Operation": 26445000.0,
        "Total Expenses": 165507000.0,
        "Total Operating Income As Reported": -67000.0,
        "Diluted Average Shares": 36482000.0,
        "Basic Average Shares": 35691000.0,
        "Diluted EPS": 0.72,
        "Basic EPS": 0.74,
        "Diluted NI Availto Com Stockholders": 26440000.0,
        "Net Income Common Stockholders": 26440000.0,
        "Otherunder Preferred Stock Dividend": 5000.0,
        "Net Income": 26445000.0,
        "Net Income Including Noncontrolling Interests": 26445000.0,
        "Net Income Continuous Operations": 26445000.0,
        "Tax Provision": -24973000.0,
        "Pretax Income": 1472000.0,
        "Other Income Expense": -249000.0,
        "Other Non Operating Income Expenses": -249000.0,
        "Net Non Operating Interest Income Expense": 1788000.0,
        "Interest Income Non Operating": 1788000.0,
        "Operating Income": -67000.0,
        "Operating Expense": 102768000.0,
        "Depreciation Amortization Depletion Income Statement": 7568000.0,
        "Depreciation And Amortization In Income Statement": 7568000.0,
        "Research And Development": 41592000.0,
        "Selling General And Administration": 53608000.0,
        "Selling And Marketing Expense": 29701000.0,
        "General And Administrative Expense": 23907000.0,
        "Other Gand A": 23907000.0,
        "Gross Profit": 102701000.0,
        "Cost Of Revenue": 62739000.0,
        "Total Revenue": 165440000.0,
        "Operating Revenue": 162944000.0
    },
    "2023-12-31": {
        "Tax Effect Of Unusual Items": 0.0,
        "Tax Rate For Calcs": 0.021372,
        "Normalized EBITDA": 35172000.0,
        "Net Income From Continuing Operation Net Minority Interest": 30268000.0,
        "Reconciled Depreciation": 6899000.0,
        "Reconciled Cost Of Revenue": 61309000.0,
        "EBITDA": 35172000.0,
        "EBIT": 28239000.0,
        "Net Interest Income": 2404000.0,
        "Interest Income": 2404000.0,
        "Normalized Income": 30268000.0,
        "Net Income From Continuing And Discontinued Operation": 30268000.0,
        "Total Expenses": 143591000.0,
        "Total Operating Income As Reported": 28239000.0,
        "Diluted Average Shares": 36596000.0,
        "Basic Average Shares": 35812000.0,
        "Diluted EPS": 0.83,
        "Basic EPS": 0.85,
        "Diluted NI Availto Com Stockholders": 30268000.0,
        "Net Income Common Stockholders": 30268000.0,
        "Otherunder Preferred Stock Dividend": NaN,
        "Net Income": 30268000.0,
        "Net Income Including Noncontrolling Interests": 30268000.0,
        "Net Income Continuous Operations": 30268000.0,
        "Tax Provision": 661000.0,
        "Pretax Income": 30929000.0,
        "Other Income Expense": 286000.0,
        "Other Non Operating Income Expenses": 286000.0,
        "Net Non Operating Interest Income Expense": 2404000.0,
        "Interest Income Non Operating": 2404000.0,
        "Operating Income": 28239000.0,
        "Operating Expense": 82316000.0,
        "Depreciation Amortization Depletion Income Statement": 6933000.0,
        "Depreciation And Amortization In Income Statement": 6933000.0,
        "Research And Development": 34847000.0,
        "Selling General And Administration": 40536000.0,
        "Selling And Marketing Expense": 21501000.0,
        "General And Administrative Expense": 19035000.0,
        "Other Gand A": 19035000.0,
        "Gross Profit": 110555000.0,
        "Cost Of Revenue": 61275000.0,
        "Total Revenue": 171830000.0,
        "Operating Revenue": 169242000.0
    },
    "2024-03-31": {
        "Tax Effect Of Unusual Items": 0.0,
        "Tax Rate For Calcs": 0.21,
        "Normalized EBITDA": 39306000.0,
        "Net Income From Continuing Operation Net Minority Interest": 38663000.0,
        "Reconciled Depreciation": 5216000.0,
        "Reconciled Cost Of Revenue": 64642000.0,
        "EBITDA": 39306000.0,
        "EBIT": 34090000.0,
        "Net Interest Income": 2992000.0,
        "Interest Income": 2992000.0,
        "Normalized Income": 38663000.0,
        "Net Income From Continuing And Discontinued Operation": 38663000.0,
        "Total Expenses": 153340000.0,
        "Total Operating Income As Reported": 34090000.0,
        "Diluted Average Shares": 36674000.0,
        "Basic Average Shares": 36087000.0,
        "Diluted EPS": 1.05,
        "Basic EPS": 1.07,
        "Diluted NI Availto Com Stockholders": 38658000.0,
        "Net Income Common Stockholders": 38658000.0,
        "Otherunder Preferred Stock Dividend": 5000.0,
        "Net Income": 38663000.0,
        "Net Income Including Noncontrolling Interests": 38663000.0,
        "Net Income Continuous Operations": 38663000.0,
        "Tax Provision": -1581000.0,
        "Pretax Income": 37082000.0,
        "Other Income Expense": NaN,
        "Other Non Operating Income Expenses": NaN,
        "Net Non Operating Interest Income Expense": 2992000.0,
        "Interest Income Non Operating": 2992000.0,
        "Operating Income": 34090000.0,
        "Operating Expense": 88694000.0,
        "Depreciation Amortization Depletion Income Statement": 5212000.0,
        "Depreciation And Amortization In Income Statement": 5212000.0,
        "Research And Development": 37895000.0,
        "Selling General And Administration": 45587000.0,
        "Selling And Marketing Expense": 24455000.0,
        "General And Administrative Expense": 21132000.0,
        "Other Gand A": 21132000.0,
        "Gross Profit": 122784000.0,
        "Cost Of Revenue": 64646000.0,
        "Total Revenue": 187430000.0,
        "Operating Revenue": 185251000.0
    },
    "2024-06-30": {
        "Tax Effect Of Unusual Items": 0.0,
        "Tax Rate For Calcs": 0.249,
        "Normalized EBITDA": 40757000.0,
        "Net Income From Continuing Operation Net Minority Interest": 29665000.0,
        "Reconciled Depreciation": 4729000.0,
        "Reconciled Cost Of Revenue": 69542000.0,
        "EBITDA": 40757000.0,
        "EBIT": 36028000.0,
        "Net Interest Income": 3476000.0,
        "Interest Income": 3476000.0,
        "Normalized Income": 29665000.0,
        "Net Income From Continuing And Discontinued Operation": 29665000.0,
        "Total Expenses": 161347000.0,
        "Total Operating Income As Reported": 36028000.0,
        "Diluted Average Shares": 36742000.0,
        "Basic Average Shares": 36241000.0,
        "Diluted EPS": 0.81,
        "Basic EPS": 0.82,
        "Diluted NI Availto Com Stockholders": 29665000.0,
        "Net Income Common Stockholders": 29665000.0,
        "Otherunder Preferred Stock Dividend": NaN,
        "Net Income": 29665000.0,
        "Net Income Including Noncontrolling Interests": 29665000.0,
        "Net Income Continuous Operations": 29665000.0,
        "Tax Provision": 9839000.0,
        "Pretax Income": 39504000.0,
        "Other Income Expense": NaN,
        "Other Non Operating Income Expenses": NaN,
        "Net Non Operating Interest Income Expense": 3476000.0,
        "Interest Income Non Operating": 3476000.0,
        "Operating Income": 36028000.0,
        "Operating Expense": 91746000.0,
        "Depreciation Amortization Depletion Income Statement": 4670000.0,
        "Depreciation And Amortization In Income Statement": 4670000.0,
        "Research And Development": 39522000.0,
        "Selling General And Administration": 47554000.0,
        "Selling And Marketing Expense": 27300000.0,
        "General And Administrative Expense": 20254000.0,
        "Other Gand A": 20254000.0,
        "Gross Profit": 127774000.0,
        "Cost Of Revenue": 69601000.0,
        "Total Revenue": 197375000.0,
        "Operating Revenue": 195644000.0
    },
    "2024-09-30": {
        "Tax Effect Of Unusual Items": 0.0,
        "Tax Rate For Calcs": 0.291,
        "Normalized EBITDA": 46968000.0,
        "Net Income From Continuing Operation Net Minority Interest": 33006000.0,
        "Reconciled Depreciation": 4400000.0,
        "Reconciled Cost Of Revenue": 71558000.0,
        "EBITDA": 46968000.0,
        "EBIT": 42568000.0,
        "Net Interest Income": 4014000.0,
        "Interest Income": 4014000.0,
        "Normalized Income": 33006000.0,
        "Net Income From Continuing And Discontinued Operation": 33006000.0,
        "Total Expenses": 163165000.0,
        "Total Operating Income As Reported": 42568000.0,
        "Diluted Average Shares": 36756000.0,
        "Basic Average Shares": 36306000.0,
        "Diluted EPS": 0.9,
        "Basic EPS": 0.91,
        "Diluted NI Availto Com Stockholders": 33006000.0,
        "Net Income Common Stockholders": 33006000.0,
        "Otherunder Preferred Stock Dividend": 0.0,
        "Net Income": 33006000.0,
        "Net Income Including Noncontrolling Interests": 33006000.0,
        "Net Income Continuous Operations": 33006000.0,
        "Tax Provision": 13576000.0,
        "Pretax Income": 46582000.0,
        "Other Income Expense": NaN,
        "Other Non Operating Income Expenses": NaN,
        "Net Non Operating Interest Income Expense": 4014000.0,
        "Interest Income Non Operating": 4014000.0,
        "Operating Income": 42568000.0,
        "Operating Expense": 91534000.0,
        "Depreciation Amortization Depletion Income Statement": 4327000.0,
        "Depreciation And Amortization In Income Statement": 4327000.0,
        "Research And Development": 40662000.0,
        "Selling General And Administration": 46545000.0,
        "Selling And Marketing Expense": 25406000.0,
        "General And Administrative Expense": 21139000.0,
        "Other Gand A": 21139000.0,
        "Gross Profit": 134102000.0,
        "Cost Of Revenue": 71631000.0,
        "Total Revenue": 205733000.0,
        "Operating Revenue": 203756000.0
    }
}