{
    "2023-03-31": {
        "Tax Effect Of Unusual Items": 0.0,
        "Tax Rate For Calcs": 0.21,
        "Normalized EBITDA": -30234000.0,
        "Net Income From Continuing Operation Net Minority Interest": -36829000.0,
        "Reconciled Depreciation": 2342000.0,
        "Reconciled Cost Of Revenue": 36093000.0,
        "EBITDA": -30234000.0,
        "EBIT": -32576000.0,
        "Net Interest Income": -3118000.0,
        "Interest Expense": 3118000.0,
        "Normalized Income": -36829000.0,
        "Net Income From Continuing And Discontinued Operation": -36829000.0,
        "Total Expenses": 170501000.0,
        "Total Operating Income As Reported": -35266000.0,
        "Diluted Average Shares": 72869000.0,
        "Basic Average Shares": 72869000.0,
        "Diluted EPS": -0.51,
        "Basic EPS": -0.51,
        "Diluted NI Availto Com Stockholders": -36829000.0,
        "Net Income Common Stockholders": -36829000.0,
        "Net Income": -36829000.0,
        "Net Income Including Noncontrolling Interests": -36829000.0,
        "Net Income Continuous Operations": -36829000.0,
        "Tax Provision": 1135000.0,
        "Pretax Income": -35694000.0,
        "Other Income Expense": 2690000.0,
        "Other Non Operating Income Expenses": 2690000.0,
        "Net Non Operating Interest Income Expense": -3118000.0,
        "Interest Expense Non Operating": 3118000.0,
        "Operating Income": -35266000.0,
        "Operating Expense": 134408000.0,
        "Research And Development": 41624000.0,
        "Selling General And Administration": 92784000.0,
        "Selling And Marketing Expense": 63090000.0,
        "General And Administrative Expense": 29694000.0,
        "Other Gand A": 29694000.0,
        "Gross Profit": 99142000.0,
        "Cost Of Revenue": 36093000.0,
        "Total Revenue": 135235000.0,
        "Operating Revenue": 135235000.0
    },
    "2022-12-31": {
        "Tax Effect Of Unusual Items": 0.0,
        "Tax Rate For Calcs": 0.21,
        "Normalized EBITDA": -31349000.0,
        "Net Income From Continuing Operation Net Minority Interest": -34417000.0,
        "Reconciled Depreciation": 1965000.0,
        "Reconciled Cost Of Revenue": 35231000.0,
        "EBITDA": -31349000.0,
        "EBIT": -31349000.0,
        "Net Interest Income": -1451000.0,
        "Interest Expense": 1451000.0,
        "Normalized Income": -34417000.0,
        "Net Income From Continuing And Discontinued Operation": -34417000.0,
        "Total Expenses": 166406000.0,
        "Total Operating Income As Reported": -40620000.0,
        "Diluted Average Shares": 72703000.0,
        "Basic Average Shares": 72703000.0,
        "Diluted EPS": -0.47,
        "Basic EPS": -0.47,
        "Diluted NI Availto Com Stockholders": -34417000.0,
        "Net Income Common Stockholders": -34417000.0,
        "Net Income": -34417000.0,
        "Net Income Including Noncontrolling Interests": -34417000.0,
        "Net Income Continuous Operations": -34417000.0,
        "Tax Provision": 1617000.0,
        "Pretax Income": -32800000.0,
        "Other Income Expense": 9271000.0,
        "Other Non Operating Income Expenses": 9271000.0,
        "Net Non Operating Interest Income Expense": -1451000.0,
        "Interest Expense Non Operating": 1451000.0,
        "Operating Income": -40620000.0,
        "Operating Expense": 131175000.0,
        "Research And Development": 37808000.0,
        "Selling General And Administration": 93367000.0,
        "Selling And Marketing Expense": 63270000.0,
        "General And Administrative Expense": 30097000.0,
        "Other Gand A": 30097000.0,
        "Gross Profit": 90555000.0,
        "Cost Of Revenue": 35231000.0,
        "Total Revenue": 125786000.0,
        "Operating Revenue": 125786000.0
    },
    "2022-09-30": {
        "Tax Effect Of Unusual Items": 0.0,
        "Tax Rate For Calcs": 0.4,
        "Normalized EBITDA": -41893000.0,
        "Net Income From Continuing Operation Net Minority Interest": -43996000.0,
        "Reconciled Depreciation": 1759000.0,
        "Reconciled Cost Of Revenue": 33760000.0,
        "EBITDA": -41893000.0,
        "EBIT": -43652000.0,
        "Net Interest Income": -89000.0,
        "Interest Expense": 89000.0,
        "Normalized Income": -43996000.0,
        "Net Income From Continuing And Discontinued Operation": -43996000.0,
        "Total Expenses": 155652000.0,
        "Total Operating Income As Reported": -37776000.0,
        "Diluted Average Shares": 72503000.0,
        "Basic Average Shares": 72503000.0,
        "Diluted EPS": -0.61,
        "Basic EPS": -0.61,
        "Diluted NI Availto Com Stockholders": -43996000.0,
        "Net Income Common Stockholders": -43996000.0,
        "Net Income": -43996000.0,
        "Net Income Including Noncontrolling Interests": -43996000.0,
        "Net Income Continuous Operations": -43996000.0,
        "Tax Provision": 255000.0,
        "Pretax Income": -43741000.0,
        "Other Income Expense": -5876000.0,
        "Other Non Operating Income Expenses": -5876000.0,
        "Net Non Operating Interest Income Expense": -89000.0,
        "Interest Expense Non Operating": 89000.0,
        "Operating Income": -37776000.0,
        "Operating Expense": 121892000.0,
        "Research And Development": 37623000.0,
        "Selling General And Administration": 84269000.0,
        "Selling And Marketing Expense": 54912000.0,
        "General And Administrative Expense": 29357000.0,
        "Other Gand A": 29357000.0,
        "Gross Profit": 84116000.0,
        "Cost Of Revenue": 33760000.0,
        "Total Revenue": 117876000.0,
        "Operating Revenue": 117876000.0
    },
    "2022-06-30": {
        "Tax Effect Of Unusual Items": 0.0,
        "Tax Rate For Calcs": 0.4,
        "Normalized EBITDA": -48900000.0,
        "Net Income From Continuing Operation Net Minority Interest": -49354000.0,
        "Reconciled Depreciation": 1800000.0,
        "Reconciled Cost Of Revenue": 33293000.0,
        "EBITDA": -48900000.0,
        "EBIT": -48900000.0,
        "Net Interest Income": -60000.0,
        "Interest Expense": 60000.0,
        "Normalized Income": -49354000.0,
        "Net Income From Continuing And Discontinued Operation": -49354000.0,
        "Total Expenses": 152810000.0,
        "Total Operating Income As Reported": -42747000.0,
        "Diluted Average Shares": 72390000.0,
        "Basic Average Shares": 72390000.0,
        "Diluted EPS": -0.68,
        "Basic EPS": -0.68,
        "Diluted NI Availto Com Stockholders": -49354000.0,
        "Net Income Common Stockholders": -49354000.0,
        "Net Income": -49354000.0,
        "Net Income Including Noncontrolling Interests": -49354000.0,
        "Net Income Continuous Operations": -49354000.0,
        "Tax Provision": 394000.0,
        "Pretax Income": -48960000.0,
        "Other Income Expense": -6153000.0,
        "Other Non Operating Income Expenses": -6153000.0,
        "Net Non Operating Interest Income Expense": -60000.0,
        "Interest Expense Non Operating": 60000.0,
        "Operating Income": -42747000.0,
        "Operating Expense": 119517000.0,
        "Research And Development": 33842000.0,
        "Selling General And Administration": 85675000.0,
        "Selling And Marketing Expense": 56166000.0,
        "General And Administrative Expense": 29509000.0,
        "Other Gand A": 29509000.0,
        "Gross Profit": 76770000.0,
        "Cost Of Revenue": 33293000.0,
        "Total Revenue": 110063000.0,
        "Operating Revenue": 110063000.0
    },
    "2023-06-30": {
        "Tax Effect Of Unusual Items": 0.0,
        "Tax Rate For Calcs": 0.21,
        "Normalized EBITDA": -34413000.0,
        "Net Income From Continuing Operation Net Minority Interest": -42355000.0,
        "Reconciled Depreciation": 2363000.0,
        "Reconciled Cost Of Revenue": 36845000.0,
        "EBITDA": -34413000.0,
        "EBIT": -36776000.0,
        "Net Interest Income": -4755000.0,
        "Interest Expense": 4755000.0,
        "Normalized Income": -42355000.0,
        "Net Income From Continuing And Discontinued Operation": -42355000.0,
        "Total Expenses": 168377000.0,
        "Total Operating Income As Reported": -40662000.0,
        "Diluted Average Shares": 73041000.0,
        "Basic Average Shares": 73041000.0,
        "Diluted EPS": -0.58,
        "Basic EPS": -0.58,
        "Diluted NI Availto Com Stockholders": -42355000.0,
        "Net Income Common Stockholders": -42355000.0,
        "Net Income": -42355000.0,
        "Net Income Including Noncontrolling Interests": -42355000.0,
        "Net Income Continuous Operations": -42355000.0,
        "Tax Provision": 824000.0,
        "Pretax Income": -41531000.0,
        "Other Income Expense": 3886000.0,
        "Other Non Operating Income Expenses": 3886000.0,
        "Net Non Operating Interest Income Expense": -4755000.0,
        "Interest Expense Non Operating": 4755000.0,
        "Operating Income": -40662000.0,
        "Operating Expense": 131532000.0,
        "Research And Development": 39743000.0,
        "Selling General And Administration": 91789000.0,
        "Selling And Marketing Expense": 62581000.0,
        "General And Administrative Expense": 29208000.0,
        "Other Gand A": 29208000.0,
        "Gross Profit": 90870000.0,
        "Cost Of Revenue": 36845000.0,
        "Total Revenue": 127715000.0,
        "Operating Revenue": 127715000.0
    },
    "2022-03-31": {
        "Diluted EPS": -0.32,
        "Total Revenue": 114,
        "Gross Profit": 83,
        "Operating Income": -24,
        "EBIT": -22,
        "Net Income": -23
    },
    "2021-12-31": {
        "Diluted EPS": -0.36,
        "Total Revenue": 105,
        "Gross Profit": 77,
        "Operating Income": -26,
        "EBIT": -24,
        "Net Income": -26
    },
    "2021-09-30": {
        "Diluted EPS": -0.36,
        "Total Revenue": 92,
        "Gross Profit": 66,
        "Operating Income": -23,
        "EBIT": -21,
        "Net Income": -25
    },
    "2021-06-30": {
        "Diluted EPS": -0.34,
        "Total Revenue": 83,
        "Gross Profit": 57,
        "Operating Income": -25,
        "EBIT": -23,
        "Net Income": -24
    },
    "2021-03-31": {
        "Diluted EPS": -0.19,
        "Total Revenue": 89,
        "Gross Profit": 65,
        "Operating Income": -10,
        "EBIT": -9,
        "Net Income": -14
    },
    "2020-12-31": {
        "Diluted EPS": -0.09,
        "Total Revenue": 82,
        "Gross Profit": 60,
        "Operating Income": -10,
        "EBIT": -8,
        "Net Income": -6
    },
    "2020-09-30": {
        "Diluted EPS": -0.05,
        "Total Revenue": 77,
        "Gross Profit": 56,
        "Operating Income": -8,
        "EBIT": -6,
        "Net Income": -4
    },
    "2020-06-30": {
        "Diluted EPS": -0.17,
        "Total Revenue": 67,
        "Gross Profit": 46,
        "Operating Income": -12,
        "EBIT": -11,
        "Net Income": -12
    },
    "2020-03-31": {
        "Diluted EPS": -0.17,
        "Total Revenue": 79,
        "Gross Profit": 55,
        "Operating Income": -9,
        "EBIT": -7,
        "Net Income": -12
    },
    "2019-12-31": {
        "Diluted EPS": -0.15,
        "Total Revenue": 69,
        "Gross Profit": 46,
        "Operating Income": -13,
        "EBIT": -12,
        "Net Income": -11
    },
    "2019-09-30": {
        "Diluted EPS": -0.22,
        "Total Revenue": 66,
        "Gross Profit": 42,
        "Operating Income": -12,
        "EBIT": -11,
        "Net Income": -15
    },
    "2019-06-30": {
        "Diluted EPS": -0.16,
        "Total Revenue": 65,
        "Gross Profit": 42,
        "Operating Income": -10,
        "EBIT": -9,
        "Net Income": -10
    },
    "2019-03-31": {
        "Diluted EPS": -0.24,
        "Total Revenue": 60,
        "Gross Profit": 36,
        "Operating Income": -15,
        "EBIT": -15,
        "Net Income": -15
    },
    "2018-12-31": {
        "Diluted EPS": -0.22,
        "Total Revenue": 60,
        "Gross Profit": 38,
        "Operating Income": -13,
        "EBIT": -13,
        "Net Income": -14
    },
    "2018-09-30": {
        "Diluted EPS": -0.24,
        "Total Revenue": 55,
        "Gross Profit": 35,
        "Operating Income": -15,
        "EBIT": -14,
        "Net Income": -15
    },
    "2018-06-30": {
        "Diluted EPS": -0.18,
        "Total Revenue": 60,
        "Gross Profit": 38,
        "Operating Income": -8,
        "EBIT": -8,
        "Net Income": -11
    },
    "2018-03-31": {
        "Diluted EPS": -0.16,
        "Total Revenue": 52,
        "Gross Profit": 31,
        "Operating Income": -10,
        "EBIT": -10,
        "Net Income": -10
    },
    "2017-12-31": {
        "Diluted EPS": -0.09,
        "Total Revenue": 51,
        "Gross Profit": 32,
        "Operating Income": -7,
        "EBIT": -7,
        "Net Income": -7
    },
    "2017-09-30": {
        "Diluted EPS": -0.1,
        "Total Revenue": 45,
        "Gross Profit": 28,
        "Operating Income": -7,
        "EBIT": -6,
        "Net Income": -6
    },
    "2017-06-30": {
        "Diluted EPS": -0.34,
        "Total Revenue": 43,
        "Gross Profit": 27,
        "Operating Income": -15,
        "EBIT": -15,
        "Net Income": -15
    },
    "2017-03-31": {
        "Diluted EPS": -0.1,
        "Total Revenue": 38,
        "Gross Profit": 26,
        "Operating Income": -4,
        "EBIT": -3,
        "Net Income": -4
    },
    "2016-12-31": {
        "Diluted EPS": 0.0,
        "Total Revenue": NaN,
        "Gross Profit": NaN,
        "Operating Income": NaN,
        "EBIT": NaN,
        "Net Income": NaN
    },
    "2016-09-30": {
        "Diluted EPS": -0.14,
        "Total Revenue": 31,
        "Gross Profit": 20,
        "Operating Income": -6,
        "EBIT": -6,
        "Net Income": -5
    },
    "2016-06-30": {
        "Diluted EPS": -0.13,
        "Total Revenue": 32,
        "Gross Profit": 19,
        "Operating Income": -5,
        "EBIT": -5,
        "Net Income": -5
    },
    "2015-12-31": {
        "Diluted EPS": 0.0,
        "Total Revenue": NaN,
        "Gross Profit": NaN,
        "Operating Income": NaN,
        "EBIT": NaN,
        "Net Income": NaN
    },
    "2023-09-30": {
        "Tax Effect Of Unusual Items": 0.0,
        "Tax Rate For Calcs": 0.21,
        "Normalized EBITDA": -14815000.0,
        "Net Income From Continuing Operation Net Minority Interest": -22251000.0,
        "Reconciled Depreciation": 2341000.0,
        "Reconciled Cost Of Revenue": 36069000.0,
        "EBITDA": -14815000.0,
        "EBIT": -17156000.0,
        "Net Interest Income": -4917000.0,
        "Interest Expense": 4917000.0,
        "Normalized Income": -22251000.0,
        "Net Income From Continuing And Discontinued Operation": -22251000.0,
        "Total Expenses": 152311000.0,
        "Total Operating Income As Reported": -15217000.0,
        "Diluted Average Shares": 73178000.0,
        "Basic Average Shares": 73178000.0,
        "Diluted EPS": -0.3,
        "Basic EPS": -0.3,
        "Diluted NI Availto Com Stockholders": -22251000.0,
        "Net Income Common Stockholders": -22251000.0,
        "Net Income": -22251000.0,
        "Net Income Including Noncontrolling Interests": -22251000.0,
        "Net Income Continuous Operations": -22251000.0,
        "Tax Provision": 178000.0,
        "Pretax Income": -22073000.0,
        "Other Income Expense": -1939000.0,
        "Other Non Operating Income Expenses": -1939000.0,
        "Net Non Operating Interest Income Expense": -4917000.0,
        "Interest Expense Non Operating": 4917000.0,
        "Operating Income": -15217000.0,
        "Operating Expense": 116242000.0,
        "Research And Development": 37135000.0,
        "Selling General And Administration": 79107000.0,
        "Selling And Marketing Expense": 55667000.0,
        "General And Administrative Expense": 23440000.0,
        "Other Gand A": 23440000.0,
        "Gross Profit": 101025000.0,
        "Cost Of Revenue": 36069000.0,
        "Total Revenue": 137094000.0,
        "Operating Revenue": 137094000.0
    }
}