{
    "2023-03-31": {
        "Tax Effect Of Unusual Items": NaN,
        "Tax Rate For Calcs": NaN,
        "Normalized EBITDA": NaN,
        "Total Unusual Items": NaN,
        "Total Unusual Items Excluding Goodwill": NaN,
        "Net Income From Continuing Operation Net Minority Interest": NaN,
        "Reconciled Depreciation": NaN,
        "Reconciled Cost Of Revenue": NaN,
        "EBITDA": NaN,
        "EBIT": NaN,
        "Net Interest Income": NaN,
        "Interest Expense": NaN,
        "Normalized Income": NaN,
        "Net Income From Continuing And Discontinued Operation": NaN,
        "Total Expenses": NaN,
        "Total Operating Income As Reported": NaN,
        "Diluted Average Shares": NaN,
        "Basic Average Shares": NaN,
        "Diluted EPS": NaN,
        "Basic EPS": NaN,
        "Diluted NI Availto Com Stockholders": NaN,
        "Net Income Common Stockholders": NaN,
        "Net Income": NaN,
        "Minority Interests": NaN,
        "Net Income Including Noncontrolling Interests": NaN,
        "Net Income Continuous Operations": NaN,
        "Tax Provision": NaN,
        "Pretax Income": NaN,
        "Other Income Expense": NaN,
        "Other Non Operating Income Expenses": NaN,
        "Special Income Charges": 0.0,
        "Impairment Of Capital Assets": NaN,
        "Restructuring And Mergern Acquisition": 0.0,
        "Gain On Sale Of Security": NaN,
        "Net Non Operating Interest Income Expense": NaN,
        "Total Other Finance Cost": NaN,
        "Interest Expense Non Operating": NaN,
        "Operating Income": NaN,
        "Operating Expense": NaN,
        "Research And Development": NaN,
        "Selling General And Administration": NaN,
        "Selling And Marketing Expense": NaN,
        "General And Administrative Expense": NaN,
        "Other Gand A": NaN,
        "Gross Profit": NaN,
        "Cost Of Revenue": NaN,
        "Total Revenue": NaN,
        "Operating Revenue": NaN
    },
    "2022-12-31": {
        "Tax Effect Of Unusual Items": NaN,
        "Tax Rate For Calcs": NaN,
        "Normalized EBITDA": NaN,
        "Total Unusual Items": NaN,
        "Total Unusual Items Excluding Goodwill": NaN,
        "Net Income From Continuing Operation Net Minority Interest": NaN,
        "Reconciled Depreciation": NaN,
        "Reconciled Cost Of Revenue": NaN,
        "EBITDA": NaN,
        "EBIT": NaN,
        "Net Interest Income": NaN,
        "Interest Expense": NaN,
        "Normalized Income": NaN,
        "Net Income From Continuing And Discontinued Operation": NaN,
        "Total Expenses": NaN,
        "Total Operating Income As Reported": NaN,
        "Diluted Average Shares": NaN,
        "Basic Average Shares": NaN,
        "Diluted EPS": NaN,
        "Basic EPS": NaN,
        "Diluted NI Availto Com Stockholders": NaN,
        "Net Income Common Stockholders": NaN,
        "Net Income": NaN,
        "Minority Interests": NaN,
        "Net Income Including Noncontrolling Interests": NaN,
        "Net Income Continuous Operations": NaN,
        "Tax Provision": NaN,
        "Pretax Income": NaN,
        "Other Income Expense": NaN,
        "Other Non Operating Income Expenses": NaN,
        "Special Income Charges": 0.0,
        "Impairment Of Capital Assets": 0.0,
        "Restructuring And Mergern Acquisition": 0.0,
        "Gain On Sale Of Security": NaN,
        "Net Non Operating Interest Income Expense": NaN,
        "Total Other Finance Cost": NaN,
        "Interest Expense Non Operating": NaN,
        "Operating Income": NaN,
        "Operating Expense": NaN,
        "Research And Development": NaN,
        "Selling General And Administration": NaN,
        "Selling And Marketing Expense": NaN,
        "General And Administrative Expense": NaN,
        "Other Gand A": NaN,
        "Gross Profit": NaN,
        "Cost Of Revenue": NaN,
        "Total Revenue": NaN,
        "Operating Revenue": NaN
    },
    "2022-09-30": {
        "Tax Effect Of Unusual Items": NaN,
        "Tax Rate For Calcs": NaN,
        "Normalized EBITDA": NaN,
        "Total Unusual Items": NaN,
        "Total Unusual Items Excluding Goodwill": NaN,
        "Net Income From Continuing Operation Net Minority Interest": NaN,
        "Reconciled Depreciation": NaN,
        "Reconciled Cost Of Revenue": NaN,
        "EBITDA": NaN,
        "EBIT": NaN,
        "Net Interest Income": NaN,
        "Normalized Income": NaN,
        "Net Income From Continuing And Discontinued Operation": NaN,
        "Total Expenses": NaN,
        "Total Operating Income As Reported": NaN,
        "Diluted Average Shares": NaN,
        "Basic Average Shares": NaN,
        "Diluted EPS": NaN,
        "Basic EPS": NaN,
        "Diluted NI Availto Com Stockholders": NaN,
        "Net Income Common Stockholders": NaN,
        "Net Income": NaN,
        "Minority Interests": NaN,
        "Net Income Including Noncontrolling Interests": NaN,
        "Net Income Continuous Operations": NaN,
        "Tax Provision": NaN,
        "Pretax Income": NaN,
        "Other Income Expense": NaN,
        "Other Non Operating Income Expenses": NaN,
        "Special Income Charges": NaN,
        "Impairment Of Capital Assets": 0.0,
        "Restructuring And Mergern Acquisition": NaN,
        "Gain On Sale Of Security": NaN,
        "Net Non Operating Interest Income Expense": NaN,
        "Total Other Finance Cost": NaN,
        "Operating Income": NaN,
        "Operating Expense": NaN,
        "Research And Development": NaN,
        "Selling General And Administration": NaN,
        "Selling And Marketing Expense": NaN,
        "General And Administrative Expense": NaN,
        "Other Gand A": NaN,
        "Gross Profit": NaN,
        "Cost Of Revenue": NaN,
        "Total Revenue": NaN,
        "Operating Revenue": NaN
    },
    "2022-06-30": {
        "Tax Effect Of Unusual Items": -84736.0,
        "Tax Rate For Calcs": 0.256,
        "Normalized EBITDA": 44695000.0,
        "Total Unusual Items": -331000.0,
        "Total Unusual Items Excluding Goodwill": -331000.0,
        "Net Income From Continuing Operation Net Minority Interest": 14922000.0,
        "Reconciled Depreciation": 19929000.0,
        "Reconciled Cost Of Revenue": 96282000.0,
        "EBITDA": 44364000.0,
        "EBIT": 24435000.0,
        "Net Interest Income": -4082000.0,
        "Interest Expense": NaN,
        "Normalized Income": 15168264.0,
        "Net Income From Continuing And Discontinued Operation": 14922000.0,
        "Total Expenses": 164198000.0,
        "Total Operating Income As Reported": 24435000.0,
        "Diluted Average Shares": 102686000.0,
        "Basic Average Shares": 97822000.0,
        "Diluted EPS": 0.15,
        "Basic EPS": 0.15,
        "Diluted NI Availto Com Stockholders": 14922000.0,
        "Net Income Common Stockholders": 14922000.0,
        "Net Income": 14922000.0,
        "Minority Interests": -36000.0,
        "Net Income Including Noncontrolling Interests": 14958000.0,
        "Net Income Continuous Operations": 14958000.0,
        "Tax Provision": 5136000.0,
        "Pretax Income": 20094000.0,
        "Other Income Expense": -259000.0,
        "Other Non Operating Income Expenses": 72000.0,
        "Special Income Charges": NaN,
        "Restructuring And Mergern Acquisition": NaN,
        "Gain On Sale Of Security": -331000.0,
        "Net Non Operating Interest Income Expense": -4082000.0,
        "Total Other Finance Cost": 4082000.0,
        "Interest Expense Non Operating": NaN,
        "Operating Income": 24435000.0,
        "Operating Expense": 67916000.0,
        "Research And Development": 14133000.0,
        "Selling General And Administration": 53783000.0,
        "Selling And Marketing Expense": 16058000.0,
        "General And Administrative Expense": 37725000.0,
        "Other Gand A": 37725000.0,
        "Gross Profit": 92351000.0,
        "Cost Of Revenue": 96282000.0,
        "Total Revenue": 188633000.0,
        "Operating Revenue": 188633000.0
    },
    "2022-03-31": {
        "Diluted EPS": 0.2,
        "Total Revenue": 184,
        "Gross Profit": 89,
        "Operating Income": 27,
        "EBIT": 44,
        "Net Income": 20
    },
    "2021-12-31": {
        "Diluted EPS": 0.07,
        "Total Revenue": 217,
        "Gross Profit": 99,
        "Operating Income": 29,
        "EBIT": 45,
        "Net Income": 7
    },
    "2021-09-30": {
        "Diluted EPS": -0.06,
        "Total Revenue": 189,
        "Gross Profit": 89,
        "Operating Income": 17,
        "EBIT": 33,
        "Net Income": -6
    },
    "2021-06-30": {
        "Diluted EPS": 0.14,
        "Total Revenue": 158,
        "Gross Profit": 70,
        "Operating Income": 19,
        "EBIT": 28,
        "Net Income": 14
    },
    "2021-03-31": {
        "Diluted EPS": 0.31,
        "Total Revenue": 95,
        "Gross Profit": 39,
        "Operating Income": 16,
        "EBIT": 18,
        "Net Income": 30
    },
    "2020-12-31": {
        "Diluted EPS": 0.15,
        "Total Revenue": 89,
        "Gross Profit": 38,
        "Operating Income": 21,
        "EBIT": 22,
        "Net Income": 15
    },
    "2020-09-30": {
        "Diluted EPS": 0.0,
        "Total Revenue": 71,
        "Gross Profit": 30,
        "Operating Income": 12,
        "EBIT": 14,
        "Net Income": 0
    },
    "2020-06-30": {
        "Diluted EPS": 0.11,
        "Total Revenue": 59,
        "Gross Profit": 26,
        "Operating Income": 11,
        "EBIT": 12,
        "Net Income": 10
    },
    "2020-03-31": {
        "Diluted EPS": 0.16,
        "Total Revenue": 39,
        "Gross Profit": 15,
        "Operating Income": 3,
        "EBIT": 4,
        "Net Income": 14
    },
    "2019-12-31": {
        "Diluted EPS": 0.04,
        "Total Revenue": 36,
        "Gross Profit": 14,
        "Operating Income": 4,
        "EBIT": 5,
        "Net Income": 3
    },
    "2019-09-30": {
        "Diluted EPS": -0.02,
        "Total Revenue": 33,
        "Gross Profit": 12,
        "Operating Income": 3,
        "EBIT": 4,
        "Net Income": -1
    },
    "2019-06-30": {
        "Diluted EPS": -0.02,
        "Total Revenue": 31,
        "Gross Profit": 12,
        "Operating Income": 3,
        "EBIT": 4,
        "Net Income": -2
    },
    "2019-03-31": {
        "Diluted EPS": -0.1,
        "Total Revenue": 27,
        "Gross Profit": 11,
        "Operating Income": 2,
        "EBIT": 2,
        "Net Income": -7
    },
    "2018-12-31": {
        "Diluted EPS": -0.01,
        "Total Revenue": 30,
        "Gross Profit": 11,
        "Operating Income": 2,
        "EBIT": 3,
        "Net Income": -1
    },
    "2018-09-30": {
        "Diluted EPS": 0.02,
        "Total Revenue": 24,
        "Gross Profit": 8,
        "Operating Income": 0,
        "EBIT": 1,
        "Net Income": 2
    },
    "2018-06-30": {
        "Diluted EPS": 0.01,
        "Total Revenue": 22,
        "Gross Profit": 6,
        "Operating Income": -1,
        "EBIT": -1,
        "Net Income": 0
    },
    "2018-03-31": {
        "Diluted EPS": -0.51,
        "Total Revenue": 21,
        "Gross Profit": 7,
        "Operating Income": -1,
        "EBIT": -2,
        "Net Income": -38
    },
    "2017-12-31": {
        "Diluted EPS": -0.06,
        "Total Revenue": 23,
        "Gross Profit": 7,
        "Operating Income": -1,
        "EBIT": -1,
        "Net Income": -4
    },
    "2017-09-30": {
        "Diluted EPS": -0.1,
        "Total Revenue": 16,
        "Gross Profit": 6,
        "Operating Income": -1,
        "EBIT": 0,
        "Net Income": -6
    },
    "2017-06-30": {
        "Diluted EPS": -0.06,
        "Total Revenue": 15,
        "Gross Profit": 5,
        "Operating Income": -2,
        "EBIT": -1,
        "Net Income": -4
    },
    "2017-03-31": {
        "Diluted EPS": -0.1,
        "Total Revenue": 12,
        "Gross Profit": 3,
        "Operating Income": -3,
        "EBIT": -6,
        "Net Income": -7
    },
    "2016-12-31": {
        "Diluted EPS": -0.04,
        "Total Revenue": 22,
        "Gross Profit": 3,
        "Operating Income": -5,
        "EBIT": -3,
        "Net Income": -3
    },
    "2016-09-30": {
        "Diluted EPS": -0.11,
        "Total Revenue": 23,
        "Gross Profit": 3,
        "Operating Income": -6,
        "EBIT": -4,
        "Net Income": -7
    },
    "2016-06-30": {
        "Diluted EPS": -0.11,
        "Total Revenue": 24,
        "Gross Profit": 3,
        "Operating Income": -6,
        "EBIT": -4,
        "Net Income": -7
    },
    "2016-03-31": {
        "Diluted EPS": -0.09,
        "Total Revenue": -41,
        "Gross Profit": -5,
        "Operating Income": -2,
        "EBIT": -3,
        "Net Income": -6
    },
    "2015-12-31": {
        "Diluted EPS": -0.09,
        "Total Revenue": 24,
        "Gross Profit": 4,
        "Operating Income": -5,
        "EBIT": -3,
        "Net Income": -6
    },
    "2015-09-30": {
        "Diluted EPS": -0.14,
        "Total Revenue": 21,
        "Gross Profit": 0,
        "Operating Income": -8,
        "EBIT": -3,
        "Net Income": -8
    },
    "2015-06-30": {
        "Diluted EPS": -0.14,
        "Total Revenue": 19,
        "Gross Profit": 2,
        "Operating Income": -7,
        "EBIT": -5,
        "Net Income": -8
    },
    "2015-03-31": {
        "Diluted EPS": -0.23,
        "Total Revenue": 10,
        "Gross Profit": 1,
        "Operating Income": -9,
        "EBIT": -8,
        "Net Income": -9
    },
    "2014-12-31": {
        "Diluted EPS": -0.14,
        "Total Revenue": 7,
        "Gross Profit": 2,
        "Operating Income": -5,
        "EBIT": -5,
        "Net Income": -5
    },
    "2014-09-30": {
        "Diluted EPS": -0.14,
        "Total Revenue": 5,
        "Gross Profit": 2,
        "Operating Income": -5,
        "EBIT": -4,
        "Net Income": -5
    },
    "2014-06-30": {
        "Diluted EPS": -0.12,
        "Total Revenue": 6,
        "Gross Profit": 1,
        "Operating Income": -5,
        "EBIT": -4,
        "Net Income": -5
    },
    "2014-03-31": {
        "Diluted EPS": -0.08,
        "Total Revenue": 6,
        "Gross Profit": 2,
        "Operating Income": -4,
        "EBIT": -4,
        "Net Income": -3
    },
    "2013-12-31": {
        "Diluted EPS": -0.13,
        "Total Revenue": 7,
        "Gross Profit": 2,
        "Operating Income": -4,
        "EBIT": -3,
        "Net Income": -4
    },
    "2013-09-30": {
        "Diluted EPS": -0.25,
        "Total Revenue": 7,
        "Gross Profit": 2,
        "Operating Income": -4,
        "EBIT": -4,
        "Net Income": -6
    },
    "2013-06-30": {
        "Diluted EPS": -0.3,
        "Total Revenue": 5,
        "Gross Profit": 2,
        "Operating Income": -4,
        "EBIT": -3,
        "Net Income": -6
    },
    "2013-03-31": {
        "Diluted EPS": -0.19,
        "Total Revenue": 1,
        "Gross Profit": 1,
        "Operating Income": -2,
        "EBIT": -2,
        "Net Income": -3
    },
    "2012-12-31": {
        "Diluted EPS": -0.24,
        "Total Revenue": 2,
        "Gross Profit": 1,
        "Operating Income": -4,
        "EBIT": -3,
        "Net Income": -4
    },
    "2012-09-30": {
        "Diluted EPS": -0.22,
        "Total Revenue": 1,
        "Gross Profit": 1,
        "Operating Income": -3,
        "EBIT": -3,
        "Net Income": -4
    },
    "2012-06-30": {
        "Diluted EPS": -0.16,
        "Total Revenue": 1,
        "Gross Profit": 1,
        "Operating Income": -2,
        "EBIT": -2,
        "Net Income": -3
    },
    "2012-03-31": {
        "Diluted EPS": -2.05,
        "Total Revenue": 1,
        "Gross Profit": 1,
        "Operating Income": -10,
        "EBIT": -1,
        "Net Income": -22
    },
    "2011-12-31": {
        "Diluted EPS": -0.8,
        "Total Revenue": 2,
        "Gross Profit": 1,
        "Operating Income": -6,
        "EBIT": -6,
        "Net Income": -7
    },
    "2011-09-30": {
        "Diluted EPS": -0.1,
        "Total Revenue": 2,
        "Gross Profit": 1,
        "Operating Income": -1,
        "EBIT": 0,
        "Net Income": -1
    },
    "2011-06-30": {
        "Diluted EPS": -0.1,
        "Total Revenue": 2,
        "Gross Profit": 1,
        "Operating Income": 0,
        "EBIT": 0,
        "Net Income": -1
    },
    "2011-03-31": {
        "Diluted EPS": 0.0,
        "Total Revenue": 2,
        "Gross Profit": 2,
        "Operating Income": 0,
        "EBIT": 0,
        "Net Income": -1
    },
    "2010-12-31": {
        "Diluted EPS": -1.15,
        "Total Revenue": 2,
        "Gross Profit": 1,
        "Operating Income": -2,
        "EBIT": -2,
        "Net Income": -8
    },
    "2010-09-30": {
        "Diluted EPS": -0.3,
        "Total Revenue": 2,
        "Gross Profit": 1,
        "Operating Income": -2,
        "EBIT": -1,
        "Net Income": -2
    },
    "2010-06-30": {
        "Diluted EPS": 0.3,
        "Total Revenue": 3,
        "Gross Profit": 2,
        "Operating Income": -1,
        "EBIT": -1,
        "Net Income": 3
    },
    "2010-03-31": {
        "Diluted EPS": 0.0,
        "Total Revenue": -16,
        "Gross Profit": -13,
        "Operating Income": -14,
        "EBIT": -14,
        "Net Income": -41
    },
    "2009-12-31": {
        "Diluted EPS": 0.05,
        "Total Revenue": 10,
        "Gross Profit": 7,
        "Operating Income": 0,
        "EBIT": 1,
        "Net Income": 1
    },
    "2009-09-30": {
        "Diluted EPS": -0.15,
        "Total Revenue": 10,
        "Gross Profit": 7,
        "Operating Income": 0,
        "EBIT": 0,
        "Net Income": -1
    },
    "2009-06-30": {
        "Diluted EPS": -0.1,
        "Total Revenue": 10,
        "Gross Profit": 10,
        "Operating Income": 10,
        "EBIT": 10,
        "Net Income": -1
    },
    "2009-03-31": {
        "Diluted EPS": -4.45,
        "Total Revenue": 10,
        "Gross Profit": 10,
        "Operating Income": 10,
        "EBIT": 10,
        "Net Income": -33
    },
    "2023-06-30": {
        "Tax Effect Of Unusual Items": NaN,
        "Tax Rate For Calcs": NaN,
        "Normalized EBITDA": NaN,
        "Total Unusual Items": NaN,
        "Total Unusual Items Excluding Goodwill": NaN,
        "Net Income From Continuing Operation Net Minority Interest": NaN,
        "Reconciled Depreciation": NaN,
        "Reconciled Cost Of Revenue": NaN,
        "EBITDA": NaN,
        "EBIT": NaN,
        "Net Interest Income": NaN,
        "Interest Expense": 7114000.0,
        "Normalized Income": NaN,
        "Net Income From Continuing And Discontinued Operation": NaN,
        "Total Expenses": NaN,
        "Total Operating Income As Reported": NaN,
        "Diluted Average Shares": NaN,
        "Basic Average Shares": NaN,
        "Diluted EPS": NaN,
        "Basic EPS": NaN,
        "Diluted NI Availto Com Stockholders": NaN,
        "Net Income Common Stockholders": NaN,
        "Net Income": NaN,
        "Minority Interests": NaN,
        "Net Income Including Noncontrolling Interests": NaN,
        "Net Income Continuous Operations": NaN,
        "Tax Provision": NaN,
        "Pretax Income": NaN,
        "Other Income Expense": NaN,
        "Other Non Operating Income Expenses": NaN,
        "Special Income Charges": NaN,
        "Impairment Of Capital Assets": NaN,
        "Restructuring And Mergern Acquisition": NaN,
        "Gain On Sale Of Security": NaN,
        "Net Non Operating Interest Income Expense": NaN,
        "Total Other Finance Cost": NaN,
        "Interest Expense Non Operating": 7114000.0,
        "Operating Income": NaN,
        "Operating Expense": NaN,
        "Research And Development": NaN,
        "Selling General And Administration": NaN,
        "Selling And Marketing Expense": NaN,
        "General And Administrative Expense": NaN,
        "Other Gand A": NaN,
        "Gross Profit": NaN,
        "Cost Of Revenue": NaN,
        "Total Revenue": NaN,
        "Operating Revenue": NaN
    },
    "2023-09-30": {
        "Tax Effect Of Unusual Items": NaN,
        "Tax Rate For Calcs": NaN,
        "Normalized EBITDA": NaN,
        "Total Unusual Items": NaN,
        "Total Unusual Items Excluding Goodwill": NaN,
        "Net Income From Continuing Operation Net Minority Interest": NaN,
        "Reconciled Depreciation": NaN,
        "Reconciled Cost Of Revenue": NaN,
        "EBITDA": NaN,
        "EBIT": NaN,
        "Net Interest Income": NaN,
        "Interest Expense": NaN,
        "Normalized Income": NaN,
        "Net Income From Continuing And Discontinued Operation": NaN,
        "Total Expenses": NaN,
        "Total Operating Income As Reported": NaN,
        "Diluted Average Shares": NaN,
        "Basic Average Shares": NaN,
        "Diluted EPS": NaN,
        "Basic EPS": NaN,
        "Diluted NI Availto Com Stockholders": NaN,
        "Net Income Common Stockholders": NaN,
        "Net Income": NaN,
        "Minority Interests": NaN,
        "Net Income Including Noncontrolling Interests": NaN,
        "Net Income Continuous Operations": NaN,
        "Tax Provision": NaN,
        "Pretax Income": NaN,
        "Other Income Expense": NaN,
        "Other Non Operating Income Expenses": NaN,
        "Special Income Charges": -146809000.0,
        "Impairment Of Capital Assets": 147181000.0,
        "Restructuring And Mergern Acquisition": -372000.0,
        "Gain On Sale Of Security": NaN,
        "Net Non Operating Interest Income Expense": NaN,
        "Total Other Finance Cost": NaN,
        "Interest Expense Non Operating": NaN,
        "Operating Income": NaN,
        "Operating Expense": NaN,
        "Research And Development": NaN,
        "Selling General And Administration": NaN,
        "Selling And Marketing Expense": NaN,
        "General And Administrative Expense": NaN,
        "Other Gand A": NaN,
        "Gross Profit": NaN,
        "Cost Of Revenue": NaN,
        "Total Revenue": NaN,
        "Operating Revenue": NaN
    },
    "2023-12-31": {
        "Tax Effect Of Unusual Items": 56879.805986,
        "Tax Rate For Calcs": 0.168283,
        "Normalized EBITDA": 11115000.0,
        "Total Unusual Items": 338000.0,
        "Total Unusual Items Excluding Goodwill": 338000.0,
        "Net Income From Continuing Operation Net Minority Interest": -14061000.0,
        "Reconciled Depreciation": 21008000.0,
        "Reconciled Cost Of Revenue": 78978000.0,
        "EBITDA": 11453000.0,
        "EBIT": -9555000.0,
        "Net Interest Income": -7666000.0,
        "Interest Expense": 7351000.0,
        "Normalized Income": -14342120.194014,
        "Net Income From Continuing And Discontinued Operation": -14061000.0,
        "Total Expenses": 151901000.0,
        "Total Operating Income As Reported": -9267000.0,
        "Diluted Average Shares": 101376000.0,
        "Basic Average Shares": 101376000.0,
        "Diluted EPS": -0.14,
        "Basic EPS": -0.14,
        "Diluted NI Availto Com Stockholders": -14061000.0,
        "Net Income Common Stockholders": -14061000.0,
        "Net Income": -14061000.0,
        "Minority Interests": 0.0,
        "Net Income Including Noncontrolling Interests": -14061000.0,
        "Net Income Continuous Operations": -14061000.0,
        "Tax Provision": -2845000.0,
        "Pretax Income": -16906000.0,
        "Other Income Expense": 27000.0,
        "Other Non Operating Income Expenses": -311000.0,
        "Special Income Charges": 0.0,
        "Impairment Of Capital Assets": 0.0,
        "Restructuring And Mergern Acquisition": 0.0,
        "Gain On Sale Of Security": 338000.0,
        "Net Non Operating Interest Income Expense": -7666000.0,
        "Total Other Finance Cost": 315000.0,
        "Interest Expense Non Operating": 7351000.0,
        "Operating Income": -9267000.0,
        "Operating Expense": 72923000.0,
        "Research And Development": 13036000.0,
        "Selling General And Administration": 59887000.0,
        "Selling And Marketing Expense": 14432000.0,
        "General And Administrative Expense": 45455000.0,
        "Other Gand A": 45455000.0,
        "Gross Profit": 63656000.0,
        "Cost Of Revenue": 78978000.0,
        "Total Revenue": 142634000.0,
        "Operating Revenue": 142634000.0
    },
    "2024-03-31": {
        "Tax Effect Of Unusual Items": -39797730.0,
        "Tax Rate For Calcs": 0.21,
        "Normalized EBITDA": 192057000.0,
        "Total Unusual Items": -189513000.0,
        "Total Unusual Items Excluding Goodwill": -189513000.0,
        "Net Income From Continuing Operation Net Minority Interest": -236506000.0,
        "Reconciled Depreciation": 20924000.0,
        "Reconciled Cost Of Revenue": 61106000.0,
        "EBITDA": 2544000.0,
        "EBIT": -18380000.0,
        "Net Interest Income": -7938000.0,
        "Interest Expense": NaN,
        "Normalized Income": -86790730.0,
        "Net Income From Continuing And Discontinued Operation": -236506000.0,
        "Total Expenses": 130603000.0,
        "Total Operating Income As Reported": -207839000.0,
        "Diluted Average Shares": 101974000.0,
        "Basic Average Shares": 101974000.0,
        "Diluted EPS": -2.32,
        "Basic EPS": -2.32,
        "Diluted NI Availto Com Stockholders": -236506000.0,
        "Net Income Common Stockholders": -236506000.0,
        "Net Income": -236506000.0,
        "Minority Interests": 0.0,
        "Net Income Including Noncontrolling Interests": -236506000.0,
        "Net Income Continuous Operations": -236506000.0,
        "Tax Provision": 20414000.0,
        "Pretax Income": -216092000.0,
        "Other Income Expense": -189774000.0,
        "Other Non Operating Income Expenses": -261000.0,
        "Special Income Charges": -189459000.0,
        "Impairment Of Capital Assets": 189459000.0,
        "Restructuring And Mergern Acquisition": 0.0,
        "Gain On Sale Of Security": -54000.0,
        "Net Non Operating Interest Income Expense": -7938000.0,
        "Total Other Finance Cost": 7938000.0,
        "Interest Expense Non Operating": NaN,
        "Operating Income": -18380000.0,
        "Operating Expense": 69497000.0,
        "Research And Development": 11284000.0,
        "Selling General And Administration": 58213000.0,
        "Selling And Marketing Expense": 15935000.0,
        "General And Administrative Expense": 42278000.0,
        "Other Gand A": 42278000.0,
        "Gross Profit": 51117000.0,
        "Cost Of Revenue": 61106000.0,
        "Total Revenue": 112223000.0,
        "Operating Revenue": 112223000.0
    },
    "2024-06-30": {
        "Tax Effect Of Unusual Items": 171780.0,
        "Tax Rate For Calcs": 0.21,
        "Normalized EBITDA": 4435000.0,
        "Total Unusual Items": 818000.0,
        "Total Unusual Items Excluding Goodwill": 818000.0,
        "Net Income From Continuing Operation Net Minority Interest": -25156000.0,
        "Reconciled Depreciation": 20819000.0,
        "Reconciled Cost Of Revenue": 63599000.0,
        "EBITDA": 5253000.0,
        "EBIT": -15566000.0,
        "Net Interest Income": -8250000.0,
        "Interest Expense": 7840000.0,
        "Normalized Income": -25802220.0,
        "Net Income From Continuing And Discontinued Operation": -25156000.0,
        "Total Expenses": 134077000.0,
        "Total Operating Income As Reported": -16088000.0,
        "Diluted Average Shares": 102396000.0,
        "Basic Average Shares": 102396000.0,
        "Diluted EPS": -0.25,
        "Basic EPS": -0.25,
        "Diluted NI Availto Com Stockholders": -25156000.0,
        "Net Income Common Stockholders": -25156000.0,
        "Net Income": -25156000.0,
        "Minority Interests": 0.0,
        "Net Income Including Noncontrolling Interests": -25156000.0,
        "Net Income Continuous Operations": -25156000.0,
        "Tax Provision": 1750000.0,
        "Pretax Income": -23406000.0,
        "Other Income Expense": 932000.0,
        "Other Non Operating Income Expenses": 114000.0,
        "Special Income Charges": NaN,
        "Impairment Of Capital Assets": NaN,
        "Restructuring And Mergern Acquisition": NaN,
        "Gain On Sale Of Security": 818000.0,
        "Net Non Operating Interest Income Expense": -8250000.0,
        "Total Other Finance Cost": 410000.0,
        "Interest Expense Non Operating": 7840000.0,
        "Operating Income": -16088000.0,
        "Operating Expense": 70478000.0,
        "Research And Development": 10714000.0,
        "Selling General And Administration": 59764000.0,
        "Selling And Marketing Expense": 16247000.0,
        "General And Administrative Expense": 43517000.0,
        "Other Gand A": 43517000.0,
        "Gross Profit": 54390000.0,
        "Cost Of Revenue": 63599000.0,
        "Total Revenue": 117989000.0,
        "Operating Revenue": 117989000.0
    },
    "2024-09-30": {
        "Tax Effect Of Unusual Items": -162960.0,
        "Tax Rate For Calcs": 0.21,
        "Normalized EBITDA": 6586000.0,
        "Total Unusual Items": -776000.0,
        "Total Unusual Items Excluding Goodwill": -776000.0,
        "Net Income From Continuing Operation Net Minority Interest": -24986000.0,
        "Reconciled Depreciation": 19352000.0,
        "Reconciled Cost Of Revenue": 64774000.0,
        "EBITDA": 5810000.0,
        "EBIT": -13542000.0,
        "Net Interest Income": -9232000.0,
        "Interest Expense": NaN,
        "Normalized Income": -24372960.0,
        "Net Income From Continuing And Discontinued Operation": -24986000.0,
        "Total Expenses": 132270000.0,
        "Total Operating Income As Reported": -13542000.0,
        "Diluted Average Shares": 103041000.0,
        "Basic Average Shares": 103041000.0,
        "Diluted EPS": -0.24,
        "Basic EPS": -0.24,
        "Diluted NI Availto Com Stockholders": -24986000.0,
        "Net Income Common Stockholders": -24986000.0,
        "Net Income": -24986000.0,
        "Minority Interests": 0.0,
        "Net Income Including Noncontrolling Interests": -24986000.0,
        "Net Income Continuous Operations": -24986000.0,
        "Tax Provision": 1400000.0,
        "Pretax Income": -23586000.0,
        "Other Income Expense": -812000.0,
        "Other Non Operating Income Expenses": -36000.0,
        "Special Income Charges": 200000.0,
        "Impairment Of Capital Assets": 0.0,
        "Restructuring And Mergern Acquisition": -200000.0,
        "Gain On Sale Of Security": -976000.0,
        "Net Non Operating Interest Income Expense": -9232000.0,
        "Total Other Finance Cost": 9232000.0,
        "Interest Expense Non Operating": NaN,
        "Operating Income": -13542000.0,
        "Operating Expense": 67496000.0,
        "Research And Development": 9433000.0,
        "Selling General And Administration": 58063000.0,
        "Selling And Marketing Expense": 15887000.0,
        "General And Administrative Expense": 42176000.0,
        "Other Gand A": 42176000.0,
        "Gross Profit": 53954000.0,
        "Cost Of Revenue": 64774000.0,
        "Total Revenue": 118728000.0,
        "Operating Revenue": 118728000.0
    },
    "2024-12-31": {
        "Tax Effect Of Unusual Items": 112770.0,
        "Tax Rate For Calcs": 0.21,
        "Normalized EBITDA": 6257000.0,
        "Total Unusual Items": 537000.0,
        "Total Unusual Items Excluding Goodwill": 537000.0,
        "Net Income From Continuing Operation Net Minority Interest": -23131000.0,
        "Reconciled Depreciation": 19613000.0,
        "Reconciled Cost Of Revenue": 78901000.0,
        "EBITDA": 6794000.0,
        "EBIT": -12819000.0,
        "Net Interest Income": -8446000.0,
        "Interest Expense": 7900000.0,
        "Normalized Income": -23555230.0,
        "Net Income From Continuing And Discontinued Operation": -23131000.0,
        "Total Expenses": 147390000.0,
        "Total Operating Income As Reported": -12753000.0,
        "Diluted Average Shares": 104148000.0,
        "Basic Average Shares": 104148000.0,
        "Diluted EPS": -0.22,
        "Basic EPS": -0.22,
        "Diluted NI Availto Com Stockholders": -23131000.0,
        "Net Income Common Stockholders": -23131000.0,
        "Net Income": -23131000.0,
        "Minority Interests": 0.0,
        "Net Income Including Noncontrolling Interests": -23131000.0,
        "Net Income Continuous Operations": -23131000.0,
        "Tax Provision": 2412000.0,
        "Pretax Income": -20719000.0,
        "Other Income Expense": 480000.0,
        "Other Non Operating Income Expenses": -57000.0,
        "Special Income Charges": -500000.0,
        "Impairment Of Capital Assets": 0.0,
        "Restructuring And Mergern Acquisition": 500000.0,
        "Gain On Sale Of Security": 1037000.0,
        "Net Non Operating Interest Income Expense": -8446000.0,
        "Total Other Finance Cost": 546000.0,
        "Interest Expense Non Operating": 7900000.0,
        "Operating Income": -12753000.0,
        "Operating Expense": 68489000.0,
        "Research And Development": 10203000.0,
        "Selling General And Administration": 58286000.0,
        "Selling And Marketing Expense": 15494000.0,
        "General And Administrative Expense": 42792000.0,
        "Other Gand A": 42792000.0,
        "Gross Profit": 55736000.0,
        "Cost Of Revenue": 78901000.0,
        "Total Revenue": 134637000.0,
        "Operating Revenue": 134637000.0
    }
}