{
    "2023-03-31": {
        "Tax Effect Of Unusual Items": -740000.0,
        "Tax Rate For Calcs": 0.4,
        "Normalized EBITDA": -8134000.0,
        "Total Unusual Items": -1850000.0,
        "Total Unusual Items Excluding Goodwill": -1850000.0,
        "Net Income From Continuing Operation Net Minority Interest": -17036000.0,
        "Reconciled Depreciation": 4222000.0,
        "Reconciled Cost Of Revenue": 72613000.0,
        "EBITDA": -9984000.0,
        "EBIT": -14206000.0,
        "Net Interest Income": -973000.0,
        "Normalized Income": -15926000.0,
        "Net Income From Continuing And Discontinued Operation": -17036000.0,
        "Total Expenses": 127286000.0,
        "Total Operating Income As Reported": -14206000.0,
        "Diluted Average Shares": 5536273.0,
        "Basic Average Shares": 5536273.0,
        "Diluted EPS": -3.12,
        "Basic EPS": -3.12,
        "Diluted NI Availto Com Stockholders": -17036000.0,
        "Net Income Common Stockholders": -17036000.0,
        "Net Income": -17036000.0,
        "Net Income Including Noncontrolling Interests": -17036000.0,
        "Net Income Continuous Operations": -17036000.0,
        "Tax Provision": 7000.0,
        "Pretax Income": -17029000.0,
        "Other Income Expense": -1850000.0,
        "Other Non Operating Income Expenses": NaN,
        "Special Income Charges": -1850000.0,
        "Gain On Sale Of Business": NaN,
        "Other Special Charges": 1850000.0,
        "Net Non Operating Interest Income Expense": -973000.0,
        "Total Other Finance Cost": 973000.0,
        "Operating Income": -14206000.0,
        "Operating Expense": 54673000.0,
        "Other Operating Expenses": NaN,
        "Depreciation Amortization Depletion Income Statement": 4222000.0,
        "Depreciation And Amortization In Income Statement": 4222000.0,
        "Selling General And Administration": 50451000.0,
        "Selling And Marketing Expense": 14727000.0,
        "General And Administrative Expense": 35724000.0,
        "Other Gand A": 35724000.0,
        "Gross Profit": 40467000.0,
        "Cost Of Revenue": 72613000.0,
        "Total Revenue": 113080000.0,
        "Operating Revenue": 113080000.0
    },
    "2022-12-31": {
        "Tax Effect Of Unusual Items": 0.0,
        "Tax Rate For Calcs": 0.001924,
        "Normalized EBITDA": -15728000.0,
        "Total Unusual Items": 0.0,
        "Total Unusual Items Excluding Goodwill": 0.0,
        "Net Income From Continuing Operation Net Minority Interest": -21784000.0,
        "Reconciled Depreciation": 5258000.0,
        "Reconciled Cost Of Revenue": 69559000.0,
        "EBITDA": -15728000.0,
        "EBIT": -20986000.0,
        "Net Interest Income": -840000.0,
        "Normalized Income": -21784000.0,
        "Net Income From Continuing And Discontinued Operation": -21784000.0,
        "Total Expenses": 127800000.0,
        "Total Operating Income As Reported": -20986000.0,
        "Diluted Average Shares": 3670050.0,
        "Basic Average Shares": 3670050.0,
        "Diluted EPS": -5.88,
        "Basic EPS": -5.88,
        "Diluted NI Availto Com Stockholders": -21784000.0,
        "Net Income Common Stockholders": -21784000.0,
        "Net Income": -21784000.0,
        "Net Income Including Noncontrolling Interests": -21784000.0,
        "Net Income Continuous Operations": -21784000.0,
        "Tax Provision": -42000.0,
        "Pretax Income": -21826000.0,
        "Other Income Expense": 0.0,
        "Other Non Operating Income Expenses": 0.0,
        "Special Income Charges": 0.0,
        "Gain On Sale Of Business": NaN,
        "Other Special Charges": 0.0,
        "Net Non Operating Interest Income Expense": -840000.0,
        "Total Other Finance Cost": 840000.0,
        "Operating Income": -20986000.0,
        "Operating Expense": 58241000.0,
        "Other Operating Expenses": 1530000.0,
        "Depreciation Amortization Depletion Income Statement": 5258000.0,
        "Depreciation And Amortization In Income Statement": 5258000.0,
        "Selling General And Administration": 51453000.0,
        "Selling And Marketing Expense": 17137000.0,
        "General And Administrative Expense": 34316000.0,
        "Other Gand A": 34316000.0,
        "Gross Profit": 37255000.0,
        "Cost Of Revenue": 69559000.0,
        "Total Revenue": 106814000.0,
        "Operating Revenue": 106814000.0
    },
    "2022-09-30": {
        "Tax Effect Of Unusual Items": 0.0,
        "Tax Rate For Calcs": 0.4,
        "Normalized EBITDA": -18973000.0,
        "Total Unusual Items": 0.0,
        "Total Unusual Items Excluding Goodwill": 0.0,
        "Net Income From Continuing Operation Net Minority Interest": -25750000.0,
        "Reconciled Depreciation": 5350000.0,
        "Reconciled Cost Of Revenue": 74367000.0,
        "EBITDA": -18973000.0,
        "EBIT": -24323000.0,
        "Net Interest Income": -1416000.0,
        "Normalized Income": -25750000.0,
        "Net Income From Continuing And Discontinued Operation": -25750000.0,
        "Total Expenses": 133988000.0,
        "Total Operating Income As Reported": -24323000.0,
        "Diluted Average Shares": 2904428.0,
        "Basic Average Shares": 2904428.0,
        "Diluted EPS": -8.88,
        "Basic EPS": -8.88,
        "Diluted NI Availto Com Stockholders": -25750000.0,
        "Net Income Common Stockholders": -25750000.0,
        "Net Income": -25750000.0,
        "Net Income Including Noncontrolling Interests": -25750000.0,
        "Net Income Continuous Operations": -25750000.0,
        "Tax Provision": 11000.0,
        "Pretax Income": -25739000.0,
        "Other Income Expense": NaN,
        "Other Non Operating Income Expenses": NaN,
        "Special Income Charges": 0.0,
        "Gain On Sale Of Business": NaN,
        "Other Special Charges": NaN,
        "Net Non Operating Interest Income Expense": -1416000.0,
        "Total Other Finance Cost": 1416000.0,
        "Operating Income": -24323000.0,
        "Operating Expense": 59621000.0,
        "Other Operating Expenses": NaN,
        "Depreciation Amortization Depletion Income Statement": 5350000.0,
        "Depreciation And Amortization In Income Statement": 5350000.0,
        "Selling General And Administration": 54271000.0,
        "Selling And Marketing Expense": 17291000.0,
        "General And Administrative Expense": 36980000.0,
        "Other Gand A": 36980000.0,
        "Gross Profit": 35298000.0,
        "Cost Of Revenue": 74367000.0,
        "Total Revenue": 109665000.0,
        "Operating Revenue": 109665000.0
    },
    "2022-06-30": {
        "Tax Effect Of Unusual Items": 260000.0,
        "Tax Rate For Calcs": 0.4,
        "Normalized EBITDA": -17857000.0,
        "Total Unusual Items": 650000.0,
        "Total Unusual Items Excluding Goodwill": 650000.0,
        "Net Income From Continuing Operation Net Minority Interest": -23123000.0,
        "Reconciled Depreciation": 5464000.0,
        "Reconciled Cost Of Revenue": 81158000.0,
        "EBITDA": -17207000.0,
        "EBIT": -22671000.0,
        "Net Interest Income": -1435000.0,
        "Normalized Income": -23513000.0,
        "Net Income From Continuing And Discontinued Operation": -23123000.0,
        "Total Expenses": 146908000.0,
        "Total Operating Income As Reported": -22671000.0,
        "Diluted Average Shares": 2839475.0,
        "Basic Average Shares": 2839475.0,
        "Diluted EPS": -8.22,
        "Basic EPS": -8.22,
        "Diluted NI Availto Com Stockholders": -23123000.0,
        "Net Income Common Stockholders": -23123000.0,
        "Net Income": -23123000.0,
        "Net Income Including Noncontrolling Interests": -23123000.0,
        "Net Income Continuous Operations": -23123000.0,
        "Tax Provision": 54000.0,
        "Pretax Income": -23069000.0,
        "Other Income Expense": 1037000.0,
        "Other Non Operating Income Expenses": 387000.0,
        "Special Income Charges": 650000.0,
        "Gain On Sale Of Business": NaN,
        "Other Special Charges": -650000.0,
        "Net Non Operating Interest Income Expense": -1435000.0,
        "Total Other Finance Cost": 1435000.0,
        "Operating Income": -22671000.0,
        "Operating Expense": 65750000.0,
        "Other Operating Expenses": NaN,
        "Depreciation Amortization Depletion Income Statement": 5464000.0,
        "Depreciation And Amortization In Income Statement": 5464000.0,
        "Selling General And Administration": 60286000.0,
        "Selling And Marketing Expense": 21776000.0,
        "General And Administrative Expense": 38510000.0,
        "Other Gand A": 38510000.0,
        "Gross Profit": 43079000.0,
        "Cost Of Revenue": 81158000.0,
        "Total Revenue": 124237000.0,
        "Operating Revenue": 124237000.0
    },
    "2022-03-31": {
        "Diluted EPS": -14.41,
        "Total Revenue": 118,
        "Gross Profit": 38,
        "Operating Income": -39,
        "EBIT": -34,
        "Net Income": -39
    },
    "2021-12-31": {
        "Diluted EPS": -11.29,
        "Total Revenue": 107,
        "Gross Profit": 38,
        "Operating Income": -25,
        "EBIT": -20,
        "Net Income": -26
    },
    "2021-09-30": {
        "Diluted EPS": -14.05,
        "Total Revenue": 110,
        "Gross Profit": 36,
        "Operating Income": -19,
        "EBIT": -14,
        "Net Income": -28
    },
    "2021-06-30": {
        "Diluted EPS": -11.77,
        "Total Revenue": 124,
        "Gross Profit": 46,
        "Operating Income": -12,
        "EBIT": -7,
        "Net Income": -19
    },
    "2021-03-31": {
        "Diluted EPS": -10.56,
        "Total Revenue": 130,
        "Gross Profit": 48,
        "Operating Income": -14,
        "EBIT": -8,
        "Net Income": -16
    },
    "2020-12-31": {
        "Diluted EPS": -8.04,
        "Total Revenue": 115,
        "Gross Profit": 46,
        "Operating Income": -9,
        "EBIT": -4,
        "Net Income": -12
    },
    "2020-09-30": {
        "Diluted EPS": -11.53,
        "Total Revenue": 112,
        "Gross Profit": 38,
        "Operating Income": -14,
        "EBIT": -8,
        "Net Income": -15
    },
    "2020-06-30": {
        "Diluted EPS": 0.96,
        "Total Revenue": 131,
        "Gross Profit": 53,
        "Operating Income": 3,
        "EBIT": 9,
        "Net Income": 1
    },
    "2020-03-31": {
        "Diluted EPS": -18.13,
        "Total Revenue": 102,
        "Gross Profit": 41,
        "Operating Income": -18,
        "EBIT": -11,
        "Net Income": -20
    },
    "2019-12-31": {
        "Diluted EPS": -20.17,
        "Total Revenue": 94,
        "Gross Profit": 37,
        "Operating Income": -20,
        "EBIT": -13,
        "Net Income": -22
    },
    "2019-09-30": {
        "Diluted EPS": -23.89,
        "Total Revenue": 99,
        "Gross Profit": 32,
        "Operating Income": -24,
        "EBIT": -17,
        "Net Income": -26
    },
    "2019-06-30": {
        "Diluted EPS": -7.08,
        "Total Revenue": 119,
        "Gross Profit": 48,
        "Operating Income": -6,
        "EBIT": 3,
        "Net Income": -8
    },
    "2019-03-31": {
        "Diluted EPS": -4.92,
        "Total Revenue": 142,
        "Gross Profit": 59,
        "Operating Income": -3,
        "EBIT": 6,
        "Net Income": -5
    },
    "2018-12-31": {
        "Diluted EPS": -21.14,
        "Total Revenue": 141,
        "Gross Profit": 55,
        "Operating Income": -22,
        "EBIT": -13,
        "Net Income": -24
    },
    "2018-09-30": {
        "Diluted EPS": -31.69,
        "Total Revenue": 151,
        "Gross Profit": 48,
        "Operating Income": -32,
        "EBIT": -23,
        "Net Income": -34
    },
    "2018-06-30": {
        "Diluted EPS": -30.73,
        "Total Revenue": 180,
        "Gross Profit": 63,
        "Operating Income": -31,
        "EBIT": -22,
        "Net Income": -33
    },
    "2018-03-31": {
        "Diluted EPS": -30.6,
        "Total Revenue": 197,
        "Gross Profit": 67,
        "Operating Income": -30,
        "EBIT": -21,
        "Net Income": -32
    },
    "2017-12-31": {
        "Diluted EPS": 14.01,
        "Total Revenue": 188,
        "Gross Profit": 56,
        "Operating Income": -38,
        "EBIT": -29,
        "Net Income": -39
    },
    "2017-09-30": {
        "Diluted EPS": -84.59,
        "Total Revenue": 211,
        "Gross Profit": 46,
        "Operating Income": -69,
        "EBIT": -60,
        "Net Income": -87
    },
    "2017-06-30": {
        "Diluted EPS": -84.59,
        "Total Revenue": 238,
        "Gross Profit": 75,
        "Operating Income": -31,
        "EBIT": -26,
        "Net Income": -32
    },
    "2017-03-31": {
        "Diluted EPS": -140.39,
        "Total Revenue": 245,
        "Gross Profit": 76,
        "Operating Income": -52,
        "EBIT": -48,
        "Net Income": -52
    },
    "2016-12-31": {
        "Diluted EPS": -72.52,
        "Total Revenue": 216,
        "Gross Profit": 69,
        "Operating Income": -26,
        "EBIT": -23,
        "Net Income": -26
    },
    "2016-09-30": {
        "Diluted EPS": -100.79,
        "Total Revenue": 205,
        "Gross Profit": 60,
        "Operating Income": -37,
        "EBIT": -35,
        "Net Income": -37
    },
    "2016-06-30": {
        "Diluted EPS": 14.29,
        "Total Revenue": 202,
        "Gross Profit": 75,
        "Operating Income": 5,
        "EBIT": 7,
        "Net Income": 6
    },
    "2016-03-31": {
        "Diluted EPS": 7.84,
        "Total Revenue": 172,
        "Gross Profit": 60,
        "Operating Income": 3,
        "EBIT": 4,
        "Net Income": 3
    },
    "2015-12-31": {
        "Diluted EPS": 0.0,
        "Total Revenue": NaN,
        "Gross Profit": NaN,
        "Operating Income": NaN,
        "EBIT": NaN,
        "Net Income": NaN
    },
    "2014-12-31": {
        "Diluted EPS": 0.0,
        "Total Revenue": NaN,
        "Gross Profit": NaN,
        "Operating Income": NaN,
        "EBIT": NaN,
        "Net Income": NaN
    },
    "2023-06-30": {
        "Tax Effect Of Unusual Items": -10196340.0,
        "Tax Rate For Calcs": 0.21,
        "Normalized EBITDA": 39138000.0,
        "Total Unusual Items": -48554000.0,
        "Total Unusual Items Excluding Goodwill": -48554000.0,
        "Net Income From Continuing Operation Net Minority Interest": -61930000.0,
        "Reconciled Depreciation": 3180000.0,
        "Reconciled Cost Of Revenue": 66001000.0,
        "EBITDA": -9416000.0,
        "EBIT": -12596000.0,
        "Net Interest Income": -774000.0,
        "Normalized Income": -23572340.0,
        "Net Income From Continuing And Discontinued Operation": -61930000.0,
        "Total Expenses": 118825000.0,
        "Total Operating Income As Reported": -12596000.0,
        "Diluted Average Shares": 6506610.0,
        "Basic Average Shares": 6506610.0,
        "Diluted EPS": -9.52,
        "Basic EPS": -9.52,
        "Diluted NI Availto Com Stockholders": -61930000.0,
        "Net Income Common Stockholders": -61930000.0,
        "Net Income": -61930000.0,
        "Net Income Including Noncontrolling Interests": -61930000.0,
        "Net Income Continuous Operations": -61930000.0,
        "Tax Provision": 6000.0,
        "Pretax Income": -61924000.0,
        "Other Income Expense": -48554000.0,
        "Other Non Operating Income Expenses": NaN,
        "Special Income Charges": -48554000.0,
        "Gain On Sale Of Business": -48554000.0,
        "Other Special Charges": NaN,
        "Net Non Operating Interest Income Expense": -774000.0,
        "Total Other Finance Cost": 774000.0,
        "Operating Income": -12596000.0,
        "Operating Expense": 52824000.0,
        "Other Operating Expenses": 5846000.0,
        "Depreciation Amortization Depletion Income Statement": 3180000.0,
        "Depreciation And Amortization In Income Statement": 3180000.0,
        "Selling General And Administration": 43798000.0,
        "Selling And Marketing Expense": 9357000.0,
        "General And Administrative Expense": 34441000.0,
        "Other Gand A": 34441000.0,
        "Gross Profit": 40228000.0,
        "Cost Of Revenue": 66001000.0,
        "Total Revenue": 106229000.0,
        "Operating Revenue": 106229000.0
    }
}