{
    "2023-03-31": {
        "Tax Effect Of Unusual Items": NaN,
        "Tax Rate For Calcs": NaN,
        "Normalized EBITDA": NaN,
        "Total Unusual Items": NaN,
        "Total Unusual Items Excluding Goodwill": NaN,
        "Net Income From Continuing Operation Net Minority Interest": NaN,
        "Reconciled Depreciation": NaN,
        "Reconciled Cost Of Revenue": NaN,
        "EBITDA": NaN,
        "EBIT": NaN,
        "Net Interest Income": NaN,
        "Interest Expense": NaN,
        "Interest Income": NaN,
        "Normalized Income": NaN,
        "Net Income From Continuing And Discontinued Operation": NaN,
        "Total Expenses": NaN,
        "Total Operating Income As Reported": NaN,
        "Diluted Average Shares": NaN,
        "Basic Average Shares": NaN,
        "Diluted EPS": NaN,
        "Basic EPS": NaN,
        "Diluted NI Availto Com Stockholders": NaN,
        "Net Income Common Stockholders": NaN,
        "Preferred Stock Dividends": NaN,
        "Net Income": NaN,
        "Minority Interests": NaN,
        "Net Income Including Noncontrolling Interests": NaN,
        "Net Income Discontinuous Operations": NaN,
        "Net Income Continuous Operations": NaN,
        "Tax Provision": NaN,
        "Pretax Income": NaN,
        "Other Income Expense": NaN,
        "Other Non Operating Income Expenses": NaN,
        "Special Income Charges": NaN,
        "Gain On Sale Of Ppe": 0.0,
        "Gain On Sale Of Business": NaN,
        "Write Off": NaN,
        "Restructuring And Mergern Acquisition": NaN,
        "Earnings From Equity Interest": NaN,
        "Gain On Sale Of Security": NaN,
        "Net Non Operating Interest Income Expense": NaN,
        "Total Other Finance Cost": NaN,
        "Interest Expense Non Operating": NaN,
        "Interest Income Non Operating": NaN,
        "Operating Income": NaN,
        "Operating Expense": NaN,
        "Other Operating Expenses": NaN,
        "Depreciation Amortization Depletion Income Statement": NaN,
        "Depreciation And Amortization In Income Statement": NaN,
        "Selling General And Administration": NaN,
        "General And Administrative Expense": NaN,
        "Other Gand A": 17833000.0,
        "Salaries And Wages": NaN,
        "Gross Profit": NaN,
        "Cost Of Revenue": NaN,
        "Total Revenue": NaN,
        "Operating Revenue": NaN
    },
    "2022-12-31": {
        "Tax Effect Of Unusual Items": NaN,
        "Tax Rate For Calcs": NaN,
        "Normalized EBITDA": NaN,
        "Total Unusual Items": NaN,
        "Total Unusual Items Excluding Goodwill": NaN,
        "Net Income From Continuing Operation Net Minority Interest": NaN,
        "Reconciled Depreciation": NaN,
        "Reconciled Cost Of Revenue": NaN,
        "EBITDA": NaN,
        "EBIT": NaN,
        "Net Interest Income": NaN,
        "Interest Expense": NaN,
        "Interest Income": NaN,
        "Normalized Income": NaN,
        "Net Income From Continuing And Discontinued Operation": NaN,
        "Total Expenses": NaN,
        "Total Operating Income As Reported": NaN,
        "Diluted Average Shares": NaN,
        "Basic Average Shares": NaN,
        "Diluted EPS": NaN,
        "Basic EPS": NaN,
        "Diluted NI Availto Com Stockholders": NaN,
        "Net Income Common Stockholders": NaN,
        "Preferred Stock Dividends": NaN,
        "Net Income": NaN,
        "Minority Interests": NaN,
        "Net Income Including Noncontrolling Interests": NaN,
        "Net Income Continuous Operations": NaN,
        "Tax Provision": NaN,
        "Pretax Income": NaN,
        "Other Income Expense": NaN,
        "Other Non Operating Income Expenses": NaN,
        "Special Income Charges": NaN,
        "Gain On Sale Of Ppe": 62828000.0,
        "Gain On Sale Of Business": NaN,
        "Write Off": NaN,
        "Restructuring And Mergern Acquisition": NaN,
        "Earnings From Equity Interest": NaN,
        "Gain On Sale Of Security": NaN,
        "Net Non Operating Interest Income Expense": NaN,
        "Total Other Finance Cost": NaN,
        "Interest Expense Non Operating": NaN,
        "Interest Income Non Operating": NaN,
        "Operating Income": NaN,
        "Operating Expense": NaN,
        "Other Operating Expenses": NaN,
        "Depreciation Amortization Depletion Income Statement": NaN,
        "Depreciation And Amortization In Income Statement": NaN,
        "Selling General And Administration": NaN,
        "General And Administrative Expense": NaN,
        "Other Gand A": 19228000.0,
        "Salaries And Wages": NaN,
        "Gross Profit": NaN,
        "Cost Of Revenue": NaN,
        "Total Revenue": NaN,
        "Operating Revenue": NaN
    },
    "2022-09-30": {
        "Tax Effect Of Unusual Items": NaN,
        "Tax Rate For Calcs": NaN,
        "Normalized EBITDA": NaN,
        "Total Unusual Items": NaN,
        "Total Unusual Items Excluding Goodwill": NaN,
        "Net Income From Continuing Operation Net Minority Interest": NaN,
        "Reconciled Depreciation": NaN,
        "Reconciled Cost Of Revenue": NaN,
        "EBITDA": NaN,
        "EBIT": NaN,
        "Net Interest Income": NaN,
        "Interest Expense": NaN,
        "Interest Income": NaN,
        "Normalized Income": NaN,
        "Net Income From Continuing And Discontinued Operation": NaN,
        "Total Expenses": NaN,
        "Total Operating Income As Reported": NaN,
        "Diluted Average Shares": 678623606.0,
        "Basic Average Shares": 678623606.0,
        "Diluted EPS": -0.29,
        "Basic EPS": -0.29,
        "Diluted NI Availto Com Stockholders": NaN,
        "Net Income Common Stockholders": NaN,
        "Preferred Stock Dividends": NaN,
        "Net Income": NaN,
        "Minority Interests": NaN,
        "Net Income Including Noncontrolling Interests": NaN,
        "Net Income Continuous Operations": NaN,
        "Tax Provision": NaN,
        "Pretax Income": NaN,
        "Other Income Expense": NaN,
        "Other Non Operating Income Expenses": NaN,
        "Special Income Charges": NaN,
        "Gain On Sale Of Ppe": NaN,
        "Gain On Sale Of Business": 0.0,
        "Write Off": 0.0,
        "Restructuring And Mergern Acquisition": NaN,
        "Earnings From Equity Interest": NaN,
        "Gain On Sale Of Security": NaN,
        "Net Non Operating Interest Income Expense": NaN,
        "Total Other Finance Cost": NaN,
        "Interest Expense Non Operating": NaN,
        "Interest Income Non Operating": NaN,
        "Operating Income": NaN,
        "Operating Expense": NaN,
        "Other Operating Expenses": NaN,
        "Depreciation Amortization Depletion Income Statement": NaN,
        "Depreciation And Amortization In Income Statement": NaN,
        "Selling General And Administration": NaN,
        "General And Administrative Expense": NaN,
        "Other Gand A": NaN,
        "Salaries And Wages": NaN,
        "Gross Profit": NaN,
        "Cost Of Revenue": NaN,
        "Total Revenue": NaN,
        "Operating Revenue": NaN
    },
    "2022-06-30": {
        "Tax Effect Of Unusual Items": -42874505.220751,
        "Tax Rate For Calcs": 0.268014,
        "Normalized EBITDA": 251950000.0,
        "Total Unusual Items": -159971000.0,
        "Total Unusual Items Excluding Goodwill": -159971000.0,
        "Net Income From Continuing Operation Net Minority Interest": -33387000.0,
        "Reconciled Depreciation": 112547000.0,
        "Reconciled Cost Of Revenue": 170954000.0,
        "EBITDA": 91979000.0,
        "EBIT": -20568000.0,
        "Net Interest Income": -31513000.0,
        "Interest Expense": 64573000.0,
        "Interest Income": 33060000.0,
        "Normalized Income": 83709494.779249,
        "Net Income From Continuing And Discontinued Operation": -33387000.0,
        "Total Expenses": 512196000.0,
        "Total Operating Income As Reported": 109857000.0,
        "Diluted Average Shares": 674742897.0,
        "Basic Average Shares": 674742897.0,
        "Diluted EPS": -0.05,
        "Basic EPS": -0.05,
        "Diluted NI Availto Com Stockholders": -35607000.0,
        "Net Income Common Stockholders": -35607000.0,
        "Preferred Stock Dividends": 2220000.0,
        "Net Income": -33387000.0,
        "Minority Interests": 28935000.0,
        "Net Income Including Noncontrolling Interests": -62322000.0,
        "Net Income Continuous Operations": -62322000.0,
        "Tax Provision": -22819000.0,
        "Pretax Income": -85141000.0,
        "Other Income Expense": -165691000.0,
        "Other Non Operating Income Expenses": -2802000.0,
        "Special Income Charges": -5850000.0,
        "Gain On Sale Of Ppe": 0.0,
        "Restructuring And Mergern Acquisition": 5850000.0,
        "Earnings From Equity Interest": -2918000.0,
        "Gain On Sale Of Security": -154121000.0,
        "Net Non Operating Interest Income Expense": -31513000.0,
        "Total Other Finance Cost": NaN,
        "Interest Expense Non Operating": 64573000.0,
        "Interest Income Non Operating": 33060000.0,
        "Operating Income": 112063000.0,
        "Operating Expense": 341242000.0,
        "Other Operating Expenses": 206330000.0,
        "Depreciation Amortization Depletion Income Statement": 112547000.0,
        "Depreciation And Amortization In Income Statement": 112547000.0,
        "Selling General And Administration": 22365000.0,
        "General And Administrative Expense": 22365000.0,
        "Other Gand A": 20107000.0,
        "Salaries And Wages": 2258000.0,
        "Gross Profit": 453305000.0,
        "Cost Of Revenue": 170954000.0,
        "Total Revenue": 624259000.0,
        "Operating Revenue": 604110000.0
    },
    "2022-03-31": {
        "Diluted EPS": 0.13,
        "Total Revenue": 733,
        "Gross Profit": 274,
        "Operating Income": 137,
        "EBIT": 257,
        "Net Income": 89
    },
    "2021-12-31": {
        "Diluted EPS": 0.28,
        "Total Revenue": 584,
        "Gross Profit": 228,
        "Operating Income": 128,
        "EBIT": 239,
        "Net Income": 173
    },
    "2021-09-30": {
        "Diluted EPS": -0.05,
        "Total Revenue": 529,
        "Gross Profit": 227,
        "Operating Income": 114,
        "EBIT": 210,
        "Net Income": -30
    },
    "2021-06-30": {
        "Diluted EPS": 0.16,
        "Total Revenue": 528,
        "Gross Profit": 202,
        "Operating Income": 85,
        "EBIT": 184,
        "Net Income": 101
    },
    "2021-03-31": {
        "Diluted EPS": 0.02,
        "Total Revenue": 635,
        "Gross Profit": 201,
        "Operating Income": 86,
        "EBIT": 184,
        "Net Income": 12
    },
    "2020-12-31": {
        "Diluted EPS": 0.88,
        "Total Revenue": 492,
        "Gross Profit": 215,
        "Operating Income": 110,
        "EBIT": 198,
        "Net Income": 502
    },
    "2020-09-30": {
        "Diluted EPS": 0.09,
        "Total Revenue": 376,
        "Gross Profit": 180,
        "Operating Income": 95,
        "EBIT": 167,
        "Net Income": 54
    },
    "2020-06-30": {
        "Diluted EPS": 0.53,
        "Total Revenue": 344,
        "Gross Profit": 153,
        "Operating Income": 59,
        "EBIT": 135,
        "Net Income": 284
    },
    "2020-03-31": {
        "Diluted EPS": -0.13,
        "Total Revenue": 465,
        "Gross Profit": 211,
        "Operating Income": 120,
        "EBIT": 199,
        "Net Income": -66
    },
    "2019-12-31": {
        "Diluted EPS": 0.33,
        "Total Revenue": 440,
        "Gross Profit": 200,
        "Operating Income": 104,
        "EBIT": 182,
        "Net Income": 170
    },
    "2019-09-30": {
        "Diluted EPS": 0.23,
        "Total Revenue": 366,
        "Gross Profit": 164,
        "Operating Income": 84,
        "EBIT": 150,
        "Net Income": 114
    },
    "2019-06-30": {
        "Diluted EPS": 0.31,
        "Total Revenue": 344,
        "Gross Profit": 147,
        "Operating Income": 62,
        "EBIT": 132,
        "Net Income": 155
    },
    "2019-03-31": {
        "Diluted EPS": 0.17,
        "Total Revenue": 477,
        "Gross Profit": 200,
        "Operating Income": 116,
        "EBIT": 187,
        "Net Income": 84
    },
    "2018-12-31": {
        "Diluted EPS": 0.08,
        "Total Revenue": 421,
        "Gross Profit": 178,
        "Operating Income": 98,
        "EBIT": 162,
        "Net Income": 42
    },
    "2018-09-30": {
        "Diluted EPS": 0.12,
        "Total Revenue": 366,
        "Gross Profit": 160,
        "Operating Income": 85,
        "EBIT": 148,
        "Net Income": 56
    },
    "2018-06-30": {
        "Diluted EPS": 0.14,
        "Total Revenue": 366,
        "Gross Profit": 152,
        "Operating Income": 75,
        "EBIT": 140,
        "Net Income": 63
    },
    "2018-03-31": {
        "Diluted EPS": 0.04,
        "Total Revenue": 495,
        "Gross Profit": 201,
        "Operating Income": 120,
        "EBIT": 189,
        "Net Income": 16
    },
    "2017-12-31": {
        "Diluted EPS": 0.11,
        "Total Revenue": 409,
        "Gross Profit": 187,
        "Operating Income": 101,
        "EBIT": 166,
        "Net Income": 45
    },
    "2017-09-30": {
        "Diluted EPS": 0.12,
        "Total Revenue": 354,
        "Gross Profit": 159,
        "Operating Income": 88,
        "EBIT": 152,
        "Net Income": 46
    },
    "2017-06-30": {
        "Diluted EPS": 0.09,
        "Total Revenue": 337,
        "Gross Profit": 145,
        "Operating Income": 73,
        "EBIT": 133,
        "Net Income": 33
    },
    "2017-03-31": {
        "Diluted EPS": 0.05,
        "Total Revenue": 422,
        "Gross Profit": 188,
        "Operating Income": 114,
        "EBIT": 182,
        "Net Income": 17
    },
    "2016-12-31": {
        "Diluted EPS": 0.13,
        "Total Revenue": 236,
        "Gross Profit": 100,
        "Operating Income": 50,
        "EBIT": 89,
        "Net Income": 33
    },
    "2016-09-30": {
        "Diluted EPS": 0.04,
        "Total Revenue": 170,
        "Gross Profit": 72,
        "Operating Income": 35,
        "EBIT": 66,
        "Net Income": 12
    },
    "2016-06-30": {
        "Diluted EPS": 0.06,
        "Total Revenue": 173,
        "Gross Profit": 76,
        "Operating Income": 31,
        "EBIT": 72,
        "Net Income": 17
    },
    "2016-03-31": {
        "Diluted EPS": 0.1,
        "Total Revenue": 249,
        "Gross Profit": 105,
        "Operating Income": 61,
        "EBIT": 99,
        "Net Income": 29
    },
    "2015-12-31": {
        "Diluted EPS": 0.1,
        "Total Revenue": 195,
        "Gross Profit": 83,
        "Operating Income": 43,
        "EBIT": 78,
        "Net Income": 28
    },
    "2015-09-30": {
        "Diluted EPS": 0.04,
        "Total Revenue": 145,
        "Gross Profit": 55,
        "Operating Income": 22,
        "EBIT": 51,
        "Net Income": 13
    },
    "2015-06-30": {
        "Diluted EPS": 0.06,
        "Total Revenue": 160,
        "Gross Profit": 65,
        "Operating Income": 29,
        "EBIT": 57,
        "Net Income": 16
    },
    "2015-03-31": {
        "Diluted EPS": 0.13,
        "Total Revenue": 317,
        "Gross Profit": 100,
        "Operating Income": 62,
        "EBIT": 89,
        "Net Income": 36
    },
    "2014-12-31": {
        "Diluted EPS": 0.09,
        "Total Revenue": 203,
        "Gross Profit": 48,
        "Operating Income": 13,
        "EBIT": 36,
        "Net Income": 25
    },
    "2014-09-30": {
        "Diluted EPS": -0.04,
        "Total Revenue": 134,
        "Gross Profit": 36,
        "Operating Income": 0,
        "EBIT": 29,
        "Net Income": -6
    },
    "2014-06-30": {
        "Diluted EPS": 0.06,
        "Total Revenue": 173,
        "Gross Profit": 59,
        "Operating Income": 28,
        "EBIT": 49,
        "Net Income": 13
    },
    "2014-03-31": {
        "Diluted EPS": 0.15,
        "Total Revenue": 316,
        "Gross Profit": 86,
        "Operating Income": 54,
        "EBIT": 80,
        "Net Income": 33
    },
    "2013-12-31": {
        "Diluted EPS": 0.07,
        "Total Revenue": 226,
        "Gross Profit": 96,
        "Operating Income": 67,
        "EBIT": 95,
        "Net Income": 14
    },
    "2013-09-30": {
        "Diluted EPS": 0.02,
        "Total Revenue": 123,
        "Gross Profit": 42,
        "Operating Income": 14,
        "EBIT": 37,
        "Net Income": 6
    },
    "2013-06-30": {
        "Diluted EPS": -0.09,
        "Total Revenue": 144,
        "Gross Profit": 51,
        "Operating Income": 21,
        "EBIT": 43,
        "Net Income": -18
    },
    "2013-03-31": {
        "Diluted EPS": 0.09,
        "Total Revenue": 196,
        "Gross Profit": 59,
        "Operating Income": 31,
        "EBIT": 55,
        "Net Income": 19
    },
    "2012-12-31": {
        "Diluted EPS": 0.04,
        "Total Revenue": 139,
        "Gross Profit": 139,
        "Operating Income": 139,
        "EBIT": 139,
        "Net Income": 6
    },
    "2023-06-30": {
        "Tax Effect Of Unusual Items": NaN,
        "Tax Rate For Calcs": NaN,
        "Normalized EBITDA": NaN,
        "Total Unusual Items": NaN,
        "Total Unusual Items Excluding Goodwill": NaN,
        "Net Income From Continuing Operation Net Minority Interest": NaN,
        "Reconciled Depreciation": NaN,
        "Reconciled Cost Of Revenue": NaN,
        "EBITDA": NaN,
        "EBIT": NaN,
        "Net Interest Income": NaN,
        "Interest Expense": NaN,
        "Interest Income": NaN,
        "Normalized Income": NaN,
        "Net Income From Continuing And Discontinued Operation": NaN,
        "Total Expenses": NaN,
        "Total Operating Income As Reported": NaN,
        "Diluted Average Shares": 687847010.0,
        "Basic Average Shares": 687847010.0,
        "Diluted EPS": -0.371174,
        "Basic EPS": -0.37,
        "Diluted NI Availto Com Stockholders": NaN,
        "Net Income Common Stockholders": NaN,
        "Preferred Stock Dividends": NaN,
        "Net Income": NaN,
        "Minority Interests": NaN,
        "Net Income Including Noncontrolling Interests": NaN,
        "Net Income Discontinuous Operations": NaN,
        "Net Income Continuous Operations": NaN,
        "Tax Provision": NaN,
        "Pretax Income": NaN,
        "Other Income Expense": NaN,
        "Other Non Operating Income Expenses": NaN,
        "Special Income Charges": NaN,
        "Gain On Sale Of Ppe": 0.0,
        "Gain On Sale Of Business": -5390000.0,
        "Write Off": NaN,
        "Restructuring And Mergern Acquisition": NaN,
        "Earnings From Equity Interest": NaN,
        "Gain On Sale Of Security": NaN,
        "Net Non Operating Interest Income Expense": NaN,
        "Total Other Finance Cost": NaN,
        "Interest Expense Non Operating": NaN,
        "Interest Income Non Operating": NaN,
        "Operating Income": NaN,
        "Operating Expense": NaN,
        "Other Operating Expenses": NaN,
        "Depreciation Amortization Depletion Income Statement": NaN,
        "Depreciation And Amortization In Income Statement": NaN,
        "Selling General And Administration": 5306000.0,
        "General And Administrative Expense": 5306000.0,
        "Other Gand A": 25692000.0,
        "Salaries And Wages": 5306000.0,
        "Gross Profit": NaN,
        "Cost Of Revenue": NaN,
        "Total Revenue": NaN,
        "Operating Revenue": NaN
    },
    "2023-09-30": {
        "Tax Effect Of Unusual Items": -48518939.96457,
        "Tax Rate For Calcs": 0.189494,
        "Normalized EBITDA": 229766000.0,
        "Total Unusual Items": -256045000.0,
        "Total Unusual Items Excluding Goodwill": -256045000.0,
        "Net Income From Continuing Operation Net Minority Interest": -161541000.0,
        "Reconciled Depreciation": 104785000.0,
        "Reconciled Cost Of Revenue": 121306000.0,
        "EBITDA": -26279000.0,
        "EBIT": -131064000.0,
        "Net Interest Income": -79210000.0,
        "Interest Expense": 84009000.0,
        "Interest Income": 5703000.0,
        "Normalized Income": 45985060.03543,
        "Net Income From Continuing And Discontinued Operation": -174549000.0,
        "Total Expenses": 436578000.0,
        "Total Operating Income As Reported": 125283000.0,
        "Diluted Average Shares": 689054669.0,
        "Basic Average Shares": 689054669.0,
        "Diluted EPS": -0.26,
        "Basic EPS": -0.26,
        "Diluted NI Availto Com Stockholders": -176666000.0,
        "Net Income Common Stockholders": -176666000.0,
        "Preferred Stock Dividends": 2117000.0,
        "Net Income": -174549000.0,
        "Minority Interests": 12777000.0,
        "Net Income Including Noncontrolling Interests": -187326000.0,
        "Net Income Discontinuous Operations": -13008000.0,
        "Net Income Continuous Operations": -174318000.0,
        "Tax Provision": -40755000.0,
        "Pretax Income": -215073000.0,
        "Other Income Expense": -264053000.0,
        "Other Non Operating Income Expenses": -4095000.0,
        "Special Income Charges": -63495000.0,
        "Gain On Sale Of Ppe": 0.0,
        "Gain On Sale Of Business": -2167000.0,
        "Write Off": 63495000.0,
        "Restructuring And Mergern Acquisition": 0.0,
        "Earnings From Equity Interest": -3913000.0,
        "Gain On Sale Of Security": -192550000.0,
        "Net Non Operating Interest Income Expense": -79210000.0,
        "Total Other Finance Cost": 904000.0,
        "Interest Expense Non Operating": 84009000.0,
        "Interest Income Non Operating": 5703000.0,
        "Operating Income": 128190000.0,
        "Operating Expense": 298836000.0,
        "Other Operating Expenses": 210487000.0,
        "Depreciation Amortization Depletion Income Statement": 88349000.0,
        "Depreciation And Amortization In Income Statement": 88349000.0,
        "Selling General And Administration": 32733000.0,
        "General And Administrative Expense": 32733000.0,
        "Other Gand A": 27836000.0,
        "Salaries And Wages": 4897000.0,
        "Gross Profit": 427026000.0,
        "Cost Of Revenue": 137742000.0,
        "Total Revenue": 564768000.0,
        "Operating Revenue": 550915000.0
    },
    "2023-12-31": {
        "Tax Effect Of Unusual Items": 44133600.0,
        "Tax Rate For Calcs": 0.4,
        "Normalized EBITDA": 279344000.0,
        "Total Unusual Items": 110334000.0,
        "Total Unusual Items Excluding Goodwill": 110334000.0,
        "Net Income From Continuing Operation Net Minority Interest": 186315000.0,
        "Reconciled Depreciation": 122122000.0,
        "Reconciled Cost Of Revenue": 177319000.0,
        "EBITDA": 389678000.0,
        "EBIT": 267556000.0,
        "Net Interest Income": -115127000.0,
        "Interest Expense": 102058000.0,
        "Interest Income": -12733000.0,
        "Normalized Income": 120114600.0,
        "Net Income From Continuing And Discontinued Operation": 186315000.0,
        "Total Expenses": 543554000.0,
        "Total Operating Income As Reported": 96332000.0,
        "Diluted Average Shares": NaN,
        "Basic Average Shares": NaN,
        "Diluted EPS": NaN,
        "Basic EPS": NaN,
        "Diluted NI Availto Com Stockholders": 184248000.0,
        "Net Income Common Stockholders": 184248000.0,
        "Preferred Stock Dividends": 2067000.0,
        "Net Income": 186315000.0,
        "Minority Interests": 19583000.0,
        "Net Income Including Noncontrolling Interests": 166732000.0,
        "Net Income Discontinuous Operations": NaN,
        "Net Income Continuous Operations": 166732000.0,
        "Tax Provision": -1234000.0,
        "Pretax Income": 165498000.0,
        "Other Income Expense": 157400000.0,
        "Other Non Operating Income Expenses": 36242000.0,
        "Special Income Charges": -36973000.0,
        "Gain On Sale Of Ppe": 0.0,
        "Gain On Sale Of Business": -4949000.0,
        "Write Off": 0.0,
        "Restructuring And Mergern Acquisition": 0.0,
        "Earnings From Equity Interest": 10824000.0,
        "Gain On Sale Of Security": 147307000.0,
        "Net Non Operating Interest Income Expense": -115127000.0,
        "Total Other Finance Cost": 336000.0,
        "Interest Expense Non Operating": 102058000.0,
        "Interest Income Non Operating": -12733000.0,
        "Operating Income": 123225000.0,
        "Operating Expense": 366235000.0,
        "Other Operating Expenses": 225115000.0,
        "Depreciation Amortization Depletion Income Statement": 122122000.0,
        "Depreciation And Amortization In Income Statement": 122122000.0,
        "Selling General And Administration": 18998000.0,
        "General And Administrative Expense": 18998000.0,
        "Other Gand A": 18998000.0,
        "Salaries And Wages": 4775000.0,
        "Gross Profit": 489460000.0,
        "Cost Of Revenue": 177319000.0,
        "Total Revenue": 666779000.0,
        "Operating Revenue": 652140000.0
    },
    "2024-03-31": {
        "Tax Effect Of Unusual Items": -12905592.395599,
        "Tax Rate For Calcs": 0.085884,
        "Normalized EBITDA": 254633000.0,
        "Total Unusual Items": -150268000.0,
        "Total Unusual Items Excluding Goodwill": -150268000.0,
        "Net Income From Continuing Operation Net Minority Interest": -89146000.0,
        "Reconciled Depreciation": 129540000.0,
        "Reconciled Cost Of Revenue": 201342000.0,
        "EBITDA": 104365000.0,
        "EBIT": -25175000.0,
        "Net Interest Income": -100620000.0,
        "Interest Expense": 106433000.0,
        "Interest Income": 7766000.0,
        "Normalized Income": 48216407.604401,
        "Net Income From Continuing And Discontinued Operation": -89146000.0,
        "Total Expenses": 592667000.0,
        "Total Operating Income As Reported": 132576000.0,
        "Diluted Average Shares": 689564036.0,
        "Basic Average Shares": 689564036.0,
        "Diluted EPS": -0.13,
        "Basic EPS": -0.13,
        "Diluted NI Availto Com Stockholders": -91558000.0,
        "Net Income Common Stockholders": -91558000.0,
        "Preferred Stock Dividends": 2412000.0,
        "Net Income": -89146000.0,
        "Minority Interests": 31159000.0,
        "Net Income Including Noncontrolling Interests": -120305000.0,
        "Net Income Discontinuous Operations": NaN,
        "Net Income Continuous Operations": -120305000.0,
        "Tax Provision": -11303000.0,
        "Pretax Income": -131608000.0,
        "Other Income Expense": -175421000.0,
        "Other Non Operating Income Expenses": -887000.0,
        "Special Income Charges": -5909000.0,
        "Gain On Sale Of Ppe": NaN,
        "Gain On Sale Of Business": -5909000.0,
        "Write Off": NaN,
        "Restructuring And Mergern Acquisition": 0.0,
        "Earnings From Equity Interest": -24266000.0,
        "Gain On Sale Of Security": -144359000.0,
        "Net Non Operating Interest Income Expense": -100620000.0,
        "Total Other Finance Cost": 1953000.0,
        "Interest Expense Non Operating": 106433000.0,
        "Interest Income Non Operating": 7766000.0,
        "Operating Income": 144433000.0,
        "Operating Expense": 391325000.0,
        "Other Operating Expenses": 261785000.0,
        "Depreciation Amortization Depletion Income Statement": 129540000.0,
        "Depreciation And Amortization In Income Statement": 129540000.0,
        "Selling General And Administration": 3438000.0,
        "General And Administrative Expense": 3438000.0,
        "Other Gand A": NaN,
        "Salaries And Wages": 3438000.0,
        "Gross Profit": 535758000.0,
        "Cost Of Revenue": 201342000.0,
        "Total Revenue": 737100000.0,
        "Operating Revenue": 709407000.0
    },
    "2024-06-30": {
        "Tax Effect Of Unusual Items": 28520400.0,
        "Tax Rate For Calcs": 0.15,
        "Normalized EBITDA": 210788000.0,
        "Total Unusual Items": 190136000.0,
        "Total Unusual Items Excluding Goodwill": 190136000.0,
        "Net Income From Continuing Operation Net Minority Interest": 200766000.0,
        "Reconciled Depreciation": 136912000.0,
        "Reconciled Cost Of Revenue": 109625000.0,
        "EBITDA": 400924000.0,
        "EBIT": 264012000.0,
        "Net Interest Income": -103753000.0,
        "Interest Expense": 110199000.0,
        "Interest Income": 7128000.0,
        "Normalized Income": 39150400.0,
        "Net Income From Continuing And Discontinued Operation": 200766000.0,
        "Total Expenses": 512405000.0,
        "Total Operating Income As Reported": 81937000.0,
        "Diluted Average Shares": 703954285.0,
        "Basic Average Shares": 701593792.0,
        "Diluted EPS": 0.28,
        "Basic EPS": 0.28,
        "Diluted NI Availto Com Stockholders": 198061000.0,
        "Net Income Common Stockholders": 198061000.0,
        "Preferred Stock Dividends": 2705000.0,
        "Net Income": 200766000.0,
        "Minority Interests": 41725000.0,
        "Net Income Including Noncontrolling Interests": 159041000.0,
        "Net Income Discontinuous Operations": NaN,
        "Net Income Continuous Operations": 159041000.0,
        "Tax Provision": -5228000.0,
        "Pretax Income": 153813000.0,
        "Other Income Expense": 171345000.0,
        "Other Non Operating Income Expenses": -9683000.0,
        "Special Income Charges": -5323000.0,
        "Gain On Sale Of Ppe": NaN,
        "Gain On Sale Of Business": -5323000.0,
        "Write Off": NaN,
        "Restructuring And Mergern Acquisition": 0.0,
        "Earnings From Equity Interest": -9108000.0,
        "Gain On Sale Of Security": 195459000.0,
        "Net Non Operating Interest Income Expense": -103753000.0,
        "Total Other Finance Cost": 682000.0,
        "Interest Expense Non Operating": 110199000.0,
        "Interest Income Non Operating": 7128000.0,
        "Operating Income": 86221000.0,
        "Operating Expense": 402780000.0,
        "Other Operating Expenses": 265868000.0,
        "Depreciation Amortization Depletion Income Statement": 136912000.0,
        "Depreciation And Amortization In Income Statement": 136912000.0,
        "Selling General And Administration": 3975000.0,
        "General And Administrative Expense": 3975000.0,
        "Other Gand A": NaN,
        "Salaries And Wages": 3975000.0,
        "Gross Profit": 489001000.0,
        "Cost Of Revenue": 109625000.0,
        "Total Revenue": 598626000.0,
        "Operating Revenue": 569973000.0
    },
    "2024-09-30": {
        "Tax Effect Of Unusual Items": 2768842.258835,
        "Tax Rate For Calcs": 0.16003,
        "Normalized EBITDA": 232472000.0,
        "Total Unusual Items": 17302000.0,
        "Total Unusual Items Excluding Goodwill": 17302000.0,
        "Net Income From Continuing Operation Net Minority Interest": 58294000.0,
        "Reconciled Depreciation": 110606000.0,
        "Reconciled Cost Of Revenue": 109771000.0,
        "EBITDA": 249774000.0,
        "EBIT": 139168000.0,
        "Net Interest Income": -89257000.0,
        "Interest Expense": 99413000.0,
        "Interest Income": 8754000.0,
        "Normalized Income": 43760842.258835,
        "Net Income From Continuing And Discontinued Operation": -1305699000.0,
        "Total Expenses": 455783000.0,
        "Total Operating Income As Reported": 111077000.0,
        "Diluted Average Shares": 769693186.0,
        "Basic Average Shares": 767236804.0,
        "Diluted EPS": -1.71,
        "Basic EPS": -1.71,
        "Diluted NI Availto Com Stockholders": -1308392000.0,
        "Net Income Common Stockholders": -1308392000.0,
        "Preferred Stock Dividends": 2693000.0,
        "Net Income": -1305699000.0,
        "Minority Interests": 24901000.0,
        "Net Income Including Noncontrolling Interests": -1330600000.0,
        "Net Income Discontinuous Operations": -1363993000.0,
        "Net Income Continuous Operations": 33393000.0,
        "Tax Provision": 6362000.0,
        "Pretax Income": 39755000.0,
        "Other Income Expense": 11596000.0,
        "Other Non Operating Income Expenses": -6785000.0,
        "Special Income Charges": 0.0,
        "Gain On Sale Of Ppe": NaN,
        "Gain On Sale Of Business": NaN,
        "Write Off": 0.0,
        "Restructuring And Mergern Acquisition": 0.0,
        "Earnings From Equity Interest": 1079000.0,
        "Gain On Sale Of Security": 17302000.0,
        "Net Non Operating Interest Income Expense": -89257000.0,
        "Total Other Finance Cost": -1402000.0,
        "Interest Expense Non Operating": 99413000.0,
        "Interest Income Non Operating": 8754000.0,
        "Operating Income": 117416000.0,
        "Operating Expense": 334787000.0,
        "Other Operating Expenses": 235406000.0,
        "Depreciation Amortization Depletion Income Statement": 99381000.0,
        "Depreciation And Amortization In Income Statement": 99381000.0,
        "Selling General And Administration": NaN,
        "General And Administrative Expense": NaN,
        "Other Gand A": NaN,
        "Salaries And Wages": NaN,
        "Gross Profit": 452203000.0,
        "Cost Of Revenue": 120996000.0,
        "Total Revenue": 573199000.0,
        "Operating Revenue": 560326000.0
    }
}