{
    "2023-03-31": {
        "Tax Effect Of Unusual Items": NaN,
        "Tax Rate For Calcs": NaN,
        "Normalized EBITDA": NaN,
        "Total Unusual Items": NaN,
        "Total Unusual Items Excluding Goodwill": NaN,
        "Net Income From Continuing Operation Net Minority Interest": NaN,
        "Reconciled Depreciation": NaN,
        "Reconciled Cost Of Revenue": NaN,
        "EBITDA": NaN,
        "EBIT": NaN,
        "Net Interest Income": NaN,
        "Interest Expense": NaN,
        "Normalized Income": NaN,
        "Net Income From Continuing And Discontinued Operation": NaN,
        "Total Expenses": NaN,
        "Total Operating Income As Reported": NaN,
        "Diluted Average Shares": 97455000.0,
        "Basic Average Shares": 95522000.0,
        "Diluted EPS": 0.01,
        "Basic EPS": 0.01,
        "Diluted NI Availto Com Stockholders": NaN,
        "Net Income Common Stockholders": NaN,
        "Net Income": NaN,
        "Net Income Including Noncontrolling Interests": NaN,
        "Net Income Continuous Operations": NaN,
        "Tax Provision": NaN,
        "Pretax Income": NaN,
        "Other Income Expense": NaN,
        "Other Non Operating Income Expenses": NaN,
        "Earnings From Equity Interest": NaN,
        "Gain On Sale Of Security": NaN,
        "Net Non Operating Interest Income Expense": NaN,
        "Interest Expense Non Operating": NaN,
        "Operating Income": NaN,
        "Operating Expense": NaN,
        "Research And Development": NaN,
        "Selling General And Administration": NaN,
        "Selling And Marketing Expense": NaN,
        "General And Administrative Expense": NaN,
        "Other Gand A": NaN,
        "Gross Profit": NaN,
        "Cost Of Revenue": NaN,
        "Total Revenue": NaN,
        "Operating Revenue": NaN
    },
    "2022-12-31": {
        "Tax Effect Of Unusual Items": -6930.0,
        "Tax Rate For Calcs": 0.21,
        "Normalized EBITDA": 3003000.0,
        "Total Unusual Items": -33000.0,
        "Total Unusual Items Excluding Goodwill": -33000.0,
        "Net Income From Continuing Operation Net Minority Interest": -1874000.0,
        "Reconciled Depreciation": 1151000.0,
        "Reconciled Cost Of Revenue": 71793000.0,
        "EBITDA": 2970000.0,
        "EBIT": 1819000.0,
        "Net Interest Income": -2644000.0,
        "Interest Expense": 2644000.0,
        "Normalized Income": -1847930.0,
        "Net Income From Continuing And Discontinued Operation": -1874000.0,
        "Total Expenses": 112055000.0,
        "Total Operating Income As Reported": 2705000.0,
        "Diluted Average Shares": 94567000.0,
        "Basic Average Shares": 94567000.0,
        "Diluted EPS": -0.02,
        "Basic EPS": -0.02,
        "Diluted NI Availto Com Stockholders": -1874000.0,
        "Net Income Common Stockholders": -1874000.0,
        "Net Income": -1874000.0,
        "Net Income Including Noncontrolling Interests": -1874000.0,
        "Net Income Continuous Operations": -1874000.0,
        "Tax Provision": 1049000.0,
        "Pretax Income": -825000.0,
        "Other Income Expense": -886000.0,
        "Other Non Operating Income Expenses": -154000.0,
        "Earnings From Equity Interest": -699000.0,
        "Gain On Sale Of Security": -33000.0,
        "Net Non Operating Interest Income Expense": -2644000.0,
        "Interest Expense Non Operating": 2644000.0,
        "Operating Income": 2705000.0,
        "Operating Expense": 40262000.0,
        "Research And Development": 14641000.0,
        "Selling General And Administration": 25621000.0,
        "Selling And Marketing Expense": 13586000.0,
        "General And Administrative Expense": 12035000.0,
        "Other Gand A": 12035000.0,
        "Gross Profit": 42967000.0,
        "Cost Of Revenue": 71793000.0,
        "Total Revenue": 114760000.0,
        "Operating Revenue": 114760000.0
    },
    "2022-09-30": {
        "Tax Effect Of Unusual Items": 0.0,
        "Tax Rate For Calcs": 0.21,
        "Normalized EBITDA": -2182000.0,
        "Total Unusual Items": -251000.0,
        "Total Unusual Items Excluding Goodwill": -251000.0,
        "Net Income From Continuing Operation Net Minority Interest": -5449000.0,
        "Reconciled Depreciation": 1176000.0,
        "Reconciled Cost Of Revenue": 61896000.0,
        "EBITDA": -2182000.0,
        "EBIT": -2182000.0,
        "Net Interest Income": -2262000.0,
        "Interest Expense": 2262000.0,
        "Normalized Income": -5449000.0,
        "Net Income From Continuing And Discontinued Operation": -5449000.0,
        "Total Expenses": 98675000.0,
        "Total Operating Income As Reported": -2182000.0,
        "Diluted Average Shares": 93529000.0,
        "Basic Average Shares": 93529000.0,
        "Diluted EPS": -0.06,
        "Basic EPS": -0.06,
        "Diluted NI Availto Com Stockholders": -5449000.0,
        "Net Income Common Stockholders": -5449000.0,
        "Net Income": -5449000.0,
        "Net Income Including Noncontrolling Interests": -5449000.0,
        "Net Income Continuous Operations": -5449000.0,
        "Tax Provision": 341000.0,
        "Pretax Income": -5108000.0,
        "Other Income Expense": -2926000.0,
        "Other Non Operating Income Expenses": -2558000.0,
        "Earnings From Equity Interest": -368000.0,
        "Gain On Sale Of Security": -251000.0,
        "Net Non Operating Interest Income Expense": -2262000.0,
        "Interest Expense Non Operating": 2262000.0,
        "Operating Income": -2182000.0,
        "Operating Expense": 36779000.0,
        "Research And Development": 14092000.0,
        "Selling General And Administration": 22687000.0,
        "Selling And Marketing Expense": 10795000.0,
        "General And Administrative Expense": 11892000.0,
        "Other Gand A": 11892000.0,
        "Gross Profit": 34597000.0,
        "Cost Of Revenue": 61896000.0,
        "Total Revenue": 96493000.0,
        "Operating Revenue": 96493000.0
    },
    "2022-06-30": {
        "Tax Effect Of Unusual Items": 0.0,
        "Tax Rate For Calcs": 0.4,
        "Normalized EBITDA": 2048000.0,
        "Total Unusual Items": NaN,
        "Total Unusual Items Excluding Goodwill": NaN,
        "Net Income From Continuing Operation Net Minority Interest": -3452000.0,
        "Reconciled Depreciation": 1269000.0,
        "Reconciled Cost Of Revenue": 67003000.0,
        "EBITDA": 2048000.0,
        "EBIT": 2048000.0,
        "Net Interest Income": NaN,
        "Interest Expense": NaN,
        "Normalized Income": -3452000.0,
        "Net Income From Continuing And Discontinued Operation": -3452000.0,
        "Total Expenses": 107975000.0,
        "Total Operating Income As Reported": 2048000.0,
        "Diluted Average Shares": 93040000.0,
        "Basic Average Shares": 93040000.0,
        "Diluted EPS": -0.04,
        "Basic EPS": -0.04,
        "Diluted NI Availto Com Stockholders": -3452000.0,
        "Net Income Common Stockholders": -3452000.0,
        "Net Income": -3452000.0,
        "Net Income Including Noncontrolling Interests": -3452000.0,
        "Net Income Continuous Operations": -3452000.0,
        "Tax Provision": 2027000.0,
        "Pretax Income": -1425000.0,
        "Other Income Expense": -3473000.0,
        "Other Non Operating Income Expenses": -2940000.0,
        "Earnings From Equity Interest": -533000.0,
        "Gain On Sale Of Security": NaN,
        "Net Non Operating Interest Income Expense": NaN,
        "Interest Expense Non Operating": NaN,
        "Operating Income": 2048000.0,
        "Operating Expense": 40972000.0,
        "Research And Development": 14569000.0,
        "Selling General And Administration": 26403000.0,
        "Selling And Marketing Expense": 14362000.0,
        "General And Administrative Expense": 12041000.0,
        "Other Gand A": 12041000.0,
        "Gross Profit": 43020000.0,
        "Cost Of Revenue": 67003000.0,
        "Total Revenue": 110023000.0,
        "Operating Revenue": 110023000.0
    },
    "2022-03-31": {
        "Diluted EPS": -0.01,
        "Total Revenue": 96,
        "Gross Profit": 35,
        "Operating Income": 0,
        "EBIT": 1,
        "Net Income": -1
    },
    "2021-12-31": {
        "Diluted EPS": 0.0,
        "Total Revenue": 116,
        "Gross Profit": 43,
        "Operating Income": 4,
        "EBIT": 6,
        "Net Income": 0
    },
    "2021-09-30": {
        "Diluted EPS": -0.01,
        "Total Revenue": 107,
        "Gross Profit": 40,
        "Operating Income": 2,
        "EBIT": 4,
        "Net Income": -1
    },
    "2021-06-30": {
        "Diluted EPS": -0.12,
        "Total Revenue": 111,
        "Gross Profit": 44,
        "Operating Income": 4,
        "EBIT": 6,
        "Net Income": -11
    },
    "2021-03-31": {
        "Diluted EPS": 0.0,
        "Total Revenue": 103,
        "Gross Profit": 40,
        "Operating Income": 4,
        "EBIT": 6,
        "Net Income": 0
    },
    "2020-12-31": {
        "Diluted EPS": 0.05,
        "Total Revenue": 97,
        "Gross Profit": 41,
        "Operating Income": 8,
        "EBIT": 10,
        "Net Income": 5
    },
    "2020-09-30": {
        "Diluted EPS": 0.0,
        "Total Revenue": 85,
        "Gross Profit": 35,
        "Operating Income": 5,
        "EBIT": 7,
        "Net Income": 0
    },
    "2020-06-30": {
        "Diluted EPS": 0.0,
        "Total Revenue": 95,
        "Gross Profit": 40,
        "Operating Income": 5,
        "EBIT": 8,
        "Net Income": 0
    },
    "2020-03-31": {
        "Diluted EPS": 0.03,
        "Total Revenue": 100,
        "Gross Profit": 39,
        "Operating Income": 8,
        "EBIT": 8,
        "Net Income": 3
    },
    "2019-12-31": {
        "Diluted EPS": 0.12,
        "Total Revenue": 99,
        "Gross Profit": 38,
        "Operating Income": 4,
        "EBIT": 8,
        "Net Income": 11
    },
    "2019-09-30": {
        "Diluted EPS": -0.11,
        "Total Revenue": 90,
        "Gross Profit": 33,
        "Operating Income": -4,
        "EBIT": -2,
        "Net Income": -9
    },
    "2019-06-30": {
        "Diluted EPS": -0.02,
        "Total Revenue": 117,
        "Gross Profit": 46,
        "Operating Income": 3,
        "EBIT": 8,
        "Net Income": -1
    },
    "2019-03-31": {
        "Diluted EPS": -0.01,
        "Total Revenue": 103,
        "Gross Profit": 40,
        "Operating Income": 3,
        "EBIT": 5,
        "Net Income": -1
    },
    "2018-12-31": {
        "Diluted EPS": -0.05,
        "Total Revenue": 102,
        "Gross Profit": 38,
        "Operating Income": -1,
        "EBIT": 2,
        "Net Income": -5
    },
    "2018-09-30": {
        "Diluted EPS": -0.11,
        "Total Revenue": 96,
        "Gross Profit": 38,
        "Operating Income": -5,
        "EBIT": -2,
        "Net Income": -9
    },
    "2018-06-30": {
        "Diluted EPS": -0.01,
        "Total Revenue": 114,
        "Gross Profit": 48,
        "Operating Income": 3,
        "EBIT": 6,
        "Net Income": -1
    },
    "2018-03-31": {
        "Diluted EPS": -0.1,
        "Total Revenue": 100,
        "Gross Profit": 36,
        "Operating Income": -4,
        "EBIT": -1,
        "Net Income": -9
    },
    "2017-12-31": {
        "Diluted EPS": -0.06,
        "Total Revenue": 100,
        "Gross Profit": 39,
        "Operating Income": -1,
        "EBIT": 2,
        "Net Income": -5
    },
    "2017-09-30": {
        "Diluted EPS": -0.11,
        "Total Revenue": 91,
        "Gross Profit": 38,
        "Operating Income": -2,
        "EBIT": 1,
        "Net Income": -9
    },
    "2017-06-30": {
        "Diluted EPS": -0.07,
        "Total Revenue": 112,
        "Gross Profit": 43,
        "Operating Income": 3,
        "EBIT": 10,
        "Net Income": -5
    },
    "2017-03-31": {
        "Diluted EPS": -0.06,
        "Total Revenue": 97,
        "Gross Profit": 35,
        "Operating Income": -1,
        "EBIT": 4,
        "Net Income": -5
    },
    "2016-12-31": {
        "Diluted EPS": -0.11,
        "Total Revenue": 88,
        "Gross Profit": 31,
        "Operating Income": -5,
        "EBIT": 0,
        "Net Income": -9
    },
    "2016-09-30": {
        "Diluted EPS": -0.12,
        "Total Revenue": 87,
        "Gross Profit": 31,
        "Operating Income": -7,
        "EBIT": -1,
        "Net Income": -10
    },
    "2016-06-30": {
        "Diluted EPS": -0.09,
        "Total Revenue": 95,
        "Gross Profit": 37,
        "Operating Income": -3,
        "EBIT": 2,
        "Net Income": -7
    },
    "2016-03-31": {
        "Diluted EPS": 0.01,
        "Total Revenue": 105,
        "Gross Profit": 45,
        "Operating Income": 5,
        "EBIT": 11,
        "Net Income": 1
    },
    "2015-12-31": {
        "Diluted EPS": -0.08,
        "Total Revenue": 109,
        "Gross Profit": 43,
        "Operating Income": 0,
        "EBIT": 5,
        "Net Income": -6
    },
    "2015-09-30": {
        "Diluted EPS": -0.16,
        "Total Revenue": 90,
        "Gross Profit": 34,
        "Operating Income": -7,
        "EBIT": -2,
        "Net Income": -13
    },
    "2015-06-30": {
        "Diluted EPS": -0.06,
        "Total Revenue": 102,
        "Gross Profit": 40,
        "Operating Income": -1,
        "EBIT": 4,
        "Net Income": -6
    },
    "2015-03-31": {
        "Diluted EPS": -0.04,
        "Total Revenue": 98,
        "Gross Profit": 39,
        "Operating Income": 1,
        "EBIT": 7,
        "Net Income": -3
    },
    "2014-12-31": {
        "Diluted EPS": -0.13,
        "Total Revenue": 98,
        "Gross Profit": 38,
        "Operating Income": -4,
        "EBIT": 2,
        "Net Income": -10
    },
    "2014-09-30": {
        "Diluted EPS": -0.28,
        "Total Revenue": 82,
        "Gross Profit": 28,
        "Operating Income": -15,
        "EBIT": -10,
        "Net Income": -22
    },
    "2014-06-30": {
        "Diluted EPS": -0.13,
        "Total Revenue": 102,
        "Gross Profit": 38,
        "Operating Income": -5,
        "EBIT": 1,
        "Net Income": -10
    },
    "2014-03-31": {
        "Diluted EPS": -0.06,
        "Total Revenue": 97,
        "Gross Profit": 40,
        "Operating Income": 0,
        "EBIT": 5,
        "Net Income": -5
    },
    "2013-12-31": {
        "Diluted EPS": -0.07,
        "Total Revenue": 94,
        "Gross Profit": 38,
        "Operating Income": -1,
        "EBIT": 5,
        "Net Income": -5
    },
    "2013-09-30": {
        "Diluted EPS": -0.21,
        "Total Revenue": 77,
        "Gross Profit": 26,
        "Operating Income": -12,
        "EBIT": -6,
        "Net Income": -16
    },
    "2013-06-30": {
        "Diluted EPS": -0.25,
        "Total Revenue": 85,
        "Gross Profit": 27,
        "Operating Income": -13,
        "EBIT": -6,
        "Net Income": -19
    },
    "2013-03-31": {
        "Diluted EPS": -0.42,
        "Total Revenue": 71,
        "Gross Profit": 20,
        "Operating Income": -25,
        "EBIT": -19,
        "Net Income": -31
    },
    "2012-12-31": {
        "Diluted EPS": -0.4,
        "Total Revenue": 78,
        "Gross Profit": 27,
        "Operating Income": -22,
        "EBIT": -16,
        "Net Income": -29
    },
    "2012-09-30": {
        "Diluted EPS": -0.34,
        "Total Revenue": 83,
        "Gross Profit": 24,
        "Operating Income": -21,
        "EBIT": -13,
        "Net Income": -24
    },
    "2012-06-30": {
        "Diluted EPS": -0.28,
        "Total Revenue": 101,
        "Gross Profit": 36,
        "Operating Income": -13,
        "EBIT": -5,
        "Net Income": -20
    },
    "2012-03-31": {
        "Diluted EPS": -0.21,
        "Total Revenue": 102,
        "Gross Profit": 36,
        "Operating Income": -13,
        "EBIT": -5,
        "Net Income": -15
    },
    "2011-12-31": {
        "Diluted EPS": -0.15,
        "Total Revenue": 106,
        "Gross Profit": 40,
        "Operating Income": -5,
        "EBIT": 3,
        "Net Income": -10
    },
    "2011-09-30": {
        "Diluted EPS": -0.38,
        "Total Revenue": 100,
        "Gross Profit": 24,
        "Operating Income": -25,
        "EBIT": -16,
        "Net Income": -27
    },
    "2011-06-30": {
        "Diluted EPS": -0.41,
        "Total Revenue": 75,
        "Gross Profit": 32,
        "Operating Income": -25,
        "EBIT": -22,
        "Net Income": -25
    },
    "2011-03-31": {
        "Diluted EPS": -0.02,
        "Total Revenue": 55,
        "Gross Profit": 27,
        "Operating Income": -1,
        "EBIT": 1,
        "Net Income": -1
    },
    "2010-12-31": {
        "Diluted EPS": 0.07,
        "Total Revenue": 54,
        "Gross Profit": 29,
        "Operating Income": 4,
        "EBIT": 5,
        "Net Income": 4
    },
    "2010-09-30": {
        "Diluted EPS": -0.08,
        "Total Revenue": 38,
        "Gross Profit": 18,
        "Operating Income": -6,
        "EBIT": -5,
        "Net Income": -5
    },
    "2010-06-30": {
        "Diluted EPS": 0.09,
        "Total Revenue": 62,
        "Gross Profit": 31,
        "Operating Income": 6,
        "EBIT": 8,
        "Net Income": 5
    },
    "2010-03-31": {
        "Diluted EPS": 0.04,
        "Total Revenue": 52,
        "Gross Profit": 25,
        "Operating Income": 3,
        "EBIT": 4,
        "Net Income": 2
    },
    "2009-12-31": {
        "Diluted EPS": -0.02,
        "Total Revenue": 57,
        "Gross Profit": 26,
        "Operating Income": -2,
        "EBIT": 0,
        "Net Income": -1
    },
    "2009-09-30": {
        "Diluted EPS": -0.06,
        "Total Revenue": 51,
        "Gross Profit": 22,
        "Operating Income": -4,
        "EBIT": -2,
        "Net Income": -3
    },
    "2009-06-30": {
        "Diluted EPS": 0.03,
        "Total Revenue": 59,
        "Gross Profit": 27,
        "Operating Income": 0,
        "EBIT": 2,
        "Net Income": 1
    },
    "2009-03-31": {
        "Diluted EPS": 0.02,
        "Total Revenue": 61,
        "Gross Profit": 30,
        "Operating Income": 1,
        "EBIT": 3,
        "Net Income": 1
    },
    "2023-06-30": {
        "Tax Effect Of Unusual Items": NaN,
        "Tax Rate For Calcs": NaN,
        "Normalized EBITDA": NaN,
        "Total Unusual Items": NaN,
        "Total Unusual Items Excluding Goodwill": NaN,
        "Net Income From Continuing Operation Net Minority Interest": NaN,
        "Reconciled Depreciation": NaN,
        "Reconciled Cost Of Revenue": NaN,
        "EBITDA": NaN,
        "EBIT": NaN,
        "Net Interest Income": NaN,
        "Interest Expense": NaN,
        "Normalized Income": NaN,
        "Net Income From Continuing And Discontinued Operation": NaN,
        "Total Expenses": NaN,
        "Total Operating Income As Reported": NaN,
        "Diluted Average Shares": 95945000.0,
        "Basic Average Shares": 95945000.0,
        "Diluted EPS": -0.03,
        "Basic EPS": -0.03,
        "Diluted NI Availto Com Stockholders": NaN,
        "Net Income Common Stockholders": NaN,
        "Net Income": NaN,
        "Net Income Including Noncontrolling Interests": NaN,
        "Net Income Continuous Operations": NaN,
        "Tax Provision": NaN,
        "Pretax Income": NaN,
        "Other Income Expense": NaN,
        "Other Non Operating Income Expenses": NaN,
        "Earnings From Equity Interest": NaN,
        "Gain On Sale Of Security": NaN,
        "Net Non Operating Interest Income Expense": NaN,
        "Interest Expense Non Operating": NaN,
        "Operating Income": NaN,
        "Operating Expense": NaN,
        "Research And Development": NaN,
        "Selling General And Administration": NaN,
        "Selling And Marketing Expense": NaN,
        "General And Administrative Expense": NaN,
        "Other Gand A": NaN,
        "Gross Profit": NaN,
        "Cost Of Revenue": NaN,
        "Total Revenue": NaN,
        "Operating Revenue": NaN
    },
    "2023-09-30": {
        "Tax Effect Of Unusual Items": -200760.0,
        "Tax Rate For Calcs": 0.21,
        "Normalized EBITDA": 4092000.0,
        "Total Unusual Items": -956000.0,
        "Total Unusual Items Excluding Goodwill": -956000.0,
        "Net Income From Continuing Operation Net Minority Interest": -2969000.0,
        "Reconciled Depreciation": 1251000.0,
        "Reconciled Cost Of Revenue": 64399000.0,
        "EBITDA": 3136000.0,
        "EBIT": 1885000.0,
        "Net Interest Income": -2922000.0,
        "Interest Expense": 2922000.0,
        "Normalized Income": -2213760.0,
        "Net Income From Continuing And Discontinued Operation": -2969000.0,
        "Total Expenses": 101679000.0,
        "Total Operating Income As Reported": 2213000.0,
        "Diluted Average Shares": 96555000.0,
        "Basic Average Shares": 96555000.0,
        "Diluted EPS": -0.03,
        "Basic EPS": -0.03,
        "Diluted NI Availto Com Stockholders": -2969000.0,
        "Net Income Common Stockholders": -2969000.0,
        "Net Income": -2969000.0,
        "Net Income Including Noncontrolling Interests": -2969000.0,
        "Net Income Continuous Operations": -2969000.0,
        "Tax Provision": 1932000.0,
        "Pretax Income": -1037000.0,
        "Other Income Expense": -328000.0,
        "Other Non Operating Income Expenses": 197000.0,
        "Earnings From Equity Interest": 431000.0,
        "Gain On Sale Of Security": -956000.0,
        "Net Non Operating Interest Income Expense": -2922000.0,
        "Interest Expense Non Operating": 2922000.0,
        "Operating Income": 2213000.0,
        "Operating Expense": 37280000.0,
        "Research And Development": 14013000.0,
        "Selling General And Administration": 23267000.0,
        "Selling And Marketing Expense": 10244000.0,
        "General And Administrative Expense": 13023000.0,
        "Other Gand A": 13023000.0,
        "Gross Profit": 39493000.0,
        "Cost Of Revenue": 64399000.0,
        "Total Revenue": 103892000.0,
        "Operating Revenue": 103892000.0
    },
    "2023-12-31": {
        "Tax Effect Of Unusual Items": -268380.0,
        "Tax Rate For Calcs": 0.21,
        "Normalized EBITDA": -2997000.0,
        "Total Unusual Items": -1278000.0,
        "Total Unusual Items Excluding Goodwill": -1278000.0,
        "Net Income From Continuing Operation Net Minority Interest": -9621000.0,
        "Reconciled Depreciation": 1546000.0,
        "Reconciled Cost Of Revenue": 71336000.0,
        "EBITDA": -4275000.0,
        "EBIT": -5821000.0,
        "Net Interest Income": -2922000.0,
        "Interest Expense": 2922000.0,
        "Normalized Income": -8611380.0,
        "Net Income From Continuing And Discontinued Operation": -9621000.0,
        "Total Expenses": 111202000.0,
        "Total Operating Income As Reported": -3964000.0,
        "Diluted Average Shares": 97776000.0,
        "Basic Average Shares": 97776000.0,
        "Diluted EPS": -0.1,
        "Basic EPS": -0.1,
        "Diluted NI Availto Com Stockholders": -9621000.0,
        "Net Income Common Stockholders": -9621000.0,
        "Net Income": -9621000.0,
        "Net Income Including Noncontrolling Interests": -9621000.0,
        "Net Income Continuous Operations": -9621000.0,
        "Tax Provision": 878000.0,
        "Pretax Income": -8743000.0,
        "Other Income Expense": -1857000.0,
        "Other Non Operating Income Expenses": -152000.0,
        "Earnings From Equity Interest": -427000.0,
        "Gain On Sale Of Security": -1278000.0,
        "Net Non Operating Interest Income Expense": -2922000.0,
        "Interest Expense Non Operating": 2922000.0,
        "Operating Income": -3964000.0,
        "Operating Expense": 39866000.0,
        "Research And Development": 15281000.0,
        "Selling General And Administration": 24585000.0,
        "Selling And Marketing Expense": 11361000.0,
        "General And Administrative Expense": 13224000.0,
        "Other Gand A": 13224000.0,
        "Gross Profit": 35902000.0,
        "Cost Of Revenue": 71336000.0,
        "Total Revenue": 107238000.0,
        "Operating Revenue": 107238000.0
    },
    "2024-03-31": {
        "Tax Effect Of Unusual Items": 180810.0,
        "Tax Rate For Calcs": 0.21,
        "Normalized EBITDA": -2274000.0,
        "Total Unusual Items": 861000.0,
        "Total Unusual Items Excluding Goodwill": 861000.0,
        "Net Income From Continuing Operation Net Minority Interest": -6342000.0,
        "Reconciled Depreciation": 1601000.0,
        "Reconciled Cost Of Revenue": 72058000.0,
        "EBITDA": -1413000.0,
        "EBIT": -3014000.0,
        "Net Interest Income": -2884000.0,
        "Interest Expense": 2884000.0,
        "Normalized Income": -7022190.0,
        "Net Income From Continuing And Discontinued Operation": -6342000.0,
        "Total Expenses": 105694000.0,
        "Total Operating Income As Reported": -4562000.0,
        "Diluted Average Shares": 99197000.0,
        "Basic Average Shares": 99197000.0,
        "Diluted EPS": -0.06,
        "Basic EPS": -0.06,
        "Diluted NI Availto Com Stockholders": -6342000.0,
        "Net Income Common Stockholders": -6342000.0,
        "Net Income": -6342000.0,
        "Net Income Including Noncontrolling Interests": -6342000.0,
        "Net Income Continuous Operations": -6342000.0,
        "Tax Provision": 444000.0,
        "Pretax Income": -5898000.0,
        "Other Income Expense": 1548000.0,
        "Other Non Operating Income Expenses": -337000.0,
        "Earnings From Equity Interest": 1024000.0,
        "Gain On Sale Of Security": 861000.0,
        "Net Non Operating Interest Income Expense": -2884000.0,
        "Interest Expense Non Operating": 2884000.0,
        "Operating Income": -4562000.0,
        "Operating Expense": 33636000.0,
        "Research And Development": 10909000.0,
        "Selling General And Administration": 22727000.0,
        "Selling And Marketing Expense": 10318000.0,
        "General And Administrative Expense": 12409000.0,
        "Other Gand A": 12409000.0,
        "Gross Profit": 29074000.0,
        "Cost Of Revenue": 72058000.0,
        "Total Revenue": 101132000.0,
        "Operating Revenue": 101132000.0
    },
    "2024-06-30": {
        "Tax Effect Of Unusual Items": -82162.51944,
        "Tax Rate For Calcs": 0.122084,
        "Normalized EBITDA": 8934000.0,
        "Total Unusual Items": -673000.0,
        "Total Unusual Items Excluding Goodwill": -673000.0,
        "Net Income From Continuing Operation Net Minority Interest": 3387000.0,
        "Reconciled Depreciation": 1507000.0,
        "Reconciled Cost Of Revenue": 95837000.0,
        "EBITDA": 8261000.0,
        "EBIT": 6754000.0,
        "Net Interest Income": -2896000.0,
        "Interest Expense": 2896000.0,
        "Normalized Income": 3977837.48056,
        "Net Income From Continuing And Discontinued Operation": 3387000.0,
        "Total Expenses": 127472000.0,
        "Total Operating Income As Reported": 6817000.0,
        "Diluted Average Shares": NaN,
        "Basic Average Shares": NaN,
        "Diluted EPS": NaN,
        "Basic EPS": NaN,
        "Diluted NI Availto Com Stockholders": 3387000.0,
        "Net Income Common Stockholders": 3387000.0,
        "Net Income": 3387000.0,
        "Net Income Including Noncontrolling Interests": 3387000.0,
        "Net Income Continuous Operations": 3387000.0,
        "Tax Provision": 471000.0,
        "Pretax Income": 3858000.0,
        "Other Income Expense": -63000.0,
        "Other Non Operating Income Expenses": -200000.0,
        "Earnings From Equity Interest": 810000.0,
        "Gain On Sale Of Security": -673000.0,
        "Net Non Operating Interest Income Expense": -2896000.0,
        "Interest Expense Non Operating": 2896000.0,
        "Operating Income": 6817000.0,
        "Operating Expense": 31635000.0,
        "Research And Development": 9529000.0,
        "Selling General And Administration": 22106000.0,
        "Selling And Marketing Expense": 10696000.0,
        "General And Administrative Expense": 11410000.0,
        "Other Gand A": 11410000.0,
        "Gross Profit": 38452000.0,
        "Cost Of Revenue": 95837000.0,
        "Total Revenue": 134289000.0,
        "Operating Revenue": 134289000.0
    },
    "2024-09-30": {
        "Tax Effect Of Unusual Items": 456540.0,
        "Tax Rate For Calcs": 0.21,
        "Normalized EBITDA": -1084000.0,
        "Total Unusual Items": 2174000.0,
        "Total Unusual Items Excluding Goodwill": 2174000.0,
        "Net Income From Continuing Operation Net Minority Interest": -3954000.0,
        "Reconciled Depreciation": 1464000.0,
        "Reconciled Cost Of Revenue": 67076000.0,
        "EBITDA": 1090000.0,
        "EBIT": -374000.0,
        "Net Interest Income": -2955000.0,
        "Interest Expense": 2955000.0,
        "Normalized Income": -5671460.0,
        "Net Income From Continuing And Discontinued Operation": -3954000.0,
        "Total Expenses": 103694000.0,
        "Total Operating Income As Reported": -2149000.0,
        "Diluted Average Shares": 100225000.0,
        "Basic Average Shares": 100225000.0,
        "Diluted EPS": -0.04,
        "Basic EPS": -0.04,
        "Diluted NI Availto Com Stockholders": -3954000.0,
        "Net Income Common Stockholders": -3954000.0,
        "Net Income": -3954000.0,
        "Net Income Including Noncontrolling Interests": -3954000.0,
        "Net Income Continuous Operations": -3954000.0,
        "Tax Provision": 625000.0,
        "Pretax Income": -3329000.0,
        "Other Income Expense": 1775000.0,
        "Other Non Operating Income Expenses": -327000.0,
        "Earnings From Equity Interest": -72000.0,
        "Gain On Sale Of Security": 2174000.0,
        "Net Non Operating Interest Income Expense": -2955000.0,
        "Interest Expense Non Operating": 2955000.0,
        "Operating Income": -2149000.0,
        "Operating Expense": 36618000.0,
        "Research And Development": 12116000.0,
        "Selling General And Administration": 24502000.0,
        "Selling And Marketing Expense": 11682000.0,
        "General And Administrative Expense": 12820000.0,
        "Other Gand A": 12820000.0,
        "Gross Profit": 34469000.0,
        "Cost Of Revenue": 67076000.0,
        "Total Revenue": 101545000.0,
        "Operating Revenue": 101545000.0
    }
}