{
    "2023-03-31": {
        "Tax Effect Of Unusual Items": NaN,
        "Tax Rate For Calcs": NaN,
        "Normalized EBITDA": NaN,
        "Total Unusual Items": NaN,
        "Total Unusual Items Excluding Goodwill": NaN,
        "Net Income From Continuing Operation Net Minority Interest": NaN,
        "Reconciled Depreciation": NaN,
        "Reconciled Cost Of Revenue": NaN,
        "EBITDA": NaN,
        "EBIT": NaN,
        "Net Interest Income": NaN,
        "Interest Expense": NaN,
        "Normalized Income": NaN,
        "Net Income From Continuing And Discontinued Operation": NaN,
        "Total Expenses": NaN,
        "Total Operating Income As Reported": NaN,
        "Diluted Average Shares": 45960000.0,
        "Basic Average Shares": 45960000.0,
        "Diluted EPS": -0.2,
        "Basic EPS": -0.2,
        "Diluted NI Availto Com Stockholders": NaN,
        "Net Income Common Stockholders": NaN,
        "Otherunder Preferred Stock Dividend": NaN,
        "Net Income": NaN,
        "Net Income Including Noncontrolling Interests": NaN,
        "Net Income Continuous Operations": NaN,
        "Tax Provision": NaN,
        "Pretax Income": NaN,
        "Other Non Operating Income Expenses": NaN,
        "Special Income Charges": NaN,
        "Other Special Charges": NaN,
        "Impairment Of Capital Assets": 0.0,
        "Restructuring And Mergern Acquisition": NaN,
        "Net Non Operating Interest Income Expense": NaN,
        "Interest Expense Non Operating": NaN,
        "Operating Income": NaN,
        "Operating Expense": NaN,
        "Other Operating Expenses": NaN,
        "Depreciation And Amortization In Income Statement": NaN,
        "Depreciation Income Statement": NaN,
        "Gross Profit": NaN,
        "Cost Of Revenue": NaN,
        "Total Revenue": NaN,
        "Operating Revenue": NaN
    },
    "2022-06-30": {
        "Tax Effect Of Unusual Items": 316868.37442,
        "Tax Rate For Calcs": 0.164095,
        "Normalized EBITDA": -38688000.0,
        "Total Unusual Items": 1931000.0,
        "Total Unusual Items Excluding Goodwill": 1931000.0,
        "Net Income From Continuing Operation Net Minority Interest": -32077000.0,
        "Reconciled Depreciation": NaN,
        "Reconciled Cost Of Revenue": 47682000.0,
        "EBITDA": -36757000.0,
        "EBIT": -36757000.0,
        "Net Interest Income": -1617000.0,
        "Interest Expense": 1617000.0,
        "Normalized Income": -33691131.62558,
        "Net Income From Continuing And Discontinued Operation": -32077000.0,
        "Total Expenses": 55925000.0,
        "Total Operating Income As Reported": -38198000.0,
        "Diluted Average Shares": 43363432.0,
        "Basic Average Shares": 42186493.0,
        "Diluted EPS": -0.828376,
        "Basic EPS": -0.828376,
        "Diluted NI Availto Com Stockholders": -32077000.0,
        "Net Income Common Stockholders": -32077000.0,
        "Otherunder Preferred Stock Dividend": 0.0,
        "Net Income": -32077000.0,
        "Net Income Including Noncontrolling Interests": -32077000.0,
        "Net Income Continuous Operations": -32077000.0,
        "Tax Provision": -6297000.0,
        "Pretax Income": -38374000.0,
        "Special Income Charges": 1950000.0,
        "Impairment Of Capital Assets": NaN,
        "Restructuring And Mergern Acquisition": -1950000.0,
        "Net Non Operating Interest Income Expense": -1617000.0,
        "Interest Expense Non Operating": 1617000.0,
        "Operating Income": -44117000.0,
        "Operating Expense": 8243000.0,
        "Other Operating Expenses": 7631000.0,
        "Depreciation And Amortization In Income Statement": NaN,
        "Depreciation Income Statement": NaN,
        "Gross Profit": -35874000.0,
        "Cost Of Revenue": 47682000.0,
        "Total Revenue": 11808000.0,
        "Operating Revenue": 11808000.0
    },
    "2022-12-31": {
        "Tax Effect Of Unusual Items": NaN,
        "Tax Rate For Calcs": NaN,
        "Normalized EBITDA": NaN,
        "Total Unusual Items": NaN,
        "Total Unusual Items Excluding Goodwill": NaN,
        "Net Income From Continuing Operation Net Minority Interest": NaN,
        "Reconciled Depreciation": NaN,
        "Reconciled Cost Of Revenue": NaN,
        "EBITDA": NaN,
        "EBIT": NaN,
        "Net Interest Income": NaN,
        "Interest Expense": NaN,
        "Normalized Income": NaN,
        "Net Income From Continuing And Discontinued Operation": NaN,
        "Total Expenses": NaN,
        "Total Operating Income As Reported": NaN,
        "Diluted Average Shares": NaN,
        "Basic Average Shares": NaN,
        "Diluted EPS": NaN,
        "Basic EPS": NaN,
        "Diluted NI Availto Com Stockholders": NaN,
        "Net Income Common Stockholders": NaN,
        "Otherunder Preferred Stock Dividend": NaN,
        "Net Income": NaN,
        "Net Income Including Noncontrolling Interests": NaN,
        "Net Income Continuous Operations": NaN,
        "Tax Provision": NaN,
        "Pretax Income": NaN,
        "Other Non Operating Income Expenses": 4639121.080466,
        "Special Income Charges": NaN,
        "Other Special Charges": NaN,
        "Impairment Of Capital Assets": NaN,
        "Restructuring And Mergern Acquisition": NaN,
        "Net Non Operating Interest Income Expense": NaN,
        "Interest Expense Non Operating": NaN,
        "Operating Income": NaN,
        "Operating Expense": NaN,
        "Other Operating Expenses": NaN,
        "Depreciation And Amortization In Income Statement": NaN,
        "Depreciation Income Statement": NaN,
        "Gross Profit": NaN,
        "Cost Of Revenue": NaN,
        "Total Revenue": NaN,
        "Operating Revenue": NaN
    },
    "2022-03-31": {
        "Diluted EPS": 0.0,
        "Total Revenue": 20,
        "Gross Profit": 2,
        "Operating Income": 2,
        "EBIT": 2,
        "Net Income": 2
    },
    "2021-12-31": {
        "Diluted EPS": 0.0,
        "Total Revenue": NaN,
        "Gross Profit": NaN,
        "Operating Income": NaN,
        "EBIT": NaN,
        "Net Income": NaN
    },
    "2021-09-30": {
        "Diluted EPS": 0.4,
        "Total Revenue": 26,
        "Gross Profit": 26,
        "Operating Income": 26,
        "EBIT": 26,
        "Net Income": 17
    },
    "2021-06-30": {
        "Diluted EPS": 0.0,
        "Total Revenue": NaN,
        "Gross Profit": NaN,
        "Operating Income": NaN,
        "EBIT": NaN,
        "Net Income": NaN
    },
    "2021-03-31": {
        "Diluted EPS": 0.07,
        "Total Revenue": 18,
        "Gross Profit": 27,
        "Operating Income": 26,
        "EBIT": 26,
        "Net Income": 25
    },
    "2020-12-31": {
        "Diluted EPS": 0.0,
        "Total Revenue": NaN,
        "Gross Profit": NaN,
        "Operating Income": NaN,
        "EBIT": NaN,
        "Net Income": NaN
    },
    "2023-06-30": {
        "Tax Effect Of Unusual Items": -139688.724246,
        "Tax Rate For Calcs": 0.235563,
        "Normalized EBITDA": 21000.0,
        "Total Unusual Items": -593000.0,
        "Total Unusual Items Excluding Goodwill": -593000.0,
        "Net Income From Continuing Operation Net Minority Interest": -7532000.0,
        "Reconciled Depreciation": 6259000.0,
        "Reconciled Cost Of Revenue": 14657000.0,
        "EBITDA": -572000.0,
        "EBIT": -6831000.0,
        "Net Interest Income": -3022000.0,
        "Interest Expense": 3022000.0,
        "Normalized Income": -7078688.724246,
        "Net Income From Continuing And Discontinued Operation": -7532000.0,
        "Total Expenses": 19725000.0,
        "Total Operating Income As Reported": -6373000.0,
        "Diluted Average Shares": NaN,
        "Basic Average Shares": NaN,
        "Diluted EPS": NaN,
        "Basic EPS": NaN,
        "Diluted NI Availto Com Stockholders": -7532000.0,
        "Net Income Common Stockholders": -7532000.0,
        "Otherunder Preferred Stock Dividend": 0.0,
        "Net Income": -7532000.0,
        "Net Income Including Noncontrolling Interests": -7532000.0,
        "Net Income Continuous Operations": -7532000.0,
        "Tax Provision": -2321000.0,
        "Pretax Income": -9853000.0,
        "Other Non Operating Income Expenses": NaN,
        "Special Income Charges": -593000.0,
        "Other Special Charges": NaN,
        "Impairment Of Capital Assets": NaN,
        "Restructuring And Mergern Acquisition": 593000.0,
        "Net Non Operating Interest Income Expense": -3022000.0,
        "Interest Expense Non Operating": 3022000.0,
        "Operating Income": -5883000.0,
        "Operating Expense": 5068000.0,
        "Other Operating Expenses": 3809000.0,
        "Depreciation And Amortization In Income Statement": 328000.0,
        "Depreciation Income Statement": 328000.0,
        "Gross Profit": -815000.0,
        "Cost Of Revenue": 14657000.0,
        "Total Revenue": 13842000.0,
        "Operating Revenue": 13842000.0
    },
    "2023-09-30": {
        "Tax Effect Of Unusual Items": 0.0,
        "Tax Rate For Calcs": 0.0,
        "Normalized EBITDA": 1101000.0,
        "Total Unusual Items": -1526000.0,
        "Total Unusual Items Excluding Goodwill": -1526000.0,
        "Net Income From Continuing Operation Net Minority Interest": -9897000.0,
        "Reconciled Depreciation": 6709000.0,
        "Reconciled Cost Of Revenue": 11160000.0,
        "EBITDA": -425000.0,
        "EBIT": -7134000.0,
        "Net Interest Income": -2763000.0,
        "Interest Expense": 2763000.0,
        "Normalized Income": -8371000.0,
        "Net Income From Continuing And Discontinued Operation": -9897000.0,
        "Total Expenses": 15687000.0,
        "Total Operating Income As Reported": -6950000.0,
        "Diluted Average Shares": 52345000.0,
        "Basic Average Shares": 52345000.0,
        "Diluted EPS": -0.2,
        "Basic EPS": -0.2,
        "Diluted NI Availto Com Stockholders": -9897000.0,
        "Net Income Common Stockholders": -9897000.0,
        "Otherunder Preferred Stock Dividend": 0.0,
        "Net Income": -9897000.0,
        "Net Income Including Noncontrolling Interests": -9897000.0,
        "Net Income Continuous Operations": -9897000.0,
        "Tax Provision": 0.0,
        "Pretax Income": -9897000.0,
        "Other Non Operating Income Expenses": 75000.0,
        "Special Income Charges": -1526000.0,
        "Other Special Charges": NaN,
        "Impairment Of Capital Assets": 0.0,
        "Restructuring And Mergern Acquisition": 1526000.0,
        "Net Non Operating Interest Income Expense": -2763000.0,
        "Interest Expense Non Operating": 2763000.0,
        "Operating Income": -5280000.0,
        "Operating Expense": 4527000.0,
        "Other Operating Expenses": 3079000.0,
        "Depreciation And Amortization In Income Statement": 528000.0,
        "Depreciation Income Statement": 528000.0,
        "Gross Profit": -753000.0,
        "Cost Of Revenue": 11160000.0,
        "Total Revenue": 10407000.0,
        "Operating Revenue": 10407000.0
    },
    "2022-09-30": {
        "Tax Effect Of Unusual Items": NaN,
        "Tax Rate For Calcs": NaN,
        "Normalized EBITDA": NaN,
        "Total Unusual Items": NaN,
        "Total Unusual Items Excluding Goodwill": NaN,
        "Net Income From Continuing Operation Net Minority Interest": NaN,
        "Reconciled Depreciation": NaN,
        "Reconciled Cost Of Revenue": NaN,
        "EBITDA": NaN,
        "EBIT": NaN,
        "Net Interest Income": NaN,
        "Interest Expense": NaN,
        "Normalized Income": NaN,
        "Net Income From Continuing And Discontinued Operation": NaN,
        "Total Expenses": NaN,
        "Total Operating Income As Reported": NaN,
        "Diluted Average Shares": 47782500.0,
        "Basic Average Shares": 47782500.0,
        "Diluted EPS": -0.4,
        "Basic EPS": -0.4,
        "Diluted NI Availto Com Stockholders": NaN,
        "Net Income Common Stockholders": NaN,
        "Otherunder Preferred Stock Dividend": NaN,
        "Net Income": NaN,
        "Net Income Including Noncontrolling Interests": NaN,
        "Net Income Continuous Operations": NaN,
        "Tax Provision": NaN,
        "Pretax Income": NaN,
        "Other Non Operating Income Expenses": NaN,
        "Special Income Charges": NaN,
        "Other Special Charges": NaN,
        "Impairment Of Capital Assets": NaN,
        "Restructuring And Mergern Acquisition": NaN,
        "Net Non Operating Interest Income Expense": NaN,
        "Interest Expense Non Operating": NaN,
        "Operating Income": NaN,
        "Operating Expense": NaN,
        "Other Operating Expenses": NaN,
        "Depreciation And Amortization In Income Statement": NaN,
        "Depreciation Income Statement": NaN,
        "Gross Profit": NaN,
        "Cost Of Revenue": NaN,
        "Total Revenue": NaN,
        "Operating Revenue": NaN
    },
    "2023-12-31": {
        "Tax Effect Of Unusual Items": -1093070.0,
        "Tax Rate For Calcs": 0.19,
        "Normalized EBITDA": 2360000.0,
        "Total Unusual Items": -5753000.0,
        "Total Unusual Items Excluding Goodwill": -5753000.0,
        "Net Income From Continuing Operation Net Minority Interest": -8892000.0,
        "Reconciled Depreciation": 722000.0,
        "Reconciled Cost Of Revenue": 11645000.0,
        "EBITDA": -3393000.0,
        "EBIT": -4115000.0,
        "Net Interest Income": -2490000.0,
        "Interest Expense": 2456000.0,
        "Normalized Income": -4232070.0,
        "Net Income From Continuing And Discontinued Operation": -8892000.0,
        "Total Expenses": 16236000.0,
        "Total Operating Income As Reported": -678000.0,
        "Diluted Average Shares": NaN,
        "Basic Average Shares": NaN,
        "Diluted EPS": NaN,
        "Basic EPS": NaN,
        "Diluted NI Availto Com Stockholders": -8892000.0,
        "Net Income Common Stockholders": -8892000.0,
        "Otherunder Preferred Stock Dividend": 0.0,
        "Net Income": -8892000.0,
        "Net Income Including Noncontrolling Interests": -8892000.0,
        "Net Income Continuous Operations": -8892000.0,
        "Tax Provision": 2321000.0,
        "Pretax Income": -6571000.0,
        "Other Non Operating Income Expenses": 271000.0,
        "Special Income Charges": -5789000.0,
        "Other Special Charges": NaN,
        "Impairment Of Capital Assets": NaN,
        "Restructuring And Mergern Acquisition": 2044000.0,
        "Net Non Operating Interest Income Expense": -2490000.0,
        "Interest Expense Non Operating": 2456000.0,
        "Operating Income": 1372000.0,
        "Operating Expense": 4591000.0,
        "Other Operating Expenses": -7964000.0,
        "Depreciation And Amortization In Income Statement": 294000.0,
        "Depreciation Income Statement": 294000.0,
        "Gross Profit": 5963000.0,
        "Cost Of Revenue": 11645000.0,
        "Total Revenue": 17608000.0,
        "Operating Revenue": 17608000.0
    },
    "2024-03-31": {
        "Tax Effect Of Unusual Items": 628500.0,
        "Tax Rate For Calcs": 0.25,
        "Normalized EBITDA": 2053000.0,
        "Total Unusual Items": 2514000.0,
        "Total Unusual Items Excluding Goodwill": 2514000.0,
        "Net Income From Continuing Operation Net Minority Interest": -3155000.0,
        "Reconciled Depreciation": 5065000.0,
        "Reconciled Cost Of Revenue": 14979000.0,
        "EBITDA": 4567000.0,
        "EBIT": -498000.0,
        "Net Interest Income": -2317000.0,
        "Interest Expense": 2317000.0,
        "Normalized Income": -5040500.0,
        "Net Income From Continuing And Discontinued Operation": -3155000.0,
        "Total Expenses": 20274000.0,
        "Total Operating Income As Reported": -4200000.0,
        "Diluted Average Shares": 31550000.0,
        "Basic Average Shares": 31550000.0,
        "Diluted EPS": -0.1,
        "Basic EPS": -0.1,
        "Diluted NI Availto Com Stockholders": -3155000.0,
        "Net Income Common Stockholders": -3155000.0,
        "Otherunder Preferred Stock Dividend": 0.0,
        "Net Income": -3155000.0,
        "Net Income Including Noncontrolling Interests": -3155000.0,
        "Net Income Continuous Operations": -3155000.0,
        "Tax Provision": 340000.0,
        "Pretax Income": -2815000.0,
        "Other Non Operating Income Expenses": 230000.0,
        "Special Income Charges": 2911000.0,
        "Other Special Charges": -3472000.0,
        "Impairment Of Capital Assets": NaN,
        "Restructuring And Mergern Acquisition": 561000.0,
        "Net Non Operating Interest Income Expense": -2317000.0,
        "Interest Expense Non Operating": 2317000.0,
        "Operating Income": -3434000.0,
        "Operating Expense": 5295000.0,
        "Other Operating Expenses": 3152000.0,
        "Depreciation And Amortization In Income Statement": 232000.0,
        "Depreciation Income Statement": 232000.0,
        "Gross Profit": 1861000.0,
        "Cost Of Revenue": 14979000.0,
        "Total Revenue": 16840000.0,
        "Operating Revenue": 16840000.0
    },
    "2024-06-30": {
        "Tax Effect Of Unusual Items": 0.0,
        "Tax Rate For Calcs": 0.0,
        "Normalized EBITDA": 748000.0,
        "Total Unusual Items": -23299000.0,
        "Total Unusual Items Excluding Goodwill": -23299000.0,
        "Net Income From Continuing Operation Net Minority Interest": -29579000.0,
        "Reconciled Depreciation": 5049000.0,
        "Reconciled Cost Of Revenue": 13877000.0,
        "EBITDA": -22551000.0,
        "EBIT": -27600000.0,
        "Net Interest Income": -1979000.0,
        "Interest Expense": 1979000.0,
        "Normalized Income": -6280000.0,
        "Net Income From Continuing And Discontinued Operation": -29579000.0,
        "Total Expenses": 18433000.0,
        "Total Operating Income As Reported": -5082000.0,
        "Diluted Average Shares": NaN,
        "Basic Average Shares": NaN,
        "Diluted EPS": NaN,
        "Basic EPS": NaN,
        "Diluted NI Availto Com Stockholders": -29579000.0,
        "Net Income Common Stockholders": -29579000.0,
        "Otherunder Preferred Stock Dividend": 0.0,
        "Net Income": -29579000.0,
        "Net Income Including Noncontrolling Interests": -29579000.0,
        "Net Income Continuous Operations": -29579000.0,
        "Tax Provision": 0.0,
        "Pretax Income": -29579000.0,
        "Other Non Operating Income Expenses": 223000.0,
        "Special Income Charges": -23299000.0,
        "Other Special Charges": 504000.0,
        "Impairment Of Capital Assets": NaN,
        "Restructuring And Mergern Acquisition": 557000.0,
        "Net Non Operating Interest Income Expense": -1979000.0,
        "Interest Expense Non Operating": 1979000.0,
        "Operating Income": -4625000.0,
        "Operating Expense": 4556000.0,
        "Other Operating Expenses": 2657000.0,
        "Depreciation And Amortization In Income Statement": 216000.0,
        "Depreciation Income Statement": 216000.0,
        "Gross Profit": -69000.0,
        "Cost Of Revenue": 13877000.0,
        "Total Revenue": 13808000.0,
        "Operating Revenue": 13808000.0
    },
    "2024-09-30": {
        "Tax Effect Of Unusual Items": 0.0,
        "Tax Rate For Calcs": 0.0,
        "Normalized EBITDA": -1259000.0,
        "Total Unusual Items": -1107000.0,
        "Total Unusual Items Excluding Goodwill": -1107000.0,
        "Net Income From Continuing Operation Net Minority Interest": -6278000.0,
        "Reconciled Depreciation": 2468000.0,
        "Reconciled Cost Of Revenue": 9158000.0,
        "EBITDA": -2366000.0,
        "EBIT": -4834000.0,
        "Net Interest Income": -1444000.0,
        "Interest Expense": 1444000.0,
        "Normalized Income": -5171000.0,
        "Net Income From Continuing And Discontinued Operation": -6278000.0,
        "Total Expenses": 11064000.0,
        "Total Operating Income As Reported": -4286000.0,
        "Diluted Average Shares": 61718600.0,
        "Basic Average Shares": 61718600.0,
        "Diluted EPS": -0.1,
        "Basic EPS": -0.1,
        "Diluted NI Availto Com Stockholders": -6278000.0,
        "Net Income Common Stockholders": -6278000.0,
        "Otherunder Preferred Stock Dividend": 0.0,
        "Net Income": -6278000.0,
        "Net Income Including Noncontrolling Interests": -6278000.0,
        "Net Income Continuous Operations": -6278000.0,
        "Tax Provision": 0.0,
        "Pretax Income": -6278000.0,
        "Other Non Operating Income Expenses": 178000.0,
        "Special Income Charges": -1017000.0,
        "Other Special Charges": NaN,
        "Impairment Of Capital Assets": 726000.0,
        "Restructuring And Mergern Acquisition": 291000.0,
        "Net Non Operating Interest Income Expense": -1444000.0,
        "Interest Expense Non Operating": 1444000.0,
        "Operating Income": -3606000.0,
        "Operating Expense": 1906000.0,
        "Other Operating Expenses": 2871000.0,
        "Depreciation And Amortization In Income Statement": 216000.0,
        "Depreciation Income Statement": 216000.0,
        "Gross Profit": -1700000.0,
        "Cost Of Revenue": 9158000.0,
        "Total Revenue": 7458000.0,
        "Operating Revenue": 7458000.0
    }
}