{
    "2023-06-30": {
        "Tax Effect Of Unusual Items": 0.0,
        "Tax Rate For Calcs": 0.186,
        "Normalized EBITDA": 86691000.0,
        "Total Unusual Items": 10000000.0,
        "Total Unusual Items Excluding Goodwill": 10000000.0,
        "Net Income From Continuing Operation Net Minority Interest": 39600000.0,
        "Reconciled Depreciation": 35812000.0,
        "Reconciled Cost Of Revenue": 1024695000.0,
        "EBIT": 50879000.0,
        "Net Interest Income": 1520000.0,
        "Interest Expense": 2205000.0,
        "Interest Income": 3725000.0,
        "Normalized Income": 39600000.0,
        "Net Income From Continuing And Discontinued Operation": 40443000.0,
        "Total Expenses": 1061348000.0,
        "Rent Expense Supplemental": 415712000.0,
        "Total Operating Income As Reported": 42116000.0,
        "Diluted Average Shares": 24672948.0,
        "Basic Average Shares": 24064882.0,
        "Diluted EPS": 1.64,
        "Basic EPS": 1.68,
        "Diluted NI Availto Com Stockholders": 40443000.0,
        "Net Income Common Stockholders": 40443000.0,
        "Net Income": 40443000.0,
        "Net Income Including Noncontrolling Interests": 40443000.0,
        "Net Income Discontinuous Operations": 843000.0,
        "Net Income Continuous Operations": 39600000.0,
        "Tax Provision": 9074000.0,
        "Pretax Income": 48674000.0,
        "Other Income Expense": 5038000.0,
        "Other Non Operating Income Expenses": 5038000.0,
        "Special Income Charges": 10000000.0,
        "Gain On Sale Of Ppe": NaN,
        "Restructuring And Mergern Acquisition": -10000000.0,
        "Net Non Operating Interest Income Expense": 1520000.0,
        "Interest Expense Non Operating": 2205000.0,
        "Interest Income Non Operating": 3725000.0,
        "Operating Income": 42116000.0,
        "Operating Expense": 1061348000.0,
        "Other Operating Expenses": 46653000.0,
        "Selling General And Administration": NaN,
        "General And Administrative Expense": NaN,
        "Other Gand A": NaN,
        "Insurance And Claims": NaN,
        "Gross Profit": 78769000.0,
        "Cost Of Revenue": 1024695000.0,
        "Total Revenue": 1103464000.0,
        "Operating Revenue": 1103464000.0
    },
    "2023-03-31": {
        "Tax Effect Of Unusual Items": 0.0,
        "Tax Rate For Calcs": 0.2,
        "Normalized EBITDA": 61262000.0,
        "Total Unusual Items": -14989000.0,
        "Total Unusual Items Excluding Goodwill": -14989000.0,
        "Net Income From Continuing Operation Net Minority Interest": 18847000.0,
        "Reconciled Depreciation": 35390000.0,
        "Reconciled Cost Of Revenue": 938830000.0,
        "EBIT": 25872000.0,
        "Net Interest Income": 606000.0,
        "Interest Expense": 2327000.0,
        "Interest Income": 2933000.0,
        "Normalized Income": 18847000.0,
        "Net Income From Continuing And Discontinued Operation": 71283000.0,
        "Total Expenses": 1084935000.0,
        "Rent Expense Supplemental": 460907000.0,
        "Total Operating Income As Reported": 21159000.0,
        "Diluted Average Shares": 25057726.0,
        "Basic Average Shares": 24288138.0,
        "Diluted EPS": 2.84,
        "Basic EPS": 2.93,
        "Diluted NI Availto Com Stockholders": 71283000.0,
        "Net Income Common Stockholders": 71283000.0,
        "Net Income": 71283000.0,
        "Net Income Including Noncontrolling Interests": 71283000.0,
        "Net Income Discontinuous Operations": 52436000.0,
        "Net Income Continuous Operations": 18847000.0,
        "Tax Provision": 4698000.0,
        "Pretax Income": 23545000.0,
        "Other Income Expense": 1780000.0,
        "Other Non Operating Income Expenses": 1780000.0,
        "Special Income Charges": -14989000.0,
        "Gain On Sale Of Ppe": 51000.0,
        "Restructuring And Mergern Acquisition": 15040000.0,
        "Net Non Operating Interest Income Expense": 606000.0,
        "Interest Expense Non Operating": 2327000.0,
        "Interest Income Non Operating": 2933000.0,
        "Operating Income": 21159000.0,
        "Operating Expense": 1084935000.0,
        "Other Operating Expenses": -3503000.0,
        "Selling General And Administration": 134619000.0,
        "General And Administrative Expense": 134619000.0,
        "Other Gand A": 121346000.0,
        "Insurance And Claims": 13273000.0,
        "Gross Profit": 167264000.0,
        "Cost Of Revenue": 938830000.0,
        "Total Revenue": 1106094000.0,
        "Operating Revenue": 1106094000.0
    },
    "2022-12-31": {
        "Tax Effect Of Unusual Items": 0.0,
        "Tax Rate For Calcs": 0.294,
        "Normalized EBITDA": 90208000.0,
        "Total Unusual Items": NaN,
        "Total Unusual Items Excluding Goodwill": NaN,
        "Net Income From Continuing Operation Net Minority Interest": 37337000.0,
        "Reconciled Depreciation": 35179000.0,
        "Reconciled Cost Of Revenue": 1132586000.0,
        "EBIT": 55029000.0,
        "Net Interest Income": 193000.0,
        "Interest Expense": 2150000.0,
        "Interest Income": 2343000.0,
        "Normalized Income": 37337000.0,
        "Net Income From Continuing And Discontinued Operation": 37337000.0,
        "Total Expenses": 1192984000.0,
        "Rent Expense Supplemental": 550314000.0,
        "Total Operating Income As Reported": 51234000.0,
        "Diluted Average Shares": 25139357.0,
        "Basic Average Shares": 24418702.0,
        "Diluted EPS": 1.48,
        "Basic EPS": 1.53,
        "Diluted NI Availto Com Stockholders": 37337000.0,
        "Net Income Common Stockholders": 37337000.0,
        "Net Income": 37337000.0,
        "Net Income Including Noncontrolling Interests": 37337000.0,
        "Net Income Discontinuous Operations": NaN,
        "Net Income Continuous Operations": 37337000.0,
        "Tax Provision": 15542000.0,
        "Pretax Income": 52879000.0,
        "Other Income Expense": 1452000.0,
        "Other Non Operating Income Expenses": 1452000.0,
        "Special Income Charges": NaN,
        "Gain On Sale Of Ppe": NaN,
        "Restructuring And Mergern Acquisition": NaN,
        "Net Non Operating Interest Income Expense": 193000.0,
        "Interest Expense Non Operating": 2150000.0,
        "Interest Income Non Operating": 2343000.0,
        "Operating Income": 51234000.0,
        "Operating Expense": 1192984000.0,
        "Other Operating Expenses": 60398000.0,
        "Selling General And Administration": NaN,
        "General And Administrative Expense": NaN,
        "Other Gand A": NaN,
        "Insurance And Claims": NaN,
        "Gross Profit": 111632000.0,
        "Cost Of Revenue": 1132586000.0,
        "Total Revenue": 1244218000.0,
        "Operating Revenue": 1244218000.0
    },
    "2022-09-30": {
        "Tax Effect Of Unusual Items": 0.0,
        "Tax Rate For Calcs": 0.227,
        "Normalized EBITDA": 151426000.0,
        "Total Unusual Items": NaN,
        "Total Unusual Items Excluding Goodwill": NaN,
        "Net Income From Continuing Operation Net Minority Interest": 88842000.0,
        "Reconciled Depreciation": 34707000.0,
        "Reconciled Cost Of Revenue": 1195996000.0,
        "EBIT": 116719000.0,
        "Net Interest Income": -602000.0,
        "Interest Expense": 1749000.0,
        "Interest Income": 1147000.0,
        "Normalized Income": 88842000.0,
        "Net Income From Continuing And Discontinued Operation": 88842000.0,
        "Total Expenses": 1236070000.0,
        "Rent Expense Supplemental": 596631000.0,
        "Total Operating Income As Reported": 115761000.0,
        "Diluted Average Shares": 25372755.0,
        "Basic Average Shares": 24605228.0,
        "Diluted EPS": 3.5,
        "Basic EPS": 3.61,
        "Diluted NI Availto Com Stockholders": 88842000.0,
        "Net Income Common Stockholders": 88842000.0,
        "Net Income": 88842000.0,
        "Net Income Including Noncontrolling Interests": 88842000.0,
        "Net Income Discontinuous Operations": NaN,
        "Net Income Continuous Operations": 88842000.0,
        "Tax Provision": 26128000.0,
        "Pretax Income": 114970000.0,
        "Other Income Expense": -189000.0,
        "Other Non Operating Income Expenses": -189000.0,
        "Special Income Charges": NaN,
        "Gain On Sale Of Ppe": NaN,
        "Restructuring And Mergern Acquisition": NaN,
        "Net Non Operating Interest Income Expense": -602000.0,
        "Interest Expense Non Operating": 1749000.0,
        "Interest Income Non Operating": 1147000.0,
        "Operating Income": 115761000.0,
        "Operating Expense": 1236070000.0,
        "Other Operating Expenses": 40074000.0,
        "Selling General And Administration": NaN,
        "General And Administrative Expense": NaN,
        "Other Gand A": NaN,
        "Insurance And Claims": NaN,
        "Gross Profit": 155835000.0,
        "Cost Of Revenue": 1195996000.0,
        "Total Revenue": 1351831000.0,
        "Operating Revenue": 1351831000.0
    },
    "2022-06-30": {
        "Tax Effect Of Unusual Items": 0.0,
        "Tax Rate For Calcs": 0.23,
        "Normalized EBITDA": 170230000.0,
        "Total Unusual Items": NaN,
        "Total Unusual Items Excluding Goodwill": NaN,
        "Net Income From Continuing Operation Net Minority Interest": 102461000.0,
        "Reconciled Depreciation": 35330000.0,
        "Reconciled Cost Of Revenue": 1214989000.0,
        "EBIT": 134900000.0,
        "Net Interest Income": -1502000.0,
        "Interest Expense": 1863000.0,
        "Interest Income": 361000.0,
        "Normalized Income": 102461000.0,
        "Net Income From Continuing And Discontinued Operation": 102461000.0,
        "Total Expenses": 1255583000.0,
        "Rent Expense Supplemental": 610877000.0,
        "Total Operating Income As Reported": 137346000.0,
        "Diluted Average Shares": 25596031.0,
        "Basic Average Shares": 24607362.0,
        "Diluted EPS": 4.0,
        "Basic EPS": 4.16,
        "Diluted NI Availto Com Stockholders": 102461000.0,
        "Net Income Common Stockholders": 102461000.0,
        "Net Income": 102461000.0,
        "Net Income Including Noncontrolling Interests": 102461000.0,
        "Net Income Discontinuous Operations": NaN,
        "Net Income Continuous Operations": 102461000.0,
        "Tax Provision": 30576000.0,
        "Pretax Income": 133037000.0,
        "Other Income Expense": -2807000.0,
        "Other Non Operating Income Expenses": -2807000.0,
        "Special Income Charges": NaN,
        "Gain On Sale Of Ppe": NaN,
        "Restructuring And Mergern Acquisition": NaN,
        "Net Non Operating Interest Income Expense": -1502000.0,
        "Interest Expense Non Operating": 1863000.0,
        "Interest Income Non Operating": 361000.0,
        "Operating Income": 137346000.0,
        "Operating Expense": 1255583000.0,
        "Other Operating Expenses": 40594000.0,
        "Selling General And Administration": NaN,
        "General And Administrative Expense": NaN,
        "Other Gand A": NaN,
        "Insurance And Claims": NaN,
        "Gross Profit": 177940000.0,
        "Cost Of Revenue": 1214989000.0,
        "Total Revenue": 1392929000.0,
        "Operating Revenue": 1392929000.0
    },
    "2022-03-31": {
        "Diluted EPS": 2.68,
        "Total Revenue": NaN,
        "Gross Profit": 93,
        "Operating Income": 93,
        "EBIT": 128,
        "Net Income": 70
    },
    "2021-12-31": {
        "Diluted EPS": 2.46,
        "Total Revenue": NaN,
        "Gross Profit": 87,
        "Operating Income": 87,
        "EBIT": 120,
        "Net Income": 65
    },
    "2021-09-30": {
        "Diluted EPS": 2.38,
        "Total Revenue": NaN,
        "Gross Profit": 88,
        "Operating Income": 88,
        "EBIT": 118,
        "Net Income": 64
    },
    "2021-06-30": {
        "Diluted EPS": 2.27,
        "Total Revenue": 949,
        "Gross Profit": 74,
        "Operating Income": 74,
        "EBIT": 105,
        "Net Income": 61
    },
    "2021-03-31": {
        "Diluted EPS": 0.87,
        "Total Revenue": 829,
        "Gross Profit": 32,
        "Operating Income": 32,
        "EBIT": 63,
        "Net Income": 23
    },
    "2020-12-31": {
        "Diluted EPS": 0.9,
        "Total Revenue": 816,
        "Gross Profit": 30,
        "Operating Income": 30,
        "EBIT": 61,
        "Net Income": 24
    },
    "2020-09-30": {
        "Diluted EPS": 1.11,
        "Total Revenue": 795,
        "Gross Profit": 40,
        "Operating Income": 40,
        "EBIT": 70,
        "Net Income": 29
    },
    "2020-06-30": {
        "Diluted EPS": 0.61,
        "Total Revenue": 627,
        "Gross Profit": 20,
        "Operating Income": 20,
        "EBIT": 50,
        "Net Income": 16
    },
    "2020-03-31": {
        "Diluted EPS": 0.07,
        "Total Revenue": 701,
        "Gross Profit": 8,
        "Operating Income": 8,
        "EBIT": 37,
        "Net Income": 2
    },
    "2019-12-31": {
        "Diluted EPS": -0.21,
        "Total Revenue": 717,
        "Gross Profit": -11,
        "Operating Income": -11,
        "EBIT": 18,
        "Net Income": -6
    },
    "2019-09-30": {
        "Diluted EPS": 0.62,
        "Total Revenue": 788,
        "Gross Profit": 31,
        "Operating Income": 31,
        "EBIT": 61,
        "Net Income": 16
    },
    "2019-06-30": {
        "Diluted EPS": 0.92,
        "Total Revenue": 771,
        "Gross Profit": 35,
        "Operating Income": 35,
        "EBIT": 63,
        "Net Income": 24
    },
    "2019-03-31": {
        "Diluted EPS": 0.18,
        "Total Revenue": 712,
        "Gross Profit": 9,
        "Operating Income": 9,
        "EBIT": 35,
        "Net Income": 5
    },
    "2018-12-31": {
        "Diluted EPS": 0.57,
        "Total Revenue": 774,
        "Gross Profit": 37,
        "Operating Income": 37,
        "EBIT": 64,
        "Net Income": 15
    },
    "2018-09-30": {
        "Diluted EPS": 1.52,
        "Total Revenue": 826,
        "Gross Profit": 56,
        "Operating Income": 56,
        "EBIT": 84,
        "Net Income": 41
    },
    "2018-06-30": {
        "Diluted EPS": 0.05,
        "Total Revenue": 793,
        "Gross Profit": 3,
        "Operating Income": 3,
        "EBIT": 30,
        "Net Income": 1
    },
    "2018-03-31": {
        "Diluted EPS": 0.37,
        "Total Revenue": 700,
        "Gross Profit": 13,
        "Operating Income": 13,
        "EBIT": 39,
        "Net Income": 10
    },
    "2017-12-31": {
        "Diluted EPS": 1.38,
        "Total Revenue": 711,
        "Gross Profit": 19,
        "Operating Income": 19,
        "EBIT": 45,
        "Net Income": 37
    },
    "2017-09-30": {
        "Diluted EPS": 0.56,
        "Total Revenue": 744,
        "Gross Profit": 27,
        "Operating Income": 27,
        "EBIT": 53,
        "Net Income": 15
    },
    "2017-06-30": {
        "Diluted EPS": 0.6,
        "Total Revenue": 720,
        "Gross Profit": 26,
        "Operating Income": 26,
        "EBIT": 51,
        "Net Income": 16
    },
    "2017-03-31": {
        "Diluted EPS": -0.29,
        "Total Revenue": 651,
        "Gross Profit": -10,
        "Operating Income": -10,
        "EBIT": 15,
        "Net Income": -7
    },
    "2016-12-31": {
        "Diluted EPS": 0.07,
        "Total Revenue": 688,
        "Gross Profit": 6,
        "Operating Income": 6,
        "EBIT": 33,
        "Net Income": 2
    },
    "2016-09-30": {
        "Diluted EPS": 0.49,
        "Total Revenue": 714,
        "Gross Profit": 20,
        "Operating Income": 20,
        "EBIT": 46,
        "Net Income": 13
    },
    "2016-06-30": {
        "Diluted EPS": 0.39,
        "Total Revenue": 677,
        "Gross Profit": 17,
        "Operating Income": 17,
        "EBIT": 42,
        "Net Income": 10
    },
    "2016-03-31": {
        "Diluted EPS": -0.24,
        "Total Revenue": 621,
        "Gross Profit": -9,
        "Operating Income": -9,
        "EBIT": 16,
        "Net Income": -6
    },
    "2015-12-31": {
        "Diluted EPS": 0.18,
        "Total Revenue": 648,
        "Gross Profit": 7,
        "Operating Income": 7,
        "EBIT": 32,
        "Net Income": 5
    },
    "2015-09-30": {
        "Diluted EPS": 0.72,
        "Total Revenue": 709,
        "Gross Profit": 33,
        "Operating Income": 33,
        "EBIT": 57,
        "Net Income": 19
    },
    "2015-06-30": {
        "Diluted EPS": 0.74,
        "Total Revenue": 696,
        "Gross Profit": 33,
        "Operating Income": 33,
        "EBIT": 56,
        "Net Income": 20
    },
    "2015-03-31": {
        "Diluted EPS": 0.03,
        "Total Revenue": 613,
        "Gross Profit": 1,
        "Operating Income": 1,
        "EBIT": 24,
        "Net Income": 1
    },
    "2014-12-31": {
        "Diluted EPS": 0.54,
        "Total Revenue": 665,
        "Gross Profit": 18,
        "Operating Income": 18,
        "EBIT": 40,
        "Net Income": 15
    },
    "2014-09-30": {
        "Diluted EPS": 0.72,
        "Total Revenue": 711,
        "Gross Profit": 33,
        "Operating Income": 33,
        "EBIT": 55,
        "Net Income": 20
    },
    "2014-06-30": {
        "Diluted EPS": 0.63,
        "Total Revenue": 659,
        "Gross Profit": 27,
        "Operating Income": 27,
        "EBIT": 48,
        "Net Income": 17
    },
    "2014-03-31": {
        "Diluted EPS": -0.2,
        "Total Revenue": 578,
        "Gross Profit": -9,
        "Operating Income": -9,
        "EBIT": 12,
        "Net Income": -5
    },
    "2013-12-31": {
        "Diluted EPS": 0.41,
        "Total Revenue": 579,
        "Gross Profit": 14,
        "Operating Income": 14,
        "EBIT": 34,
        "Net Income": 11
    },
    "2013-09-30": {
        "Diluted EPS": 0.52,
        "Total Revenue": 623,
        "Gross Profit": 21,
        "Operating Income": 21,
        "EBIT": 42,
        "Net Income": 13
    },
    "2013-06-30": {
        "Diluted EPS": 0.18,
        "Total Revenue": 577,
        "Gross Profit": 8,
        "Operating Income": 8,
        "EBIT": 31,
        "Net Income": 5
    },
    "2013-03-31": {
        "Diluted EPS": -0.52,
        "Total Revenue": 521,
        "Gross Profit": -23,
        "Operating Income": -23,
        "EBIT": 0,
        "Net Income": -13
    },
    "2012-12-31": {
        "Diluted EPS": -0.28,
        "Total Revenue": 537,
        "Gross Profit": -11,
        "Operating Income": -11,
        "EBIT": 13,
        "Net Income": -7
    },
    "2012-09-30": {
        "Diluted EPS": 0.24,
        "Total Revenue": 578,
        "Gross Profit": 12,
        "Operating Income": 12,
        "EBIT": 36,
        "Net Income": 6
    },
    "2012-06-30": {
        "Diluted EPS": 0.44,
        "Total Revenue": 511,
        "Gross Profit": 7,
        "Operating Income": 7,
        "EBIT": 28,
        "Net Income": 11
    },
    "2012-03-31": {
        "Diluted EPS": -0.71,
        "Total Revenue": 441,
        "Gross Profit": -23,
        "Operating Income": -23,
        "EBIT": -4,
        "Net Income": -18
    },
    "2011-12-31": {
        "Diluted EPS": 0.08,
        "Total Revenue": 463,
        "Gross Profit": 2,
        "Operating Income": 2,
        "EBIT": 21,
        "Net Income": 2
    },
    "2011-09-30": {
        "Diluted EPS": 0.46,
        "Total Revenue": 511,
        "Gross Profit": 21,
        "Operating Income": 21,
        "EBIT": 39,
        "Net Income": 12
    },
    "2011-06-30": {
        "Diluted EPS": 0.2,
        "Total Revenue": 499,
        "Gross Profit": 9,
        "Operating Income": 9,
        "EBIT": 27,
        "Net Income": 5
    },
    "2011-03-31": {
        "Diluted EPS": -0.51,
        "Total Revenue": 435,
        "Gross Profit": -22,
        "Operating Income": -22,
        "EBIT": -4,
        "Net Income": -13
    },
    "2010-12-31": {
        "Diluted EPS": -0.12,
        "Total Revenue": 441,
        "Gross Profit": -7,
        "Operating Income": -7,
        "EBIT": 11,
        "Net Income": -3
    },
    "2010-09-30": {
        "Diluted EPS": -0.03,
        "Total Revenue": 446,
        "Gross Profit": -2,
        "Operating Income": -2,
        "EBIT": 16,
        "Net Income": -1
    },
    "2010-06-30": {
        "Diluted EPS": -0.3,
        "Total Revenue": 411,
        "Gross Profit": -11,
        "Operating Income": -11,
        "EBIT": 7,
        "Net Income": -7
    },
    "2010-03-31": {
        "Diluted EPS": -0.85,
        "Total Revenue": 360,
        "Gross Profit": -35,
        "Operating Income": -35,
        "EBIT": -17,
        "Net Income": -21
    },
    "2009-12-31": {
        "Diluted EPS": -3.54,
        "Total Revenue": 372,
        "Gross Profit": -101,
        "Operating Income": -101,
        "EBIT": -17,
        "Net Income": -89
    },
    "2009-09-30": {
        "Diluted EPS": -0.23,
        "Total Revenue": 399,
        "Gross Profit": -12,
        "Operating Income": -12,
        "EBIT": 6,
        "Net Income": -6
    },
    "2009-06-30": {
        "Diluted EPS": -0.62,
        "Total Revenue": 363,
        "Gross Profit": -27,
        "Operating Income": -27,
        "EBIT": -9,
        "Net Income": -15
    },
    "2009-03-31": {
        "Diluted EPS": -0.73,
        "Total Revenue": 340,
        "Gross Profit": -29,
        "Operating Income": -29,
        "EBIT": -9,
        "Net Income": -18
    }
}