{
    "2023-03-31": {
        "Tax Effect Of Unusual Items": 32589600.0,
        "Tax Rate For Calcs": 0.4,
        "Normalized EBITDA": 187993000.0,
        "Total Unusual Items": 81474000.0,
        "Total Unusual Items Excluding Goodwill": 81474000.0,
        "Net Income From Continuing Operation Net Minority Interest": 90622000.0,
        "Reconciled Depreciation": 93176000.0,
        "Reconciled Cost Of Revenue": 134779000.0,
        "EBITDA": 269467000.0,
        "EBIT": 176291000.0,
        "Net Interest Income": -140445000.0,
        "Interest Expense": 115608000.0,
        "Interest Income": 2923000.0,
        "Normalized Income": 41737600.0,
        "Net Income From Continuing And Discontinued Operation": 90622000.0,
        "Total Expenses": 414400000.0,
        "Rent Expense Supplemental": 362000.0,
        "Total Operating Income As Reported": 120506000.0,
        "Diluted Average Shares": 65778000.0,
        "Basic Average Shares": 65778000.0,
        "Diluted EPS": 1.38,
        "Basic EPS": 1.38,
        "Diluted NI Availto Com Stockholders": 90622000.0,
        "Net Income Common Stockholders": 90622000.0,
        "Net Income": 90622000.0,
        "Net Income Including Noncontrolling Interests": 90622000.0,
        "Net Income Continuous Operations": 90622000.0,
        "Tax Provision": -29939000.0,
        "Pretax Income": 60683000.0,
        "Other Income Expense": 80622000.0,
        "Other Non Operating Income Expenses": NaN,
        "Special Income Charges": NaN,
        "Restructuring And Mergern Acquisition": NaN,
        "Earnings From Equity Interest": -852000.0,
        "Gain On Sale Of Security": 81474000.0,
        "Net Non Operating Interest Income Expense": -140445000.0,
        "Total Other Finance Cost": 27760000.0,
        "Interest Expense Non Operating": 115608000.0,
        "Interest Income Non Operating": 2923000.0,
        "Operating Income": 120506000.0,
        "Operating Expense": 198666000.0,
        "Other Operating Expenses": -156187000.0,
        "Other Taxes": 1608000.0,
        "Provision For Doubtful Accounts": NaN,
        "Depreciation Amortization Depletion Income Statement": 12221000.0,
        "Depreciation And Amortization In Income Statement": 12221000.0,
        "Selling General And Administration": 341024000.0,
        "Selling And Marketing Expense": 191171000.0,
        "General And Administrative Expense": 149853000.0,
        "Other Gand A": 45065000.0,
        "Rent And Landing Fees": 362000.0,
        "Salaries And Wages": 104426000.0,
        "Gross Profit": 319172000.0,
        "Cost Of Revenue": 215734000.0,
        "Total Revenue": 534906000.0,
        "Excise Taxes": 3799000.0,
        "Operating Revenue": 528607000.0
    },
    "2022-12-31": {
        "Tax Effect Of Unusual Items": 0.0,
        "Tax Rate For Calcs": 0.34,
        "Normalized EBITDA": 310138000.0,
        "Total Unusual Items": 187000.0,
        "Total Unusual Items Excluding Goodwill": 187000.0,
        "Net Income From Continuing Operation Net Minority Interest": 22635000.0,
        "Reconciled Depreciation": 81758000.0,
        "Reconciled Cost Of Revenue": 188074000.0,
        "EBITDA": 310138000.0,
        "EBIT": 228380000.0,
        "Net Interest Income": -149393000.0,
        "Interest Expense": 149393000.0,
        "Interest Income": 2682000.0,
        "Normalized Income": 22635000.0,
        "Net Income From Continuing And Discontinued Operation": 22635000.0,
        "Total Expenses": 440806000.0,
        "Rent Expense Supplemental": 325000.0,
        "Total Operating Income As Reported": 238525000.0,
        "Diluted Average Shares": 61074000.0,
        "Basic Average Shares": 55902000.0,
        "Diluted EPS": 0.4,
        "Basic EPS": 0.4,
        "Diluted NI Availto Com Stockholders": 22635000.0,
        "Net Income Common Stockholders": 22635000.0,
        "Net Income": 22635000.0,
        "Net Income Including Noncontrolling Interests": 22635000.0,
        "Net Income Continuous Operations": 22635000.0,
        "Tax Provision": 56352000.0,
        "Pretax Income": 78987000.0,
        "Other Income Expense": -10145000.0,
        "Other Non Operating Income Expenses": NaN,
        "Special Income Charges": NaN,
        "Restructuring And Mergern Acquisition": NaN,
        "Earnings From Equity Interest": -10145000.0,
        "Gain On Sale Of Security": 187000.0,
        "Net Non Operating Interest Income Expense": -149393000.0,
        "Total Other Finance Cost": 34111000.0,
        "Interest Expense Non Operating": 149393000.0,
        "Interest Income Non Operating": 2682000.0,
        "Operating Income": 238525000.0,
        "Operating Expense": 252732000.0,
        "Other Operating Expenses": -6548000.0,
        "Other Taxes": 1684000.0,
        "Provision For Doubtful Accounts": 6275000.0,
        "Depreciation Amortization Depletion Income Statement": 42295000.0,
        "Depreciation And Amortization In Income Statement": 42295000.0,
        "Selling General And Administration": 259280000.0,
        "Selling And Marketing Expense": 172673000.0,
        "General And Administrative Expense": 86607000.0,
        "Other Gand A": 86607000.0,
        "Rent And Landing Fees": 325000.0,
        "Salaries And Wages": 98743000.0,
        "Gross Profit": 491257000.0,
        "Cost Of Revenue": 188074000.0,
        "Total Revenue": 679331000.0,
        "Excise Taxes": 787000.0,
        "Operating Revenue": 679331000.0
    },
    "2022-09-30": {
        "Tax Effect Of Unusual Items": 21686589.484909,
        "Tax Rate For Calcs": 0.328073,
        "Normalized EBITDA": 2487000.0,
        "Total Unusual Items": 66103000.0,
        "Total Unusual Items Excluding Goodwill": 66103000.0,
        "Net Income From Continuing Operation Net Minority Interest": -72464000.0,
        "Reconciled Depreciation": 55617000.0,
        "Reconciled Cost Of Revenue": 47262000.0,
        "EBITDA": 68590000.0,
        "EBIT": 12973000.0,
        "Net Interest Income": -119985000.0,
        "Interest Expense": 120818000.0,
        "Interest Income": 3338000.0,
        "Normalized Income": -116880410.515091,
        "Net Income From Continuing And Discontinued Operation": -72464000.0,
        "Total Expenses": 303601000.0,
        "Rent Expense Supplemental": 1135000.0,
        "Total Operating Income As Reported": -49679000.0,
        "Diluted Average Shares": 55807000.0,
        "Basic Average Shares": 55807000.0,
        "Diluted EPS": -1.3,
        "Basic EPS": -1.3,
        "Diluted NI Availto Com Stockholders": -72464000.0,
        "Net Income Common Stockholders": -72464000.0,
        "Net Income": -72464000.0,
        "Net Income Including Noncontrolling Interests": -72464000.0,
        "Net Income Continuous Operations": -72464000.0,
        "Tax Provision": -35381000.0,
        "Pretax Income": -107845000.0,
        "Other Income Expense": 61819000.0,
        "Other Non Operating Income Expenses": NaN,
        "Special Income Charges": NaN,
        "Restructuring And Mergern Acquisition": NaN,
        "Earnings From Equity Interest": -4284000.0,
        "Gain On Sale Of Security": 66103000.0,
        "Net Non Operating Interest Income Expense": -119985000.0,
        "Total Other Finance Cost": 2505000.0,
        "Interest Expense Non Operating": 120818000.0,
        "Interest Income Non Operating": 3338000.0,
        "Operating Income": -49679000.0,
        "Operating Expense": 240781000.0,
        "Other Operating Expenses": 1714000.0,
        "Other Taxes": 2138000.0,
        "Provision For Doubtful Accounts": -1919000.0,
        "Depreciation Amortization Depletion Income Statement": 40059000.0,
        "Depreciation And Amortization In Income Statement": 40059000.0,
        "Selling General And Administration": 198789000.0,
        "Selling And Marketing Expense": 69676000.0,
        "General And Administrative Expense": 129113000.0,
        "Other Gand A": 22700000.0,
        "Rent And Landing Fees": 1135000.0,
        "Salaries And Wages": 105278000.0,
        "Gross Profit": 191102000.0,
        "Cost Of Revenue": 62820000.0,
        "Total Revenue": 253922000.0,
        "Excise Taxes": 642000.0,
        "Operating Revenue": 239087000.0
    },
    "2022-06-30": {
        "Tax Effect Of Unusual Items": 0.0,
        "Tax Rate For Calcs": 0.4,
        "Normalized EBITDA": 300673000.0,
        "Total Unusual Items": NaN,
        "Total Unusual Items Excluding Goodwill": NaN,
        "Net Income From Continuing Operation Net Minority Interest": -13341000.0,
        "Reconciled Depreciation": 74302000.0,
        "Reconciled Cost Of Revenue": 133054000.0,
        "EBITDA": 300673000.0,
        "EBIT": 226371000.0,
        "Net Interest Income": -24103000.0,
        "Interest Expense": 238485000.0,
        "Interest Income": 214382000.0,
        "Normalized Income": -13341000.0,
        "Net Income From Continuing And Discontinued Operation": -13341000.0,
        "Total Expenses": 385854000.0,
        "Rent Expense Supplemental": NaN,
        "Total Operating Income As Reported": 26283000.0,
        "Diluted Average Shares": 55917000.0,
        "Basic Average Shares": 55917000.0,
        "Diluted EPS": -0.24,
        "Basic EPS": -0.24,
        "Diluted NI Availto Com Stockholders": -13341000.0,
        "Net Income Common Stockholders": -13341000.0,
        "Net Income": -13341000.0,
        "Net Income Including Noncontrolling Interests": -13341000.0,
        "Net Income Continuous Operations": -13341000.0,
        "Tax Provision": 1227000.0,
        "Pretax Income": -12114000.0,
        "Other Income Expense": -14294000.0,
        "Other Non Operating Income Expenses": NaN,
        "Special Income Charges": NaN,
        "Restructuring And Mergern Acquisition": NaN,
        "Earnings From Equity Interest": -14294000.0,
        "Gain On Sale Of Security": NaN,
        "Net Non Operating Interest Income Expense": -24103000.0,
        "Total Other Finance Cost": NaN,
        "Interest Expense Non Operating": 238485000.0,
        "Interest Income Non Operating": 214382000.0,
        "Operating Income": 26283000.0,
        "Operating Expense": 252800000.0,
        "Other Operating Expenses": -1676000.0,
        "Other Taxes": NaN,
        "Provision For Doubtful Accounts": NaN,
        "Depreciation Amortization Depletion Income Statement": NaN,
        "Depreciation And Amortization In Income Statement": NaN,
        "Selling General And Administration": 254476000.0,
        "Selling And Marketing Expense": 174439000.0,
        "General And Administrative Expense": 80037000.0,
        "Other Gand A": 80037000.0,
        "Rent And Landing Fees": NaN,
        "Salaries And Wages": NaN,
        "Gross Profit": 279083000.0,
        "Cost Of Revenue": 133054000.0,
        "Total Revenue": 412137000.0,
        "Excise Taxes": NaN,
        "Operating Revenue": 412137000.0
    },
    "2022-03-31": {
        "Diluted EPS": 0.35,
        "Total Revenue": 82,
        "Gross Profit": 60,
        "Operating Income": 15,
        "EBIT": 28,
        "Net Income": 20
    },
    "2021-12-31": {
        "Diluted EPS": -0.08,
        "Total Revenue": 84,
        "Gross Profit": 67,
        "Operating Income": 29,
        "EBIT": 39,
        "Net Income": 0
    },
    "2021-09-30": {
        "Diluted EPS": -0.48,
        "Total Revenue": 35,
        "Gross Profit": 27,
        "Operating Income": -16,
        "EBIT": -8,
        "Net Income": -28
    },
    "2021-06-30": {
        "Diluted EPS": -0.07,
        "Total Revenue": 48,
        "Gross Profit": 36,
        "Operating Income": 2,
        "EBIT": 10,
        "Net Income": -4
    },
    "2021-03-31": {
        "Diluted EPS": 0.04,
        "Total Revenue": 61,
        "Gross Profit": 45,
        "Operating Income": 10,
        "EBIT": 18,
        "Net Income": 2
    },
    "2020-12-31": {
        "Diluted EPS": 0.08,
        "Total Revenue": 53,
        "Gross Profit": 41,
        "Operating Income": 10,
        "EBIT": 18,
        "Net Income": 4
    },
    "2020-09-30": {
        "Diluted EPS": -0.09,
        "Total Revenue": 39,
        "Gross Profit": 31,
        "Operating Income": -1,
        "EBIT": 5,
        "Net Income": -5
    },
    "2020-06-30": {
        "Diluted EPS": 0.06,
        "Total Revenue": 44,
        "Gross Profit": 36,
        "Operating Income": 8,
        "EBIT": 13,
        "Net Income": 3
    },
    "2020-03-31": {
        "Diluted EPS": 0.02,
        "Total Revenue": 59,
        "Gross Profit": 44,
        "Operating Income": 9,
        "EBIT": 16,
        "Net Income": 1
    },
    "2019-12-31": {
        "Diluted EPS": 0.2,
        "Total Revenue": 61,
        "Gross Profit": 47,
        "Operating Income": 12,
        "EBIT": 18,
        "Net Income": 10
    },
    "2019-09-30": {
        "Diluted EPS": -0.53,
        "Total Revenue": 18,
        "Gross Profit": 14,
        "Operating Income": -15,
        "EBIT": -13,
        "Net Income": -27
    },
    "2019-06-30": {
        "Diluted EPS": 0.13,
        "Total Revenue": 35,
        "Gross Profit": 29,
        "Operating Income": 7,
        "EBIT": 9,
        "Net Income": 7
    },
    "2019-03-31": {
        "Diluted EPS": 0.16,
        "Total Revenue": 31,
        "Gross Profit": 25,
        "Operating Income": 11,
        "EBIT": 13,
        "Net Income": 8
    },
    "2018-12-31": {
        "Diluted EPS": -0.4,
        "Total Revenue": 32,
        "Gross Profit": 32,
        "Operating Income": 32,
        "EBIT": 32,
        "Net Income": -20
    },
    "2018-09-30": {
        "Diluted EPS": -0.3,
        "Total Revenue": 16,
        "Gross Profit": 16,
        "Operating Income": 16,
        "EBIT": 16,
        "Net Income": -15
    },
    "2023-06-30": {
        "Tax Effect Of Unusual Items": 18521784.0,
        "Tax Rate For Calcs": 0.324,
        "Normalized EBITDA": 23286000.0,
        "Total Unusual Items": 57166000.0,
        "Total Unusual Items Excluding Goodwill": 57166000.0,
        "Net Income From Continuing Operation Net Minority Interest": -74036000.0,
        "Reconciled Depreciation": 80779000.0,
        "Reconciled Cost Of Revenue": 140568000.0,
        "EBITDA": 80452000.0,
        "EBIT": -327000.0,
        "Net Interest Income": -120143000.0,
        "Interest Expense": 109271000.0,
        "Interest Income": 9917000.0,
        "Normalized Income": -112680216.0,
        "Net Income From Continuing And Discontinued Operation": -74036000.0,
        "Total Expenses": 514334000.0,
        "Rent Expense Supplemental": 380000.0,
        "Total Operating Income As Reported": -39606000.0,
        "Diluted Average Shares": 71888000.0,
        "Basic Average Shares": 66242000.0,
        "Diluted EPS": -1.19,
        "Basic EPS": -1.12,
        "Diluted NI Availto Com Stockholders": -74036000.0,
        "Net Income Common Stockholders": -74036000.0,
        "Net Income": -74036000.0,
        "Net Income Including Noncontrolling Interests": -74036000.0,
        "Net Income Continuous Operations": -74036000.0,
        "Tax Provision": -35562000.0,
        "Pretax Income": -109598000.0,
        "Other Income Expense": 53917000.0,
        "Other Non Operating Income Expenses": -2658000.0,
        "Special Income Charges": 13863000.0,
        "Restructuring And Mergern Acquisition": -13863000.0,
        "Earnings From Equity Interest": -591000.0,
        "Gain On Sale Of Security": 43303000.0,
        "Net Non Operating Interest Income Expense": -120143000.0,
        "Total Other Finance Cost": 20789000.0,
        "Interest Expense Non Operating": 109271000.0,
        "Interest Income Non Operating": 9917000.0,
        "Operating Income": -43372000.0,
        "Operating Expense": 335361000.0,
        "Other Operating Expenses": -3766000.0,
        "Other Taxes": 945000.0,
        "Provision For Doubtful Accounts": 2109000.0,
        "Depreciation Amortization Depletion Income Statement": 42374000.0,
        "Depreciation And Amortization In Income Statement": 42374000.0,
        "Selling General And Administration": 289933000.0,
        "Selling And Marketing Expense": 103449000.0,
        "General And Administrative Expense": 186484000.0,
        "Other Gand A": 47449000.0,
        "Rent And Landing Fees": 380000.0,
        "Salaries And Wages": 138655000.0,
        "Gross Profit": 291989000.0,
        "Cost Of Revenue": 178973000.0,
        "Total Revenue": 470962000.0,
        "Excise Taxes": 2968000.0,
        "Operating Revenue": 470309000.0
    }
}