{
    "2023-06-30": {
        "Tax Effect Of Unusual Items": -410267.0,
        "Tax Rate For Calcs": 0.143,
        "Normalized EBITDA": 132756000.0,
        "Total Unusual Items": -2869000.0,
        "Total Unusual Items Excluding Goodwill": -2869000.0,
        "Net Income From Continuing Operation Net Minority Interest": 77353000.0,
        "Reconciled Depreciation": 36077000.0,
        "Reconciled Cost Of Revenue": 642204000.0,
        "EBITDA": 129887000.0,
        "EBIT": 93810000.0,
        "Net Interest Income": 664000.0,
        "Interest Expense": 3537000.0,
        "Interest Income": 4201000.0,
        "Normalized Income": 79811733.0,
        "Net Income From Continuing And Discontinued Operation": 77353000.0,
        "Total Expenses": 665409000.0,
        "Total Operating Income As Reported": 89016000.0,
        "Diluted Average Shares": 19135000.0,
        "Basic Average Shares": 18406000.0,
        "Diluted EPS": 4.04,
        "Basic EPS": 4.2,
        "Diluted NI Availto Com Stockholders": 77353000.0,
        "Average Dilution Earnings": NaN,
        "Net Income Common Stockholders": 77353000.0,
        "Net Income": 77353000.0,
        "Net Income Including Noncontrolling Interests": 77353000.0,
        "Net Income Continuous Operations": 77353000.0,
        "Tax Provision": 12920000.0,
        "Pretax Income": 90273000.0,
        "Other Income Expense": -2276000.0,
        "Other Non Operating Income Expenses": 593000.0,
        "Special Income Charges": 0.0,
        "Other Special Charges": NaN,
        "Gain On Sale Of Security": -2869000.0,
        "Net Non Operating Interest Income Expense": 664000.0,
        "Interest Expense Non Operating": 3537000.0,
        "Interest Income Non Operating": 4201000.0,
        "Operating Income": 91885000.0,
        "Operating Expense": 23205000.0,
        "Other Operating Expenses": 414000.0,
        "Depreciation Amortization Depletion Income Statement": NaN,
        "Selling General And Administration": 22791000.0,
        "General And Administrative Expense": NaN,
        "Other Gand A": NaN,
        "Salaries And Wages": NaN,
        "Gross Profit": 115090000.0,
        "Cost Of Revenue": 642204000.0,
        "Total Revenue": 757294000.0,
        "Operating Revenue": 757294000.0
    },
    "2023-03-31": {
        "Tax Effect Of Unusual Items": -177760.250971,
        "Tax Rate For Calcs": 0.157869,
        "Normalized EBITDA": 275977000.0,
        "Total Unusual Items": -1126000.0,
        "Total Unusual Items Excluding Goodwill": -1126000.0,
        "Net Income From Continuing Operation Net Minority Interest": 198108000.0,
        "Reconciled Depreciation": 35479000.0,
        "Reconciled Cost Of Revenue": 571737000.0,
        "EBITDA": 274851000.0,
        "EBIT": 239372000.0,
        "Net Interest Income": -790000.0,
        "Interest Expense": 4126000.0,
        "Interest Income": 3336000.0,
        "Normalized Income": 199056239.749029,
        "Net Income From Continuing And Discontinued Operation": 198108000.0,
        "Total Expenses": 632769000.0,
        "Total Operating Income As Reported": 236570000.0,
        "Diluted Average Shares": 19784000.0,
        "Basic Average Shares": 17924000.0,
        "Diluted EPS": 10.02,
        "Basic EPS": 11.05,
        "Diluted NI Availto Com Stockholders": 198216000.0,
        "Average Dilution Earnings": 108000.0,
        "Net Income Common Stockholders": 198108000.0,
        "Net Income": 198108000.0,
        "Net Income Including Noncontrolling Interests": 198108000.0,
        "Net Income Continuous Operations": 198108000.0,
        "Tax Provision": 37138000.0,
        "Pretax Income": 235246000.0,
        "Other Income Expense": -1126000.0,
        "Other Non Operating Income Expenses": 592000.0,
        "Special Income Charges": -1126000.0,
        "Other Special Charges": 1126000.0,
        "Gain On Sale Of Security": 1462000.0,
        "Net Non Operating Interest Income Expense": -790000.0,
        "Interest Expense Non Operating": 4126000.0,
        "Interest Income Non Operating": 3336000.0,
        "Operating Income": 237162000.0,
        "Operating Expense": 61032000.0,
        "Other Operating Expenses": 123000.0,
        "Depreciation Amortization Depletion Income Statement": 35479000.0,
        "Selling General And Administration": 25430000.0,
        "General And Administrative Expense": 25430000.0,
        "Other Gand A": 26022000.0,
        "Salaries And Wages": -592000.0,
        "Gross Profit": 298194000.0,
        "Cost Of Revenue": 571737000.0,
        "Total Revenue": 869931000.0,
        "Operating Revenue": 869931000.0
    },
    "2022-12-31": {
        "Tax Effect Of Unusual Items": NaN,
        "Tax Rate For Calcs": NaN,
        "Normalized EBITDA": NaN,
        "Total Unusual Items": NaN,
        "Total Unusual Items Excluding Goodwill": NaN,
        "Net Income From Continuing Operation Net Minority Interest": NaN,
        "Reconciled Depreciation": NaN,
        "Reconciled Cost Of Revenue": NaN,
        "EBITDA": NaN,
        "EBIT": NaN,
        "Net Interest Income": NaN,
        "Interest Expense": NaN,
        "Interest Income": NaN,
        "Normalized Income": NaN,
        "Net Income From Continuing And Discontinued Operation": NaN,
        "Total Expenses": NaN,
        "Total Operating Income As Reported": NaN,
        "Diluted Average Shares": NaN,
        "Basic Average Shares": NaN,
        "Diluted EPS": NaN,
        "Basic EPS": NaN,
        "Diluted NI Availto Com Stockholders": NaN,
        "Average Dilution Earnings": NaN,
        "Net Income Common Stockholders": NaN,
        "Net Income": NaN,
        "Net Income Including Noncontrolling Interests": NaN,
        "Net Income Continuous Operations": NaN,
        "Tax Provision": NaN,
        "Pretax Income": NaN,
        "Other Income Expense": 2941000.0,
        "Other Non Operating Income Expenses": -652000.0,
        "Special Income Charges": NaN,
        "Other Special Charges": 277000.0,
        "Gain On Sale Of Security": 3870000.0,
        "Net Non Operating Interest Income Expense": NaN,
        "Interest Expense Non Operating": NaN,
        "Interest Income Non Operating": NaN,
        "Operating Income": NaN,
        "Operating Expense": NaN,
        "Other Operating Expenses": NaN,
        "Depreciation Amortization Depletion Income Statement": 34352000.0,
        "Selling General And Administration": NaN,
        "General And Administrative Expense": NaN,
        "Other Gand A": NaN,
        "Salaries And Wages": NaN,
        "Gross Profit": NaN,
        "Cost Of Revenue": NaN,
        "Total Revenue": NaN,
        "Operating Revenue": NaN
    },
    "2022-09-30": {
        "Tax Effect Of Unusual Items": NaN,
        "Tax Rate For Calcs": NaN,
        "Normalized EBITDA": NaN,
        "Total Unusual Items": NaN,
        "Total Unusual Items Excluding Goodwill": NaN,
        "Net Income From Continuing Operation Net Minority Interest": NaN,
        "Reconciled Depreciation": NaN,
        "Reconciled Cost Of Revenue": NaN,
        "EBITDA": NaN,
        "EBIT": NaN,
        "Net Interest Income": NaN,
        "Interest Expense": NaN,
        "Interest Income": NaN,
        "Normalized Income": NaN,
        "Net Income From Continuing And Discontinued Operation": NaN,
        "Total Expenses": NaN,
        "Total Operating Income As Reported": NaN,
        "Diluted Average Shares": NaN,
        "Basic Average Shares": NaN,
        "Diluted EPS": NaN,
        "Basic EPS": NaN,
        "Diluted NI Availto Com Stockholders": NaN,
        "Average Dilution Earnings": NaN,
        "Net Income Common Stockholders": NaN,
        "Net Income": NaN,
        "Net Income Including Noncontrolling Interests": NaN,
        "Net Income Continuous Operations": NaN,
        "Tax Provision": NaN,
        "Pretax Income": NaN,
        "Other Income Expense": NaN,
        "Other Non Operating Income Expenses": -857000.0,
        "Special Income Charges": NaN,
        "Other Special Charges": 394000.0,
        "Gain On Sale Of Security": NaN,
        "Net Non Operating Interest Income Expense": NaN,
        "Interest Expense Non Operating": NaN,
        "Interest Income Non Operating": NaN,
        "Operating Income": NaN,
        "Operating Expense": NaN,
        "Other Operating Expenses": NaN,
        "Depreciation Amortization Depletion Income Statement": 33958000.0,
        "Selling General And Administration": NaN,
        "General And Administrative Expense": 26964000.0,
        "Other Gand A": 26107000.0,
        "Salaries And Wages": 857000.0,
        "Gross Profit": NaN,
        "Cost Of Revenue": NaN,
        "Total Revenue": NaN,
        "Operating Revenue": NaN
    },
    "2022-06-30": {
        "Tax Effect Of Unusual Items": -13985.663838,
        "Tax Rate For Calcs": 0.001216,
        "Normalized EBITDA": 457483000.0,
        "Total Unusual Items": -11506000.0,
        "Total Unusual Items Excluding Goodwill": -11506000.0,
        "Net Income From Continuing Operation Net Minority Interest": 407563000.0,
        "Reconciled Depreciation": 32780000.0,
        "Reconciled Cost Of Revenue": 639760000.0,
        "EBITDA": 445977000.0,
        "EBIT": 413197000.0,
        "Net Interest Income": -4610000.0,
        "Interest Expense": 5138000.0,
        "Interest Income": 528000.0,
        "Normalized Income": 419055014.336162,
        "Net Income From Continuing And Discontinued Operation": 407563000.0,
        "Total Expenses": 708724000.0,
        "Total Operating Income As Reported": 422757000.0,
        "Diluted Average Shares": 21452000.0,
        "Basic Average Shares": 16801000.0,
        "Diluted EPS": 19.3,
        "Basic EPS": 24.26,
        "Diluted NI Availto Com Stockholders": 407563000.0,
        "Average Dilution Earnings": NaN,
        "Net Income Common Stockholders": 407563000.0,
        "Net Income": 407563000.0,
        "Net Income Including Noncontrolling Interests": 407563000.0,
        "Net Income Continuous Operations": 407563000.0,
        "Tax Provision": 496000.0,
        "Pretax Income": 408059000.0,
        "Other Income Expense": -11965000.0,
        "Other Non Operating Income Expenses": -459000.0,
        "Special Income Charges": -9629000.0,
        "Gain On Sale Of Business": NaN,
        "Other Special Charges": 9629000.0,
        "Gain On Sale Of Security": -1877000.0,
        "Net Non Operating Interest Income Expense": -4610000.0,
        "Interest Expense Non Operating": 5138000.0,
        "Interest Income Non Operating": 528000.0,
        "Operating Income": 424634000.0,
        "Operating Expense": 68964000.0,
        "Other Operating Expenses": 9668000.0,
        "Depreciation Amortization Depletion Income Statement": 32780000.0,
        "Selling General And Administration": 26516000.0,
        "General And Administrative Expense": NaN,
        "Other Gand A": NaN,
        "Salaries And Wages": NaN,
        "Gross Profit": 493598000.0,
        "Cost Of Revenue": 639760000.0,
        "Total Revenue": 1133358000.0,
        "Operating Revenue": 1133358000.0
    },
    "2022-03-31": {
        "Diluted EPS": 12.89,
        "Total Revenue": 868,
        "Gross Profit": 360,
        "Operating Income": 284,
        "EBIT": 322,
        "Net Income": 272
    },
    "2021-12-31": {
        "Diluted EPS": 13.02,
        "Total Revenue": 806,
        "Gross Profit": 315,
        "Operating Income": 239,
        "EBIT": 282,
        "Net Income": 227
    },
    "2021-09-30": {
        "Diluted EPS": 4.92,
        "Total Revenue": 594,
        "Gross Profit": 171,
        "Operating Income": 95,
        "EBIT": 133,
        "Net Income": 89
    },
    "2021-06-30": {
        "Diluted EPS": 1.66,
        "Total Revenue": 450,
        "Gross Profit": 95,
        "Operating Income": 33,
        "EBIT": 68,
        "Net Income": 28
    },
    "2021-03-31": {
        "Diluted EPS": -0.4,
        "Total Revenue": 358,
        "Gross Profit": 48,
        "Operating Income": 0,
        "EBIT": 32,
        "Net Income": -6
    },
    "2020-12-31": {
        "Diluted EPS": -5.17,
        "Total Revenue": 361,
        "Gross Profit": 19,
        "Operating Income": -73,
        "EBIT": -38,
        "Net Income": -79
    },
    "2020-09-30": {
        "Diluted EPS": -12.64,
        "Total Revenue": 382,
        "Gross Profit": 37,
        "Operating Income": -188,
        "EBIT": -149,
        "Net Income": -191
    },
    "2020-06-30": {
        "Diluted EPS": -3.26,
        "Total Revenue": 320,
        "Gross Profit": 3,
        "Operating Income": -45,
        "EBIT": -9,
        "Net Income": -49
    },
    "2020-03-31": {
        "Diluted EPS": -1.67,
        "Total Revenue": 405,
        "Gross Profit": 30,
        "Operating Income": -24,
        "EBIT": 13,
        "Net Income": -25
    },
    "2019-12-31": {
        "Diluted EPS": -0.26,
        "Total Revenue": 549,
        "Gross Profit": 57,
        "Operating Income": -7,
        "EBIT": 29,
        "Net Income": -9
    },
    "2019-09-30": {
        "Diluted EPS": 6.34,
        "Total Revenue": 619,
        "Gross Profit": 128,
        "Operating Income": 106,
        "EBIT": 143,
        "Net Income": 107
    },
    "2019-06-30": {
        "Diluted EPS": 3.53,
        "Total Revenue": 570,
        "Gross Profit": 119,
        "Operating Income": 67,
        "EBIT": 99,
        "Net Income": 63
    },
    "2019-03-31": {
        "Diluted EPS": 3.91,
        "Total Revenue": 555,
        "Gross Profit": 117,
        "Operating Income": 77,
        "EBIT": 108,
        "Net Income": 73
    },
    "2018-12-31": {
        "Diluted EPS": 4.25,
        "Total Revenue": 651,
        "Gross Profit": 137,
        "Operating Income": 86,
        "EBIT": 123,
        "Net Income": 86
    },
    "2018-09-30": {
        "Diluted EPS": 6.1,
        "Total Revenue": 633,
        "Gross Profit": 151,
        "Operating Income": 83,
        "EBIT": 126,
        "Net Income": 123
    },
    "2018-06-30": {
        "Diluted EPS": 2.06,
        "Total Revenue": 592,
        "Gross Profit": 118,
        "Operating Income": 45,
        "EBIT": 86,
        "Net Income": 43
    },
    "2018-03-31": {
        "Diluted EPS": 2.74,
        "Total Revenue": 575,
        "Gross Profit": 121,
        "Operating Income": 65,
        "EBIT": 106,
        "Net Income": 60
    },
    "2017-12-31": {
        "Diluted EPS": 3.5,
        "Total Revenue": 560,
        "Gross Profit": 110,
        "Operating Income": 51,
        "EBIT": 99,
        "Net Income": 81
    },
    "2017-09-30": {
        "Diluted EPS": 2.83,
        "Total Revenue": 614,
        "Gross Profit": 119,
        "Operating Income": 73,
        "EBIT": 128,
        "Net Income": 68
    },
    "2017-06-30": {
        "Diluted EPS": 1.48,
        "Total Revenue": 550,
        "Gross Profit": 115,
        "Operating Income": 43,
        "EBIT": 97,
        "Net Income": 37
    },
    "2017-03-31": {
        "Diluted EPS": 2.03,
        "Total Revenue": 601,
        "Gross Profit": 141,
        "Operating Income": 67,
        "EBIT": 122,
        "Net Income": 52
    },
    "2016-12-31": {
        "Diluted EPS": 70.46,
        "Total Revenue": 576,
        "Gross Profit": 108,
        "Operating Income": 48,
        "EBIT": 89,
        "Net Income": NaN
    },
    "2016-09-30": {
        "Diluted EPS": -2.41,
        "Total Revenue": 550,
        "Gross Profit": 108,
        "Operating Income": 12,
        "EBIT": 94,
        "Net Income": -51
    },
    "2016-06-30": {
        "Diluted EPS": -8.26,
        "Total Revenue": 420,
        "Gross Profit": 9,
        "Operating Income": -111,
        "EBIT": -40,
        "Net Income": -176
    },
    "2016-03-31": {
        "Diluted EPS": -9.71,
        "Total Revenue": 428,
        "Gross Profit": 17,
        "Operating Income": -158,
        "EBIT": -84,
        "Net Income": -207
    },
    "2015-12-31": {
        "Diluted EPS": -29.73,
        "Total Revenue": 563,
        "Gross Profit": 59,
        "Operating Income": -539,
        "EBIT": -428,
        "Net Income": -632
    },
    "2015-09-30": {
        "Diluted EPS": -93.91,
        "Total Revenue": 689,
        "Gross Profit": 148,
        "Operating Income": NaN,
        "EBIT": NaN,
        "Net Income": NaN
    },
    "2015-06-30": {
        "Diluted EPS": -7.9,
        "Total Revenue": 644,
        "Gross Profit": 78,
        "Operating Income": -70,
        "EBIT": 33,
        "Net Income": -168
    },
    "2015-03-31": {
        "Diluted EPS": -5.32,
        "Total Revenue": 677,
        "Gross Profit": 115,
        "Operating Income": -20,
        "EBIT": 88,
        "Net Income": -113
    },
    "2014-12-31": {
        "Diluted EPS": -20.68,
        "Total Revenue": 745,
        "Gross Profit": 167,
        "Operating Income": -5,
        "EBIT": 136,
        "Net Income": -240
    },
    "2014-09-30": {
        "Diluted EPS": -4.58,
        "Total Revenue": 742,
        "Gross Profit": 95,
        "Operating Income": -35,
        "EBIT": 71,
        "Net Income": -97
    },
    "2014-06-30": {
        "Diluted EPS": -0.46,
        "Total Revenue": 714,
        "Gross Profit": 92,
        "Operating Income": -36,
        "EBIT": 68,
        "Net Income": -97
    },
    "2014-03-31": {
        "Diluted EPS": -0.59,
        "Total Revenue": 736,
        "Gross Profit": 50,
        "Operating Income": -73,
        "EBIT": 31,
        "Net Income": -124
    },
    "2013-12-31": {
        "Diluted EPS": -28.98,
        "Total Revenue": 719,
        "Gross Profit": 51,
        "Operating Income": -341,
        "EBIT": -241,
        "Net Income": -371
    },
    "2013-09-30": {
        "Diluted EPS": -0.61,
        "Total Revenue": 791,
        "Gross Profit": 103,
        "Operating Income": -235,
        "EBIT": -116,
        "Net Income": -128
    },
    "2013-06-30": {
        "Diluted EPS": -0.34,
        "Total Revenue": 766,
        "Gross Profit": 110,
        "Operating Income": -36,
        "EBIT": 86,
        "Net Income": -72
    },
    "2013-03-31": {
        "Diluted EPS": -0.33,
        "Total Revenue": 737,
        "Gross Profit": 88,
        "Operating Income": -51,
        "EBIT": 71,
        "Net Income": -70
    },
    "2012-12-31": {
        "Diluted EPS": -1.42,
        "Total Revenue": 788,
        "Gross Profit": 91,
        "Operating Income": -333,
        "EBIT": -204,
        "Net Income": -295
    },
    "2012-09-30": {
        "Diluted EPS": 0.22,
        "Total Revenue": 975,
        "Gross Profit": 167,
        "Operating Income": 119,
        "EBIT": -255,
        "Net Income": 46
    },
    "2012-06-30": {
        "Diluted EPS": -2.05,
        "Total Revenue": 966,
        "Gross Profit": 166,
        "Operating Income": -597,
        "EBIT": 38,
        "Net Income": -435
    },
    "2012-03-31": {
        "Diluted EPS": 0.01,
        "Total Revenue": NaN,
        "Gross Profit": 189,
        "Operating Income": 54,
        "EBIT": 184,
        "Net Income": 1
    },
    "2011-12-31": {
        "Diluted EPS": 0.32,
        "Total Revenue": 826,
        "Gross Profit": 168,
        "Operating Income": 69,
        "EBIT": 203,
        "Net Income": 71
    },
    "2011-09-30": {
        "Diluted EPS": 0.04,
        "Total Revenue": NaN,
        "Gross Profit": 246,
        "Operating Income": 76,
        "EBIT": 208,
        "Net Income": 9
    },
    "2011-06-30": {
        "Diluted EPS": 0.04,
        "Total Revenue": 986,
        "Gross Profit": 270,
        "Operating Income": 95,
        "EBIT": 197,
        "Net Income": 6
    },
    "2011-03-31": {
        "Diluted EPS": 0.34,
        "Total Revenue": 873,
        "Gross Profit": 219,
        "Operating Income": 102,
        "EBIT": 194,
        "Net Income": 56
    },
    "2010-12-31": {
        "Diluted EPS": 0.28,
        "Total Revenue": 835,
        "Gross Profit": 213,
        "Operating Income": 87,
        "EBIT": 196,
        "Net Income": 48
    },
    "2010-09-30": {
        "Diluted EPS": 0.29,
        "Total Revenue": 875,
        "Gross Profit": 223,
        "Operating Income": 98,
        "EBIT": 203,
        "Net Income": 47
    },
    "2010-06-30": {
        "Diluted EPS": 0.41,
        "Total Revenue": 764,
        "Gross Profit": 193,
        "Operating Income": 106,
        "EBIT": 202,
        "Net Income": 66
    },
    "2010-03-31": {
        "Diluted EPS": -0.01,
        "Total Revenue": 712,
        "Gross Profit": 161,
        "Operating Income": 32,
        "EBIT": 134,
        "Net Income": -2
    },
    "2009-12-31": {
        "Diluted EPS": 0.02,
        "Total Revenue": 725,
        "Gross Profit": 159,
        "Operating Income": 29,
        "EBIT": 139,
        "Net Income": 2
    },
    "2009-09-30": {
        "Diluted EPS": 0.16,
        "Total Revenue": 615,
        "Gross Profit": 126,
        "Operating Income": 48,
        "EBIT": 125,
        "Net Income": 25
    },
    "2009-06-30": {
        "Diluted EPS": -0.11,
        "Total Revenue": 555,
        "Gross Profit": 87,
        "Operating Income": 7,
        "EBIT": 76,
        "Net Income": -15
    },
    "2009-03-31": {
        "Diluted EPS": 0.21,
        "Total Revenue": 681,
        "Gross Profit": 134,
        "Operating Income": 39,
        "EBIT": 112,
        "Net Income": 31
    },
    "2023-09-30": {
        "Tax Effect Of Unusual Items": 8556.0,
        "Tax Rate For Calcs": 0.186,
        "Normalized EBITDA": 130263000.0,
        "Total Unusual Items": 46000.0,
        "Total Unusual Items Excluding Goodwill": 46000.0,
        "Net Income From Continuing Operation Net Minority Interest": 73691000.0,
        "Reconciled Depreciation": 36717000.0,
        "Reconciled Cost Of Revenue": 633606000.0,
        "EBITDA": 130309000.0,
        "EBIT": 93592000.0,
        "Net Interest Income": 1683000.0,
        "Interest Expense": 3120000.0,
        "Interest Income": 4803000.0,
        "Normalized Income": 73653556.0,
        "Net Income From Continuing And Discontinued Operation": 73691000.0,
        "Total Expenses": 655858000.0,
        "Total Operating Income As Reported": 84282000.0,
        "Diluted Average Shares": 18840000.0,
        "Basic Average Shares": 18187000.0,
        "Diluted EPS": 3.91,
        "Basic EPS": 4.05,
        "Diluted NI Availto Com Stockholders": 73691000.0,
        "Average Dilution Earnings": NaN,
        "Net Income Common Stockholders": 73691000.0,
        "Net Income": 73691000.0,
        "Net Income Including Noncontrolling Interests": 73691000.0,
        "Net Income Continuous Operations": 73691000.0,
        "Tax Provision": 16781000.0,
        "Pretax Income": 90472000.0,
        "Other Income Expense": 46000.0,
        "Other Non Operating Income Expenses": NaN,
        "Special Income Charges": 0.0,
        "Other Special Charges": NaN,
        "Gain On Sale Of Security": 46000.0,
        "Net Non Operating Interest Income Expense": 1683000.0,
        "Interest Expense Non Operating": 3120000.0,
        "Interest Income Non Operating": 4803000.0,
        "Operating Income": 88743000.0,
        "Operating Expense": 22252000.0,
        "Other Operating Expenses": 2480000.0,
        "Depreciation Amortization Depletion Income Statement": NaN,
        "Selling General And Administration": 19772000.0,
        "General And Administrative Expense": 19772000.0,
        "Other Gand A": 24279000.0,
        "Salaries And Wages": -4507000.0,
        "Gross Profit": 110995000.0,
        "Cost Of Revenue": 633606000.0,
        "Total Revenue": 744601000.0,
        "Operating Revenue": 744601000.0
    },
    "2023-12-31": {
        "Tax Effect Of Unusual Items": -32180.531274,
        "Tax Rate For Calcs": 0.152514,
        "Normalized EBITDA": 177955000.0,
        "Total Unusual Items": -211000.0,
        "Total Unusual Items Excluding Goodwill": -211000.0,
        "Net Income From Continuing Operation Net Minority Interest": 114886000.0,
        "Reconciled Depreciation": 38145000.0,
        "Reconciled Cost Of Revenue": 458930000.0,
        "EBITDA": 177744000.0,
        "EBIT": 139599000.0,
        "Net Interest Income": 881000.0,
        "Interest Expense": 4038000.0,
        "Interest Income": 4919000.0,
        "Normalized Income": 115064819.468726,
        "Net Income From Continuing And Discontinued Operation": 114886000.0,
        "Total Expenses": 642912000.0,
        "Total Operating Income As Reported": 136586000.0,
        "Diluted Average Shares": 18921000.0,
        "Basic Average Shares": 18364000.0,
        "Diluted EPS": 6.07,
        "Basic EPS": 6.26,
        "Diluted NI Availto Com Stockholders": 114886000.0,
        "Average Dilution Earnings": NaN,
        "Net Income Common Stockholders": 114886000.0,
        "Net Income": 114886000.0,
        "Net Income Including Noncontrolling Interests": 114886000.0,
        "Net Income Continuous Operations": 114886000.0,
        "Tax Provision": 20675000.0,
        "Pretax Income": 135561000.0,
        "Other Income Expense": 3575000.0,
        "Other Non Operating Income Expenses": NaN,
        "Special Income Charges": 0.0,
        "Other Special Charges": 0.0,
        "Gain On Sale Of Security": -211000.0,
        "Net Non Operating Interest Income Expense": 881000.0,
        "Interest Expense Non Operating": 4038000.0,
        "Interest Income Non Operating": 4919000.0,
        "Operating Income": 131105000.0,
        "Operating Expense": 183982000.0,
        "Other Operating Expenses": 6093000.0,
        "Depreciation Amortization Depletion Income Statement": NaN,
        "Selling General And Administration": 31471000.0,
        "General And Administrative Expense": NaN,
        "Other Gand A": NaN,
        "Salaries And Wages": NaN,
        "Gross Profit": 315087000.0,
        "Cost Of Revenue": 458930000.0,
        "Total Revenue": 774017000.0,
        "Operating Revenue": 774017000.0
    },
    "2024-03-31": {
        "Tax Effect Of Unusual Items": 0.0,
        "Tax Rate For Calcs": 0.062,
        "Normalized EBITDA": 102808000.0,
        "Total Unusual Items": 0.0,
        "Total Unusual Items Excluding Goodwill": 0.0,
        "Net Income From Continuing Operation Net Minority Interest": 55953000.0,
        "Reconciled Depreciation": 38820000.0,
        "Reconciled Cost Of Revenue": 567723000.0,
        "EBITDA": 102808000.0,
        "EBIT": 63988000.0,
        "Net Interest Income": 1784000.0,
        "Interest Expense": 4316000.0,
        "Interest Income": 6100000.0,
        "Normalized Income": 55953000.0,
        "Net Income From Continuing And Discontinued Operation": 55953000.0,
        "Total Expenses": 622302000.0,
        "Total Operating Income As Reported": 58174000.0,
        "Diluted Average Shares": 18775000.0,
        "Basic Average Shares": 18347000.0,
        "Diluted EPS": 2.98,
        "Basic EPS": 3.05,
        "Diluted NI Availto Com Stockholders": 55953000.0,
        "Average Dilution Earnings": 0.0,
        "Net Income Common Stockholders": 55953000.0,
        "Net Income": 55953000.0,
        "Net Income Including Noncontrolling Interests": 55953000.0,
        "Net Income Continuous Operations": 55953000.0,
        "Tax Provision": 3719000.0,
        "Pretax Income": 59672000.0,
        "Other Income Expense": NaN,
        "Other Non Operating Income Expenses": NaN,
        "Special Income Charges": 0.0,
        "Other Special Charges": NaN,
        "Gain On Sale Of Security": NaN,
        "Net Non Operating Interest Income Expense": 1784000.0,
        "Interest Expense Non Operating": 4316000.0,
        "Interest Income Non Operating": 6100000.0,
        "Operating Income": 57888000.0,
        "Operating Expense": 54579000.0,
        "Other Operating Expenses": -10114000.0,
        "Depreciation Amortization Depletion Income Statement": 38820000.0,
        "Selling General And Administration": 25873000.0,
        "General And Administrative Expense": 25873000.0,
        "Other Gand A": 25587000.0,
        "Salaries And Wages": 286000.0,
        "Gross Profit": 112467000.0,
        "Cost Of Revenue": 567723000.0,
        "Total Revenue": 680190000.0,
        "Operating Revenue": 680190000.0
    }
}