{
    "2023-03-31": {
        "Tax Effect Of Unusual Items": 843620.317027,
        "Tax Rate For Calcs": 0.358377,
        "Normalized EBITDA": 99695000.0,
        "Total Unusual Items": 2354000.0,
        "Total Unusual Items Excluding Goodwill": 2354000.0,
        "Net Income From Continuing Operation Net Minority Interest": 37407000.0,
        "Reconciled Depreciation": 33520000.0,
        "Reconciled Cost Of Revenue": 857854000.0,
        "EBITDA": 102049000.0,
        "EBIT": 68529000.0,
        "Net Interest Income": -9859000.0,
        "Interest Expense": 9859000.0,
        "Normalized Income": 35896620.317027,
        "Net Income From Continuing And Discontinued Operation": 37407000.0,
        "Total Expenses": 924507000.0,
        "Rent Expense Supplemental": 281932000.0,
        "Total Operating Income As Reported": 66285000.0,
        "Diluted Average Shares": 210653112.0,
        "Basic Average Shares": 210594545.0,
        "Diluted EPS": 0.18,
        "Basic EPS": 0.18,
        "Diluted NI Availto Com Stockholders": 37407000.0,
        "Net Income Common Stockholders": 37407000.0,
        "Net Income": 37407000.0,
        "Minority Interests": -237000.0,
        "Net Income Including Noncontrolling Interests": 37644000.0,
        "Net Income Continuous Operations": 37644000.0,
        "Tax Provision": 21026000.0,
        "Pretax Income": 58670000.0,
        "Other Income Expense": 2244000.0,
        "Other Non Operating Income Expenses": -110000.0,
        "Gain On Sale Of Security": 2354000.0,
        "Net Non Operating Interest Income Expense": -9859000.0,
        "Interest Expense Non Operating": 9859000.0,
        "Operating Income": 66285000.0,
        "Operating Expense": 66653000.0,
        "Other Operating Expenses": 1061000.0,
        "Selling General And Administration": 65592000.0,
        "General And Administrative Expense": 65592000.0,
        "Other Gand A": 65592000.0,
        "Gross Profit": 132938000.0,
        "Cost Of Revenue": 857854000.0,
        "Total Revenue": 990792000.0,
        "Operating Revenue": 990792000.0
    },
    "2022-12-31": {
        "Tax Effect Of Unusual Items": 377738.968129,
        "Tax Rate For Calcs": 0.268471,
        "Normalized EBITDA": 112120000.0,
        "Total Unusual Items": 1407000.0,
        "Total Unusual Items Excluding Goodwill": 1407000.0,
        "Net Income From Continuing Operation Net Minority Interest": 54492000.0,
        "Reconciled Depreciation": 30843000.0,
        "Reconciled Cost Of Revenue": 866583000.0,
        "EBITDA": 113527000.0,
        "EBIT": 82684000.0,
        "Net Interest Income": -7946000.0,
        "Interest Expense": 7946000.0,
        "Normalized Income": 53462738.968129,
        "Net Income From Continuing And Discontinued Operation": 54492000.0,
        "Total Expenses": 937108000.0,
        "Rent Expense Supplemental": 277592000.0,
        "Total Operating Income As Reported": 81515000.0,
        "Diluted Average Shares": 210594545.0,
        "Basic Average Shares": 210594545.0,
        "Diluted EPS": 0.26,
        "Basic EPS": 0.26,
        "Diluted NI Availto Com Stockholders": 54492000.0,
        "Net Income Common Stockholders": 54492000.0,
        "Net Income": 54492000.0,
        "Minority Interests": -181000.0,
        "Net Income Including Noncontrolling Interests": 54673000.0,
        "Net Income Continuous Operations": 54673000.0,
        "Tax Provision": 20065000.0,
        "Pretax Income": 74738000.0,
        "Other Income Expense": 1169000.0,
        "Other Non Operating Income Expenses": -238000.0,
        "Gain On Sale Of Security": 1407000.0,
        "Net Non Operating Interest Income Expense": -7946000.0,
        "Interest Expense Non Operating": 7946000.0,
        "Operating Income": 81515000.0,
        "Operating Expense": 70525000.0,
        "Other Operating Expenses": 434000.0,
        "Selling General And Administration": 70091000.0,
        "General And Administrative Expense": 70091000.0,
        "Other Gand A": 70091000.0,
        "Gross Profit": 152040000.0,
        "Cost Of Revenue": 866583000.0,
        "Total Revenue": 1018623000.0,
        "Operating Revenue": 1018623000.0
    },
    "2022-09-30": {
        "Tax Effect Of Unusual Items": 3558400.0,
        "Tax Rate For Calcs": 0.4,
        "Normalized EBITDA": 102267000.0,
        "Total Unusual Items": 8896000.0,
        "Total Unusual Items Excluding Goodwill": 8896000.0,
        "Net Income From Continuing Operation Net Minority Interest": 46867000.0,
        "Reconciled Depreciation": 28294000.0,
        "Reconciled Cost Of Revenue": 793195000.0,
        "EBITDA": 111163000.0,
        "EBIT": 82869000.0,
        "Net Interest Income": -3222000.0,
        "Interest Expense": 3222000.0,
        "Normalized Income": 41529400.0,
        "Net Income From Continuing And Discontinued Operation": 46867000.0,
        "Total Expenses": 847789000.0,
        "Rent Expense Supplemental": 260389000.0,
        "Total Operating Income As Reported": 73914000.0,
        "Diluted Average Shares": 210594545.0,
        "Basic Average Shares": 210594545.0,
        "Diluted EPS": 0.22,
        "Basic EPS": 0.22,
        "Diluted NI Availto Com Stockholders": 46867000.0,
        "Net Income Common Stockholders": 46867000.0,
        "Net Income": 46867000.0,
        "Minority Interests": -176000.0,
        "Net Income Including Noncontrolling Interests": 47043000.0,
        "Net Income Continuous Operations": 47043000.0,
        "Tax Provision": 32604000.0,
        "Pretax Income": 79647000.0,
        "Other Income Expense": 8955000.0,
        "Other Non Operating Income Expenses": 59000.0,
        "Gain On Sale Of Security": 8896000.0,
        "Net Non Operating Interest Income Expense": -3222000.0,
        "Interest Expense Non Operating": 3222000.0,
        "Operating Income": 73914000.0,
        "Operating Expense": 54594000.0,
        "Other Operating Expenses": -4044000.0,
        "Selling General And Administration": 58638000.0,
        "General And Administrative Expense": 58638000.0,
        "Other Gand A": 58638000.0,
        "Gross Profit": 128508000.0,
        "Cost Of Revenue": 793195000.0,
        "Total Revenue": 921703000.0,
        "Operating Revenue": 921703000.0
    },
    "2022-06-30": {
        "Tax Effect Of Unusual Items": -3370800.0,
        "Tax Rate For Calcs": 0.4,
        "Normalized EBITDA": 91067000.0,
        "Total Unusual Items": -8427000.0,
        "Total Unusual Items Excluding Goodwill": -8427000.0,
        "Net Income From Continuing Operation Net Minority Interest": 14481000.0,
        "Reconciled Depreciation": 30504000.0,
        "Reconciled Cost Of Revenue": 776132000.0,
        "EBITDA": 82640000.0,
        "EBIT": 52136000.0,
        "Net Interest Income": -21923000.0,
        "Interest Expense": 21923000.0,
        "Normalized Income": 19537200.0,
        "Net Income From Continuing And Discontinued Operation": 14481000.0,
        "Total Expenses": 827249000.0,
        "Rent Expense Supplemental": 261602000.0,
        "Total Operating Income As Reported": 60646000.0,
        "Diluted Average Shares": 210539537.0,
        "Basic Average Shares": 210539537.0,
        "Diluted EPS": 0.07,
        "Basic EPS": 0.07,
        "Diluted NI Availto Com Stockholders": 14481000.0,
        "Net Income Common Stockholders": 14481000.0,
        "Net Income": 14481000.0,
        "Minority Interests": -94000.0,
        "Net Income Including Noncontrolling Interests": 14575000.0,
        "Net Income Continuous Operations": 14575000.0,
        "Tax Provision": 15638000.0,
        "Pretax Income": 30213000.0,
        "Other Income Expense": -8510000.0,
        "Other Non Operating Income Expenses": -83000.0,
        "Gain On Sale Of Security": -8427000.0,
        "Net Non Operating Interest Income Expense": -21923000.0,
        "Interest Expense Non Operating": 21923000.0,
        "Operating Income": 60646000.0,
        "Operating Expense": 51117000.0,
        "Other Operating Expenses": -3879000.0,
        "Selling General And Administration": 54996000.0,
        "General And Administrative Expense": 54996000.0,
        "Other Gand A": 54996000.0,
        "Gross Profit": 111763000.0,
        "Cost Of Revenue": 776132000.0,
        "Total Revenue": 887895000.0,
        "Operating Revenue": 887895000.0
    },
    "2022-03-31": {
        "Diluted EPS": 0.12,
        "Total Revenue": 791,
        "Gross Profit": 100,
        "Operating Income": 48,
        "EBIT": 78,
        "Net Income": 25
    },
    "2021-12-31": {
        "Diluted EPS": 0.22,
        "Total Revenue": 780,
        "Gross Profit": 130,
        "Operating Income": 78,
        "EBIT": 107,
        "Net Income": 46
    },
    "2021-09-30": {
        "Diluted EPS": 0.12,
        "Total Revenue": 726,
        "Gross Profit": 103,
        "Operating Income": 51,
        "EBIT": 82,
        "Net Income": 25
    },
    "2021-06-30": {
        "Diluted EPS": 0.02,
        "Total Revenue": 593,
        "Gross Profit": 55,
        "Operating Income": 18,
        "EBIT": 48,
        "Net Income": 5
    },
    "2021-03-31": {
        "Diluted EPS": -0.14,
        "Total Revenue": 561,
        "Gross Profit": 36,
        "Operating Income": -7,
        "EBIT": 24,
        "Net Income": -30
    },
    "2020-12-31": {
        "Diluted EPS": 0.79,
        "Total Revenue": -303,
        "Gross Profit": 72,
        "Operating Income": 106,
        "EBIT": 137,
        "Net Income": 164
    },
    "2020-09-30": {
        "Diluted EPS": -0.82,
        "Total Revenue": NaN,
        "Gross Profit": 38,
        "Operating Income": -88,
        "EBIT": -58,
        "Net Income": -171
    },
    "2020-06-30": {
        "Diluted EPS": -0.43,
        "Total Revenue": 293,
        "Gross Profit": -33,
        "Operating Income": -77,
        "EBIT": -47,
        "Net Income": -90
    },
    "2020-03-31": {
        "Diluted EPS": -0.26,
        "Total Revenue": 618,
        "Gross Profit": 39,
        "Operating Income": -7,
        "EBIT": 28,
        "Net Income": -52
    },
    "2019-12-31": {
        "Diluted EPS": 0.16,
        "Total Revenue": 754,
        "Gross Profit": 110,
        "Operating Income": 61,
        "EBIT": 94,
        "Net Income": 33
    },
    "2019-09-30": {
        "Diluted EPS": 0.12,
        "Total Revenue": 750,
        "Gross Profit": 93,
        "Operating Income": 42,
        "EBIT": 73,
        "Net Income": 24
    },
    "2019-06-30": {
        "Diluted EPS": 0.05,
        "Total Revenue": 724,
        "Gross Profit": 79,
        "Operating Income": 26,
        "EBIT": 56,
        "Net Income": 10
    },
    "2019-03-31": {
        "Diluted EPS": 0.06,
        "Total Revenue": 731,
        "Gross Profit": 85,
        "Operating Income": 31,
        "EBIT": 60,
        "Net Income": 12
    },
    "2018-12-31": {
        "Diluted EPS": 0.01,
        "Total Revenue": 773,
        "Gross Profit": 124,
        "Operating Income": 33,
        "EBIT": 62,
        "Net Income": 0
    },
    "2018-09-30": {
        "Diluted EPS": 0.12,
        "Total Revenue": 724,
        "Gross Profit": 94,
        "Operating Income": 53,
        "EBIT": 79,
        "Net Income": 26
    },
    "2018-06-30": {
        "Diluted EPS": 0.05,
        "Total Revenue": 735,
        "Gross Profit": 83,
        "Operating Income": 25,
        "EBIT": 50,
        "Net Income": 11
    },
    "2018-03-31": {
        "Diluted EPS": 0.0,
        "Total Revenue": 850,
        "Gross Profit": 114,
        "Operating Income": 12,
        "EBIT": 39,
        "Net Income": 1
    },
    "2017-12-31": {
        "Diluted EPS": 0.32,
        "Total Revenue": 897,
        "Gross Profit": 146,
        "Operating Income": 100,
        "EBIT": 126,
        "Net Income": 69
    },
    "2017-09-30": {
        "Diluted EPS": 0.11,
        "Total Revenue": 842,
        "Gross Profit": 114,
        "Operating Income": 48,
        "EBIT": 73,
        "Net Income": 23
    },
    "2017-06-30": {
        "Diluted EPS": -0.02,
        "Total Revenue": 799,
        "Gross Profit": 95,
        "Operating Income": 36,
        "EBIT": 60,
        "Net Income": -4
    },
    "2017-03-31": {
        "Diluted EPS": 0.19,
        "Total Revenue": 781,
        "Gross Profit": 94,
        "Operating Income": 89,
        "EBIT": 113,
        "Net Income": 41
    },
    "2016-12-31": {
        "Diluted EPS": 0.09,
        "Total Revenue": 807,
        "Gross Profit": 123,
        "Operating Income": 54,
        "EBIT": 73,
        "Net Income": 21
    },
    "2016-09-30": {
        "Diluted EPS": -0.01,
        "Total Revenue": 776,
        "Gross Profit": 95,
        "Operating Income": 39,
        "EBIT": 63,
        "Net Income": -2
    },
    "2016-06-30": {
        "Diluted EPS": 0.2,
        "Total Revenue": 687,
        "Gross Profit": 70,
        "Operating Income": 64,
        "EBIT": 88,
        "Net Income": 43
    },
    "2016-03-31": {
        "Diluted EPS": 0.08,
        "Total Revenue": 659,
        "Gross Profit": 71,
        "Operating Income": 22,
        "EBIT": 47,
        "Net Income": 16
    },
    "2015-12-31": {
        "Diluted EPS": 0.03,
        "Total Revenue": 765,
        "Gross Profit": 99,
        "Operating Income": 53,
        "EBIT": 81,
        "Net Income": 6
    },
    "2015-09-30": {
        "Diluted EPS": -0.17,
        "Total Revenue": 754,
        "Gross Profit": 89,
        "Operating Income": 21,
        "EBIT": 48,
        "Net Income": -36
    },
    "2015-06-30": {
        "Diluted EPS": 0.03,
        "Total Revenue": 759,
        "Gross Profit": 84,
        "Operating Income": 14,
        "EBIT": 42,
        "Net Income": 7
    },
    "2015-03-31": {
        "Diluted EPS": -0.13,
        "Total Revenue": 775,
        "Gross Profit": 85,
        "Operating Income": 5,
        "EBIT": 33,
        "Net Income": -28
    },
    "2014-12-31": {
        "Diluted EPS": 0.05,
        "Total Revenue": 914,
        "Gross Profit": 132,
        "Operating Income": 54,
        "EBIT": 84,
        "Net Income": 10
    },
    "2014-09-30": {
        "Diluted EPS": 0.0,
        "Total Revenue": 904,
        "Gross Profit": 107,
        "Operating Income": 35,
        "EBIT": 64,
        "Net Income": 0
    },
    "2014-06-30": {
        "Diluted EPS": -0.46,
        "Total Revenue": 918,
        "Gross Profit": 98,
        "Operating Income": -38,
        "EBIT": -9,
        "Net Income": -99
    },
    "2014-03-31": {
        "Diluted EPS": -0.1,
        "Total Revenue": 915,
        "Gross Profit": 101,
        "Operating Income": 21,
        "EBIT": 49,
        "Net Income": -21
    },
    "2013-12-31": {
        "Diluted EPS": 0.15,
        "Total Revenue": NaN,
        "Gross Profit": 155,
        "Operating Income": 91,
        "EBIT": 119,
        "Net Income": 32
    },
    "2013-09-30": {
        "Diluted EPS": 0.09,
        "Total Revenue": NaN,
        "Gross Profit": 146,
        "Operating Income": 62,
        "EBIT": 91,
        "Net Income": 20
    },
    "2013-06-30": {
        "Diluted EPS": 0.04,
        "Total Revenue": 989,
        "Gross Profit": 124,
        "Operating Income": 38,
        "EBIT": 67,
        "Net Income": 9
    },
    "2013-03-31": {
        "Diluted EPS": -0.03,
        "Total Revenue": 977,
        "Gross Profit": 136,
        "Operating Income": 37,
        "EBIT": 66,
        "Net Income": -7
    },
    "2012-12-31": {
        "Diluted EPS": 0.2,
        "Total Revenue": NaN,
        "Gross Profit": 114,
        "Operating Income": 37,
        "EBIT": 68,
        "Net Income": 44
    },
    "2012-09-30": {
        "Diluted EPS": 0.16,
        "Total Revenue": 962,
        "Gross Profit": 143,
        "Operating Income": 60,
        "EBIT": 83,
        "Net Income": 33
    },
    "2012-06-30": {
        "Diluted EPS": 0.06,
        "Total Revenue": 904,
        "Gross Profit": 163,
        "Operating Income": 84,
        "EBIT": 107,
        "Net Income": 12
    },
    "2012-03-31": {
        "Diluted EPS": 0.12,
        "Total Revenue": 922,
        "Gross Profit": 135,
        "Operating Income": 55,
        "EBIT": 75,
        "Net Income": 25
    },
    "2011-12-31": {
        "Diluted EPS": 0.21,
        "Total Revenue": 959,
        "Gross Profit": 175,
        "Operating Income": 78,
        "EBIT": 98,
        "Net Income": 46
    },
    "2011-09-30": {
        "Diluted EPS": 0.09,
        "Total Revenue": 984,
        "Gross Profit": 165,
        "Operating Income": 74,
        "EBIT": 74,
        "Net Income": 20
    },
    "2011-06-30": {
        "Diluted EPS": 0.07,
        "Total Revenue": 888,
        "Gross Profit": 134,
        "Operating Income": 38,
        "EBIT": 38,
        "Net Income": 14
    },
    "2011-03-31": {
        "Diluted EPS": 0.15,
        "Total Revenue": 827,
        "Gross Profit": 127,
        "Operating Income": 61,
        "EBIT": 76,
        "Net Income": 35
    },
    "2010-12-31": {
        "Diluted EPS": 0.17,
        "Total Revenue": 867,
        "Gross Profit": 867,
        "Operating Income": 867,
        "EBIT": 867,
        "Net Income": 41
    },
    "2010-09-30": {
        "Diluted EPS": 0.12,
        "Total Revenue": 789,
        "Gross Profit": 789,
        "Operating Income": 789,
        "EBIT": 789,
        "Net Income": 29
    },
    "2010-06-30": {
        "Diluted EPS": 0.06,
        "Total Revenue": 691,
        "Gross Profit": 691,
        "Operating Income": 691,
        "EBIT": 691,
        "Net Income": 13
    },
    "2010-03-31": {
        "Diluted EPS": 0.09,
        "Total Revenue": 671,
        "Gross Profit": 671,
        "Operating Income": 671,
        "EBIT": 671,
        "Net Income": 22
    },
    "2023-06-30": {
        "Tax Effect Of Unusual Items": 1520140.0,
        "Tax Rate For Calcs": 0.34,
        "Normalized EBITDA": 75008000.0,
        "Total Unusual Items": 4471000.0,
        "Total Unusual Items Excluding Goodwill": 4471000.0,
        "Net Income From Continuing Operation Net Minority Interest": 28368000.0,
        "Reconciled Depreciation": 35000000.0,
        "Reconciled Cost Of Revenue": 903747000.0,
        "EBITDA": 79479000.0,
        "EBIT": 79479000.0,
        "Net Interest Income": -12128000.0,
        "Interest Expense": 12128000.0,
        "Normalized Income": 25417140.0,
        "Net Income From Continuing And Discontinued Operation": 28368000.0,
        "Total Expenses": 965629000.0,
        "Rent Expense Supplemental": 299417000.0,
        "Total Operating Income As Reported": 74892000.0,
        "Diluted Average Shares": 210625859.0,
        "Basic Average Shares": 210625859.0,
        "Diluted EPS": 0.13,
        "Basic EPS": 0.13,
        "Diluted NI Availto Com Stockholders": 28368000.0,
        "Net Income Common Stockholders": 28368000.0,
        "Net Income": 28368000.0,
        "Minority Interests": -159000.0,
        "Net Income Including Noncontrolling Interests": 28527000.0,
        "Net Income Continuous Operations": 28527000.0,
        "Tax Provision": 38824000.0,
        "Pretax Income": 67351000.0,
        "Other Income Expense": 4587000.0,
        "Other Non Operating Income Expenses": 116000.0,
        "Gain On Sale Of Security": 4471000.0,
        "Net Non Operating Interest Income Expense": -12128000.0,
        "Interest Expense Non Operating": 12128000.0,
        "Operating Income": 74892000.0,
        "Operating Expense": 61882000.0,
        "Other Operating Expenses": -7644000.0,
        "Selling General And Administration": 69526000.0,
        "General And Administrative Expense": 69526000.0,
        "Other Gand A": 69526000.0,
        "Gross Profit": 136774000.0,
        "Cost Of Revenue": 903747000.0,
        "Total Revenue": 1040521000.0,
        "Operating Revenue": 1040521000.0
    },
    "2023-09-30": {
        "Tax Effect Of Unusual Items": 695894.763104,
        "Tax Rate For Calcs": 0.318342,
        "Normalized EBITDA": 90969000.0,
        "Total Unusual Items": 2186000.0,
        "Total Unusual Items Excluding Goodwill": 2186000.0,
        "Net Income From Continuing Operation Net Minority Interest": 59721000.0,
        "Reconciled Depreciation": NaN,
        "Reconciled Cost Of Revenue": 963865000.0,
        "EBITDA": 93155000.0,
        "EBIT": 93155000.0,
        "Net Interest Income": -4973000.0,
        "Interest Expense": 4973000.0,
        "Normalized Income": 58230894.763104,
        "Net Income From Continuing And Discontinued Operation": 59721000.0,
        "Total Expenses": 1034035000.0,
        "Rent Expense Supplemental": 321880000.0,
        "Total Operating Income As Reported": 91075000.0,
        "Diluted Average Shares": NaN,
        "Basic Average Shares": NaN,
        "Diluted EPS": NaN,
        "Basic EPS": NaN,
        "Diluted NI Availto Com Stockholders": 59721000.0,
        "Net Income Common Stockholders": 59721000.0,
        "Net Income": 59721000.0,
        "Minority Interests": -389000.0,
        "Net Income Including Noncontrolling Interests": 60110000.0,
        "Net Income Continuous Operations": 60110000.0,
        "Tax Provision": 28072000.0,
        "Pretax Income": 88182000.0,
        "Other Income Expense": 2080000.0,
        "Other Non Operating Income Expenses": -106000.0,
        "Gain On Sale Of Security": 2186000.0,
        "Net Non Operating Interest Income Expense": -4973000.0,
        "Interest Expense Non Operating": 4973000.0,
        "Operating Income": 91075000.0,
        "Operating Expense": 70170000.0,
        "Other Operating Expenses": 2364000.0,
        "Selling General And Administration": 67806000.0,
        "General And Administrative Expense": 67806000.0,
        "Other Gand A": 67806000.0,
        "Gross Profit": 161245000.0,
        "Cost Of Revenue": 963865000.0,
        "Total Revenue": 1125110000.0,
        "Operating Revenue": 1125110000.0
    },
    "2023-12-31": {
        "Tax Effect Of Unusual Items": -1390111.712614,
        "Tax Rate For Calcs": 0.121726,
        "Normalized EBITDA": 124111000.0,
        "Total Unusual Items": -11420000.0,
        "Total Unusual Items Excluding Goodwill": -11420000.0,
        "Net Income From Continuing Operation Net Minority Interest": 55778000.0,
        "Reconciled Depreciation": 43462000.0,
        "Reconciled Cost Of Revenue": 1009267000.0,
        "EBITDA": 112691000.0,
        "EBIT": 69229000.0,
        "Net Interest Income": -5315000.0,
        "Interest Expense": 5315000.0,
        "Normalized Income": 65807888.287386,
        "Net Income From Continuing And Discontinued Operation": 55778000.0,
        "Total Expenses": 1093668000.0,
        "Rent Expense Supplemental": 334464000.0,
        "Total Operating Income As Reported": 81787000.0,
        "Diluted Average Shares": NaN,
        "Basic Average Shares": NaN,
        "Diluted EPS": NaN,
        "Basic EPS": NaN,
        "Diluted NI Availto Com Stockholders": 55778000.0,
        "Net Income Common Stockholders": 55778000.0,
        "Net Income": 55778000.0,
        "Minority Interests": -356000.0,
        "Net Income Including Noncontrolling Interests": 56134000.0,
        "Net Income Continuous Operations": 56134000.0,
        "Tax Provision": 7780000.0,
        "Pretax Income": 63914000.0,
        "Other Income Expense": -12558000.0,
        "Other Non Operating Income Expenses": -1138000.0,
        "Gain On Sale Of Security": -11420000.0,
        "Net Non Operating Interest Income Expense": -5315000.0,
        "Interest Expense Non Operating": 5315000.0,
        "Operating Income": 81787000.0,
        "Operating Expense": 84401000.0,
        "Other Operating Expenses": 2325000.0,
        "Selling General And Administration": 82076000.0,
        "General And Administrative Expense": 82076000.0,
        "Other Gand A": 82076000.0,
        "Gross Profit": 166188000.0,
        "Cost Of Revenue": 1009267000.0,
        "Total Revenue": 1175455000.0,
        "Operating Revenue": 1175455000.0
    }
}