{
    "2023-03-31": {
        "Tax Effect Of Unusual Items": 0.0,
        "Tax Rate For Calcs": 0.140203,
        "Normalized EBITDA": 422795000.0,
        "Total Unusual Items": 12215000.0,
        "Total Unusual Items Excluding Goodwill": 12215000.0,
        "Net Income From Continuing Operation Net Minority Interest": 94039000.0,
        "Reconciled Cost Of Revenue": 360781000.0,
        "EBITDA": 422795000.0,
        "EBIT": 422795000.0,
        "Net Interest Income": -181673000.0,
        "Interest Expense": 181673000.0,
        "Interest Income": 226777000.0,
        "Normalized Income": 94039000.0,
        "Net Income From Continuing And Discontinued Operation": 94039000.0,
        "Total Expenses": 628636000.0,
        "Diluted Average Shares": NaN,
        "Basic Average Shares": NaN,
        "Diluted EPS": NaN,
        "Basic EPS": NaN,
        "Diluted NI Availto Com Stockholders": 94039000.0,
        "Average Dilution Earnings": 5314000.0,
        "Net Income Common Stockholders": 88725000.0,
        "Otherunder Preferred Stock Dividend": 5314000.0,
        "Net Income": 94039000.0,
        "Minority Interests": -113277000.0,
        "Net Income Including Noncontrolling Interests": 207316000.0,
        "Net Income Continuous Operations": 207316000.0,
        "Tax Provision": 33806000.0,
        "Pretax Income": 241122000.0,
        "Other Income Expense": -923000.0,
        "Other Non Operating Income Expenses": -923000.0,
        "Gain On Sale Of Security": 12215000.0,
        "Net Non Operating Interest Income Expense": -181673000.0,
        "Interest Expense Non Operating": 181673000.0,
        "Interest Income Non Operating": 226777000.0,
        "Operating Income": 423718000.0,
        "Operating Expense": 267855000.0,
        "Other Operating Expenses": 7852000.0,
        "Selling General And Administration": 260003000.0,
        "General And Administrative Expense": 260003000.0,
        "Other Gand A": 148345000.0,
        "Salaries And Wages": 111658000.0,
        "Gross Profit": 691573000.0,
        "Cost Of Revenue": 360781000.0,
        "Total Revenue": 1052354000.0,
        "Operating Revenue": 1052354000.0
    },
    "2022-12-31": {
        "Tax Effect Of Unusual Items": NaN,
        "Tax Rate For Calcs": NaN,
        "Normalized EBITDA": NaN,
        "Total Unusual Items": 59322000.0,
        "Total Unusual Items Excluding Goodwill": 59322000.0,
        "Net Income From Continuing Operation Net Minority Interest": NaN,
        "Reconciled Cost Of Revenue": NaN,
        "EBITDA": NaN,
        "EBIT": NaN,
        "Net Interest Income": NaN,
        "Interest Expense": NaN,
        "Interest Income": 194784000.0,
        "Normalized Income": NaN,
        "Net Income From Continuing And Discontinued Operation": NaN,
        "Total Expenses": NaN,
        "Diluted Average Shares": NaN,
        "Basic Average Shares": NaN,
        "Diluted EPS": NaN,
        "Basic EPS": NaN,
        "Diluted NI Availto Com Stockholders": NaN,
        "Average Dilution Earnings": NaN,
        "Net Income Common Stockholders": NaN,
        "Otherunder Preferred Stock Dividend": 3495000.0,
        "Net Income": NaN,
        "Minority Interests": NaN,
        "Net Income Including Noncontrolling Interests": NaN,
        "Net Income Continuous Operations": NaN,
        "Tax Provision": NaN,
        "Pretax Income": NaN,
        "Other Income Expense": NaN,
        "Other Non Operating Income Expenses": NaN,
        "Gain On Sale Of Security": 59322000.0,
        "Net Non Operating Interest Income Expense": NaN,
        "Interest Expense Non Operating": NaN,
        "Interest Income Non Operating": 194784000.0,
        "Operating Income": NaN,
        "Operating Expense": NaN,
        "Other Operating Expenses": NaN,
        "Selling General And Administration": NaN,
        "General And Administrative Expense": NaN,
        "Other Gand A": NaN,
        "Salaries And Wages": NaN,
        "Gross Profit": NaN,
        "Cost Of Revenue": NaN,
        "Total Revenue": NaN,
        "Operating Revenue": NaN
    },
    "2022-09-30": {
        "Tax Effect Of Unusual Items": NaN,
        "Tax Rate For Calcs": NaN,
        "Normalized EBITDA": NaN,
        "Total Unusual Items": 4401000.0,
        "Total Unusual Items Excluding Goodwill": 4401000.0,
        "Net Income From Continuing Operation Net Minority Interest": NaN,
        "Reconciled Cost Of Revenue": NaN,
        "EBITDA": NaN,
        "EBIT": NaN,
        "Net Interest Income": NaN,
        "Interest Expense": NaN,
        "Interest Income": 160501000.0,
        "Normalized Income": NaN,
        "Net Income From Continuing And Discontinued Operation": NaN,
        "Total Expenses": NaN,
        "Diluted Average Shares": NaN,
        "Basic Average Shares": NaN,
        "Diluted EPS": NaN,
        "Basic EPS": NaN,
        "Diluted NI Availto Com Stockholders": NaN,
        "Average Dilution Earnings": 0.0,
        "Net Income Common Stockholders": NaN,
        "Otherunder Preferred Stock Dividend": NaN,
        "Net Income": NaN,
        "Minority Interests": NaN,
        "Net Income Including Noncontrolling Interests": NaN,
        "Net Income Continuous Operations": NaN,
        "Tax Provision": NaN,
        "Pretax Income": NaN,
        "Other Income Expense": NaN,
        "Other Non Operating Income Expenses": NaN,
        "Gain On Sale Of Security": 4401000.0,
        "Net Non Operating Interest Income Expense": NaN,
        "Interest Expense Non Operating": NaN,
        "Interest Income Non Operating": 160501000.0,
        "Operating Income": NaN,
        "Operating Expense": NaN,
        "Other Operating Expenses": NaN,
        "Selling General And Administration": NaN,
        "General And Administrative Expense": NaN,
        "Other Gand A": NaN,
        "Salaries And Wages": NaN,
        "Gross Profit": NaN,
        "Cost Of Revenue": NaN,
        "Total Revenue": NaN,
        "Operating Revenue": NaN
    },
    "2022-06-30": {
        "Tax Effect Of Unusual Items": -1943156.2938,
        "Tax Rate For Calcs": 0.200698,
        "Normalized EBITDA": 173222000.0,
        "Total Unusual Items": -9682000.0,
        "Total Unusual Items Excluding Goodwill": -9682000.0,
        "Net Income From Continuing Operation Net Minority Interest": 39731000.0,
        "Reconciled Cost Of Revenue": 416848000.0,
        "EBITDA": 163540000.0,
        "EBIT": 163540000.0,
        "Net Interest Income": 22377000.0,
        "Interest Expense": 96474000.0,
        "Interest Income": 118851000.0,
        "Normalized Income": 47469843.7062,
        "Net Income From Continuing And Discontinued Operation": 39731000.0,
        "Total Expenses": 552868000.0,
        "Diluted Average Shares": 175157558.0,
        "Basic Average Shares": 175157558.0,
        "Diluted EPS": 0.21,
        "Basic EPS": 0.21,
        "Diluted NI Availto Com Stockholders": 39731000.0,
        "Average Dilution Earnings": 3461000.0,
        "Net Income Common Stockholders": 36270000.0,
        "Otherunder Preferred Stock Dividend": 3461000.0,
        "Net Income": 39731000.0,
        "Minority Interests": -13875000.0,
        "Net Income Including Noncontrolling Interests": 53606000.0,
        "Net Income Continuous Operations": 53606000.0,
        "Tax Provision": 13460000.0,
        "Pretax Income": 67066000.0,
        "Other Income Expense": -3873000.0,
        "Other Non Operating Income Expenses": 5809000.0,
        "Gain On Sale Of Security": -9682000.0,
        "Net Non Operating Interest Income Expense": 22377000.0,
        "Interest Expense Non Operating": 96474000.0,
        "Interest Income Non Operating": 118851000.0,
        "Operating Income": 48562000.0,
        "Operating Expense": 136020000.0,
        "Other Operating Expenses": 13454000.0,
        "Selling General And Administration": 122566000.0,
        "General And Administrative Expense": 122566000.0,
        "Other Gand A": 122566000.0,
        "Gross Profit": 184582000.0,
        "Cost Of Revenue": 416848000.0,
        "Total Revenue": 601430000.0,
        "Operating Revenue": 601430000.0
    },
    "2023-06-30": {
        "Tax Effect Of Unusual Items": 0.0,
        "Tax Rate For Calcs": 0.130152,
        "Normalized EBITDA": 590712000.0,
        "Total Unusual Items": 103907000.0,
        "Total Unusual Items Excluding Goodwill": 103907000.0,
        "Net Income From Continuing Operation Net Minority Interest": 144514000.0,
        "Reconciled Cost Of Revenue": 367550000.0,
        "EBITDA": 590712000.0,
        "EBIT": 590712000.0,
        "Net Interest Income": -208743000.0,
        "Interest Expense": 208743000.0,
        "Interest Income": 237144000.0,
        "Normalized Income": 144514000.0,
        "Net Income From Continuing And Discontinued Operation": 144514000.0,
        "Total Expenses": 837738000.0,
        "Diluted Average Shares": 194058041.0,
        "Basic Average Shares": 182999515.0,
        "Diluted EPS": 0.74,
        "Basic EPS": 0.75,
        "Diluted NI Availto Com Stockholders": 144514000.0,
        "Average Dilution Earnings": 0.0,
        "Net Income Common Stockholders": 144514000.0,
        "Otherunder Preferred Stock Dividend": 5316000.0,
        "Net Income": 144514000.0,
        "Minority Interests": -187741000.0,
        "Net Income Including Noncontrolling Interests": 332255000.0,
        "Net Income Continuous Operations": 332255000.0,
        "Tax Provision": 49714000.0,
        "Pretax Income": 381969000.0,
        "Other Income Expense": -5887000.0,
        "Other Non Operating Income Expenses": -5887000.0,
        "Gain On Sale Of Security": 103907000.0,
        "Net Non Operating Interest Income Expense": -208743000.0,
        "Interest Expense Non Operating": 208743000.0,
        "Interest Income Non Operating": 237144000.0,
        "Operating Income": 596599000.0,
        "Operating Expense": 470188000.0,
        "Other Operating Expenses": 13255000.0,
        "Selling General And Administration": 456933000.0,
        "General And Administrative Expense": 456933000.0,
        "Other Gand A": 141153000.0,
        "Salaries And Wages": 315780000.0,
        "Gross Profit": 1066787000.0,
        "Cost Of Revenue": 367550000.0,
        "Total Revenue": 1434337000.0,
        "Operating Revenue": 1434337000.0
    },
    "2022-03-31": {
        "Diluted EPS": 0.24,
        "Total Revenue": 715,
        "Gross Profit": 715,
        "Operating Income": 103,
        "EBIT": 103,
        "Net Income": 42
    },
    "2021-12-31": {
        "Diluted EPS": 0.69,
        "Total Revenue": NaN,
        "Gross Profit": NaN,
        "Operating Income": 263,
        "EBIT": 263,
        "Net Income": 124
    },
    "2021-09-30": {
        "Diluted EPS": 0.45,
        "Total Revenue": 949,
        "Gross Profit": 949,
        "Operating Income": 135,
        "EBIT": 135,
        "Net Income": 85
    },
    "2021-06-30": {
        "Diluted EPS": 0.69,
        "Total Revenue": NaN,
        "Gross Profit": NaN,
        "Operating Income": 270,
        "EBIT": 270,
        "Net Income": 125
    },
    "2021-03-31": {
        "Diluted EPS": 0.32,
        "Total Revenue": 658,
        "Gross Profit": 658,
        "Operating Income": 133,
        "EBIT": 133,
        "Net Income": 53
    },
    "2020-12-31": {
        "Diluted EPS": 0.58,
        "Total Revenue": 658,
        "Gross Profit": 658,
        "Operating Income": 166,
        "EBIT": 166,
        "Net Income": 74
    },
    "2020-09-30": {
        "Diluted EPS": 0.27,
        "Total Revenue": 490,
        "Gross Profit": 490,
        "Operating Income": 97,
        "EBIT": 97,
        "Net Income": 42
    },
    "2020-06-30": {
        "Diluted EPS": 0.35,
        "Total Revenue": 603,
        "Gross Profit": 603,
        "Operating Income": 119,
        "EBIT": 119,
        "Net Income": 51
    },
    "2020-03-31": {
        "Diluted EPS": -0.33,
        "Total Revenue": 13,
        "Gross Profit": 13,
        "Operating Income": -69,
        "EBIT": -69,
        "Net Income": -36
    },
    "2019-12-31": {
        "Diluted EPS": 0.24,
        "Total Revenue": 437,
        "Gross Profit": 437,
        "Operating Income": 75,
        "EBIT": 75,
        "Net Income": 33
    },
    "2019-09-30": {
        "Diluted EPS": 0.23,
        "Total Revenue": 466,
        "Gross Profit": 466,
        "Operating Income": 71,
        "EBIT": 71,
        "Net Income": 28
    },
    "2019-06-30": {
        "Diluted EPS": 0.23,
        "Total Revenue": 385,
        "Gross Profit": 385,
        "Operating Income": 49,
        "EBIT": 49,
        "Net Income": 27
    },
    "2019-03-31": {
        "Diluted EPS": 0.36,
        "Total Revenue": 477,
        "Gross Profit": 477,
        "Operating Income": 108,
        "EBIT": 108,
        "Net Income": 40
    },
    "2018-12-31": {
        "Diluted EPS": 0.13,
        "Total Revenue": 247,
        "Gross Profit": 247,
        "Operating Income": 32,
        "EBIT": 32,
        "Net Income": 8
    },
    "2018-09-30": {
        "Diluted EPS": 0.09,
        "Total Revenue": 241,
        "Gross Profit": 241,
        "Operating Income": 14,
        "EBIT": 14,
        "Net Income": 10
    },
    "2018-06-30": {
        "Diluted EPS": -0.2,
        "Total Revenue": 204,
        "Gross Profit": 204,
        "Operating Income": -17,
        "EBIT": -17,
        "Net Income": -17
    },
    "2018-03-31": {
        "Diluted EPS": 0.28,
        "Total Revenue": 266,
        "Gross Profit": 266,
        "Operating Income": 60,
        "EBIT": 60,
        "Net Income": 34
    },
    "2017-12-31": {
        "Diluted EPS": 0.41,
        "Total Revenue": 375,
        "Gross Profit": 375,
        "Operating Income": 64,
        "EBIT": 64,
        "Net Income": 35
    },
    "2017-09-30": {
        "Diluted EPS": 0.26,
        "Total Revenue": 288,
        "Gross Profit": 288,
        "Operating Income": 34,
        "EBIT": 34,
        "Net Income": 22
    },
    "2017-06-30": {
        "Diluted EPS": 0.53,
        "Total Revenue": 572,
        "Gross Profit": 572,
        "Operating Income": 124,
        "EBIT": 124,
        "Net Income": 44
    },
    "2017-03-31": {
        "Diluted EPS": -0.58,
        "Total Revenue": 244,
        "Gross Profit": 244,
        "Operating Income": -247,
        "EBIT": -247,
        "Net Income": -47
    },
    "2016-12-31": {
        "Diluted EPS": 0.35,
        "Total Revenue": 413,
        "Gross Profit": 413,
        "Operating Income": 114,
        "EBIT": 114,
        "Net Income": 29
    },
    "2016-09-30": {
        "Diluted EPS": 0.43,
        "Total Revenue": 335,
        "Gross Profit": 335,
        "Operating Income": 52,
        "EBIT": 52,
        "Net Income": 37
    },
    "2016-06-30": {
        "Diluted EPS": 0.46,
        "Total Revenue": 370,
        "Gross Profit": 370,
        "Operating Income": 66,
        "EBIT": 66,
        "Net Income": 38
    },
    "2016-03-31": {
        "Diluted EPS": -0.04,
        "Total Revenue": 136,
        "Gross Profit": 136,
        "Operating Income": 6,
        "EBIT": 6,
        "Net Income": -3
    },
    "2015-12-31": {
        "Diluted EPS": -0.01,
        "Total Revenue": 160,
        "Gross Profit": 160,
        "Operating Income": -26,
        "EBIT": -16,
        "Net Income": 0
    },
    "2015-09-30": {
        "Diluted EPS": -0.14,
        "Total Revenue": 144,
        "Gross Profit": 144,
        "Operating Income": 7,
        "EBIT": 20,
        "Net Income": -11
    },
    "2015-06-30": {
        "Diluted EPS": 0.15,
        "Total Revenue": 241,
        "Gross Profit": 241,
        "Operating Income": 29,
        "EBIT": 47,
        "Net Income": 12
    },
    "2015-03-31": {
        "Diluted EPS": 0.23,
        "Total Revenue": 270,
        "Gross Profit": 270,
        "Operating Income": 35,
        "EBIT": 49,
        "Net Income": 18
    },
    "2014-12-31": {
        "Diluted EPS": 0.04,
        "Total Revenue": 163,
        "Gross Profit": 163,
        "Operating Income": -50,
        "EBIT": -48,
        "Net Income": 3
    },
    "2014-09-30": {
        "Diluted EPS": 0.17,
        "Total Revenue": 175,
        "Gross Profit": 175,
        "Operating Income": -28,
        "EBIT": -18,
        "Net Income": 14
    },
    "2014-06-30": {
        "Diluted EPS": 0.22,
        "Total Revenue": 132,
        "Gross Profit": 132,
        "Operating Income": -127,
        "EBIT": -130,
        "Net Income": 18
    },
    "2014-03-31": {
        "Diluted EPS": 0.0,
        "Total Revenue": 134,
        "Gross Profit": 134,
        "Operating Income": -51,
        "EBIT": -44,
        "Net Income": NaN
    },
    "2013-12-31": {
        "Diluted EPS": 0.0,
        "Total Revenue": NaN,
        "Gross Profit": NaN,
        "Operating Income": NaN,
        "EBIT": NaN,
        "Net Income": NaN
    },
    "2013-09-30": {
        "Diluted EPS": 0.0,
        "Total Revenue": 136,
        "Gross Profit": 136,
        "Operating Income": -101,
        "EBIT": -94,
        "Net Income": NaN
    },
    "2013-06-30": {
        "Diluted EPS": 0.0,
        "Total Revenue": 89,
        "Gross Profit": 89,
        "Operating Income": -20,
        "EBIT": -20,
        "Net Income": NaN
    },
    "2012-12-31": {
        "Diluted EPS": 0.0,
        "Total Revenue": NaN,
        "Gross Profit": NaN,
        "Operating Income": NaN,
        "EBIT": NaN,
        "Net Income": NaN
    },
    "2011-12-31": {
        "Diluted EPS": 0.0,
        "Total Revenue": NaN,
        "Gross Profit": NaN,
        "Operating Income": NaN,
        "EBIT": NaN,
        "Net Income": NaN
    },
    "2023-09-30": {
        "Tax Effect Of Unusual Items": 0.0,
        "Tax Rate For Calcs": 0.131784,
        "Normalized EBITDA": 454210000.0,
        "Total Unusual Items": NaN,
        "Total Unusual Items Excluding Goodwill": NaN,
        "Net Income From Continuing Operation Net Minority Interest": 61823000.0,
        "Reconciled Cost Of Revenue": 367502000.0,
        "EBITDA": 454210000.0,
        "EBIT": 454210000.0,
        "Net Interest Income": -227338000.0,
        "Interest Expense": 227338000.0,
        "Interest Income": NaN,
        "Normalized Income": 61823000.0,
        "Net Income From Continuing And Discontinued Operation": 61823000.0,
        "Total Expenses": 560960000.0,
        "Diluted Average Shares": 186218638.0,
        "Basic Average Shares": 186218638.0,
        "Diluted EPS": 0.3,
        "Basic EPS": 0.3,
        "Diluted NI Availto Com Stockholders": 56486000.0,
        "Average Dilution Earnings": 0.0,
        "Net Income Common Stockholders": 56486000.0,
        "Otherunder Preferred Stock Dividend": 5337000.0,
        "Net Income": 61823000.0,
        "Minority Interests": -135151000.0,
        "Net Income Including Noncontrolling Interests": 196974000.0,
        "Net Income Continuous Operations": 196974000.0,
        "Tax Provision": 29898000.0,
        "Pretax Income": 226872000.0,
        "Other Income Expense": 5742000.0,
        "Other Non Operating Income Expenses": 5742000.0,
        "Gain On Sale Of Security": NaN,
        "Net Non Operating Interest Income Expense": -227338000.0,
        "Interest Expense Non Operating": 227338000.0,
        "Interest Income Non Operating": NaN,
        "Operating Income": 448468000.0,
        "Operating Expense": 193458000.0,
        "Other Operating Expenses": 7064000.0,
        "Selling General And Administration": 186394000.0,
        "General And Administrative Expense": 186394000.0,
        "Other Gand A": 211842000.0,
        "Salaries And Wages": -25448000.0,
        "Gross Profit": 641926000.0,
        "Cost Of Revenue": 367502000.0,
        "Total Revenue": 1009428000.0,
        "Operating Revenue": 1009428000.0
    },
    "2023-12-31": {
        "Tax Effect Of Unusual Items": 0.0,
        "Tax Rate For Calcs": 0.123273,
        "Normalized EBITDA": 726222000.0,
        "Total Unusual Items": NaN,
        "Total Unusual Items Excluding Goodwill": NaN,
        "Net Income From Continuing Operation Net Minority Interest": 173950000.0,
        "Reconciled Cost Of Revenue": 390865000.0,
        "EBITDA": 726222000.0,
        "EBIT": 726222000.0,
        "Net Interest Income": -243122000.0,
        "Interest Expense": 243122000.0,
        "Interest Income": NaN,
        "Normalized Income": 173950000.0,
        "Net Income From Continuing And Discontinued Operation": 173950000.0,
        "Total Expenses": 770524000.0,
        "Diluted Average Shares": 201161788.0,
        "Basic Average Shares": 189762660.0,
        "Diluted EPS": 0.86,
        "Basic EPS": 0.88,
        "Diluted NI Availto Com Stockholders": 189919000.0,
        "Average Dilution Earnings": 0.0,
        "Net Income Common Stockholders": 189919000.0,
        "Otherunder Preferred Stock Dividend": -15969000.0,
        "Net Income": 173950000.0,
        "Minority Interests": -249597000.0,
        "Net Income Including Noncontrolling Interests": 423547000.0,
        "Net Income Continuous Operations": 423547000.0,
        "Tax Provision": 59553000.0,
        "Pretax Income": 483100000.0,
        "Other Income Expense": 5887000.0,
        "Other Non Operating Income Expenses": 5887000.0,
        "Gain On Sale Of Security": NaN,
        "Net Non Operating Interest Income Expense": -243122000.0,
        "Interest Expense Non Operating": 243122000.0,
        "Interest Income Non Operating": NaN,
        "Operating Income": 720335000.0,
        "Operating Expense": 379659000.0,
        "Other Operating Expenses": 15321000.0,
        "Selling General And Administration": 364338000.0,
        "General And Administrative Expense": 364338000.0,
        "Other Gand A": 158806000.0,
        "Salaries And Wages": 205532000.0,
        "Gross Profit": 1099994000.0,
        "Cost Of Revenue": 390865000.0,
        "Total Revenue": 1490859000.0,
        "Operating Revenue": 1490859000.0
    },
    "2024-03-31": {
        "Tax Effect Of Unusual Items": NaN,
        "Tax Rate For Calcs": NaN,
        "Normalized EBITDA": NaN,
        "Total Unusual Items": NaN,
        "Total Unusual Items Excluding Goodwill": NaN,
        "Net Income From Continuing Operation Net Minority Interest": NaN,
        "Reconciled Cost Of Revenue": NaN,
        "EBITDA": NaN,
        "EBIT": NaN,
        "Net Interest Income": NaN,
        "Interest Expense": NaN,
        "Interest Income": NaN,
        "Normalized Income": NaN,
        "Net Income From Continuing And Discontinued Operation": NaN,
        "Total Expenses": NaN,
        "Diluted Average Shares": 192622609.0,
        "Basic Average Shares": 192622609.0,
        "Diluted EPS": 0.33,
        "Basic EPS": 0.33,
        "Diluted NI Availto Com Stockholders": NaN,
        "Average Dilution Earnings": NaN,
        "Net Income Common Stockholders": NaN,
        "Otherunder Preferred Stock Dividend": NaN,
        "Net Income": NaN,
        "Minority Interests": NaN,
        "Net Income Including Noncontrolling Interests": NaN,
        "Net Income Continuous Operations": NaN,
        "Tax Provision": NaN,
        "Pretax Income": NaN,
        "Other Income Expense": NaN,
        "Other Non Operating Income Expenses": NaN,
        "Gain On Sale Of Security": NaN,
        "Net Non Operating Interest Income Expense": NaN,
        "Interest Expense Non Operating": NaN,
        "Interest Income Non Operating": NaN,
        "Operating Income": NaN,
        "Operating Expense": NaN,
        "Other Operating Expenses": NaN,
        "Selling General And Administration": NaN,
        "General And Administrative Expense": NaN,
        "Other Gand A": NaN,
        "Salaries And Wages": NaN,
        "Gross Profit": NaN,
        "Cost Of Revenue": NaN,
        "Total Revenue": NaN,
        "Operating Revenue": NaN
    },
    "2024-06-30": {
        "Tax Effect Of Unusual Items": 0.0,
        "Tax Rate For Calcs": 0.129438,
        "Normalized EBITDA": 572438000.0,
        "Total Unusual Items": NaN,
        "Total Unusual Items Excluding Goodwill": NaN,
        "Net Income From Continuing Operation Net Minority Interest": 94938000.0,
        "Reconciled Cost Of Revenue": 419858000.0,
        "EBITDA": 572438000.0,
        "EBIT": 572438000.0,
        "Net Interest Income": -255113000.0,
        "Interest Expense": 255113000.0,
        "Interest Income": NaN,
        "Normalized Income": 94938000.0,
        "Net Income From Continuing And Discontinued Operation": 94938000.0,
        "Total Expenses": 564544000.0,
        "Diluted Average Shares": 196186922.0,
        "Basic Average Shares": 196186922.0,
        "Diluted EPS": 0.43,
        "Basic EPS": 0.43,
        "Diluted NI Availto Com Stockholders": 87344000.0,
        "Average Dilution Earnings": -7594000.0,
        "Net Income Common Stockholders": 94938000.0,
        "Otherunder Preferred Stock Dividend": NaN,
        "Net Income": 94938000.0,
        "Minority Interests": -181313000.0,
        "Net Income Including Noncontrolling Interests": 276251000.0,
        "Net Income Continuous Operations": 276251000.0,
        "Tax Provision": 41074000.0,
        "Pretax Income": 317325000.0,
        "Other Income Expense": -938000.0,
        "Other Non Operating Income Expenses": -938000.0,
        "Gain On Sale Of Security": NaN,
        "Net Non Operating Interest Income Expense": -255113000.0,
        "Interest Expense Non Operating": 255113000.0,
        "Interest Income Non Operating": NaN,
        "Operating Income": 573376000.0,
        "Operating Expense": 144686000.0,
        "Other Operating Expenses": 4239000.0,
        "Selling General And Administration": 140447000.0,
        "General And Administrative Expense": 140447000.0,
        "Other Gand A": 169432000.0,
        "Salaries And Wages": -28985000.0,
        "Gross Profit": 718062000.0,
        "Cost Of Revenue": 419858000.0,
        "Total Revenue": 1137920000.0,
        "Operating Revenue": 1137920000.0
    }
}