{
    "2023-06-30": {
        "Tax Effect Of Unusual Items": -420210.0,
        "Tax Rate For Calcs": 0.21,
        "Normalized EBITDA": -81653000.0,
        "Total Unusual Items": -2001000.0,
        "Total Unusual Items Excluding Goodwill": -2001000.0,
        "Net Income From Continuing Operation Net Minority Interest": -94368000.0,
        "Reconciled Cost Of Revenue": 24024000.0,
        "EBITDA": -83654000.0,
        "EBIT": -83654000.0,
        "Net Interest Income": 20234000.0,
        "Interest Expense": 207000.0,
        "Interest Income": 20441000.0,
        "Normalized Income": -92787210.0,
        "Net Income From Continuing And Discontinued Operation": -94368000.0,
        "Total Expenses": 371026000.0,
        "Total Operating Income As Reported": -102094000.0,
        "Diluted Average Shares": NaN,
        "Basic Average Shares": NaN,
        "Diluted EPS": NaN,
        "Basic EPS": NaN,
        "Diluted NI Availto Com Stockholders": -94368000.0,
        "Net Income Common Stockholders": -94368000.0,
        "Net Income": -94368000.0,
        "Net Income Including Noncontrolling Interests": -94368000.0,
        "Net Income Continuous Operations": -94368000.0,
        "Tax Provision": 10507000.0,
        "Pretax Income": -83861000.0,
        "Other Income Expense": -3620000.0,
        "Earnings From Equity Interest": -1619000.0,
        "Gain On Sale Of Security": -2001000.0,
        "Net Non Operating Interest Income Expense": 20234000.0,
        "Interest Expense Non Operating": 207000.0,
        "Interest Income Non Operating": 20441000.0,
        "Operating Income": -100476000.0,
        "Operating Expense": 347002000.0,
        "Other Operating Expenses": -10485000.0,
        "Research And Development": 195509000.0,
        "Selling General And Administration": 160895000.0,
        "Gross Profit": 246526000.0,
        "Cost Of Revenue": 24024000.0,
        "Total Revenue": 270550000.0,
        "Operating Revenue": 270550000.0
    },
    "2023-03-31": {
        "Tax Effect Of Unusual Items": NaN,
        "Tax Rate For Calcs": NaN,
        "Normalized EBITDA": NaN,
        "Total Unusual Items": NaN,
        "Total Unusual Items Excluding Goodwill": NaN,
        "Net Income From Continuing Operation Net Minority Interest": NaN,
        "Reconciled Cost Of Revenue": NaN,
        "EBITDA": NaN,
        "EBIT": NaN,
        "Net Interest Income": NaN,
        "Interest Expense": NaN,
        "Interest Income": NaN,
        "Normalized Income": NaN,
        "Net Income From Continuing And Discontinued Operation": NaN,
        "Total Expenses": NaN,
        "Total Operating Income As Reported": NaN,
        "Diluted Average Shares": 55555186.0,
        "Basic Average Shares": 55555186.0,
        "Diluted EPS": -0.52,
        "Basic EPS": -0.52,
        "Diluted NI Availto Com Stockholders": NaN,
        "Net Income Common Stockholders": NaN,
        "Net Income": NaN,
        "Net Income Including Noncontrolling Interests": NaN,
        "Net Income Continuous Operations": NaN,
        "Tax Provision": NaN,
        "Pretax Income": NaN,
        "Other Income Expense": NaN,
        "Earnings From Equity Interest": NaN,
        "Gain On Sale Of Security": NaN,
        "Net Non Operating Interest Income Expense": NaN,
        "Interest Expense Non Operating": NaN,
        "Interest Income Non Operating": NaN,
        "Operating Income": NaN,
        "Operating Expense": NaN,
        "Other Operating Expenses": NaN,
        "Research And Development": NaN,
        "Selling General And Administration": NaN,
        "Gross Profit": NaN,
        "Cost Of Revenue": NaN,
        "Total Revenue": NaN,
        "Operating Revenue": NaN
    },
    "2022-12-31": {
        "Tax Effect Of Unusual Items": NaN,
        "Tax Rate For Calcs": NaN,
        "Normalized EBITDA": NaN,
        "Total Unusual Items": NaN,
        "Total Unusual Items Excluding Goodwill": NaN,
        "Net Income From Continuing Operation Net Minority Interest": NaN,
        "Reconciled Cost Of Revenue": NaN,
        "EBITDA": NaN,
        "EBIT": NaN,
        "Net Interest Income": NaN,
        "Interest Expense": NaN,
        "Interest Income": NaN,
        "Normalized Income": NaN,
        "Net Income From Continuing And Discontinued Operation": NaN,
        "Total Expenses": NaN,
        "Total Operating Income As Reported": NaN,
        "Diluted Average Shares": 55364124.0,
        "Basic Average Shares": 55364124.0,
        "Diluted EPS": -0.7,
        "Basic EPS": -0.7,
        "Diluted NI Availto Com Stockholders": NaN,
        "Net Income Common Stockholders": NaN,
        "Net Income": NaN,
        "Net Income Including Noncontrolling Interests": NaN,
        "Net Income Continuous Operations": NaN,
        "Tax Provision": NaN,
        "Pretax Income": NaN,
        "Other Income Expense": NaN,
        "Earnings From Equity Interest": NaN,
        "Gain On Sale Of Security": NaN,
        "Net Non Operating Interest Income Expense": NaN,
        "Interest Expense Non Operating": NaN,
        "Interest Income Non Operating": NaN,
        "Operating Income": NaN,
        "Operating Expense": NaN,
        "Other Operating Expenses": NaN,
        "Research And Development": NaN,
        "Selling General And Administration": NaN,
        "Gross Profit": NaN,
        "Cost Of Revenue": NaN,
        "Total Revenue": NaN,
        "Operating Revenue": NaN
    },
    "2022-09-30": {
        "Tax Effect Of Unusual Items": NaN,
        "Tax Rate For Calcs": NaN,
        "Normalized EBITDA": NaN,
        "Total Unusual Items": NaN,
        "Total Unusual Items Excluding Goodwill": NaN,
        "Net Income From Continuing Operation Net Minority Interest": NaN,
        "Reconciled Cost Of Revenue": NaN,
        "EBITDA": NaN,
        "EBIT": NaN,
        "Net Interest Income": NaN,
        "Interest Expense": NaN,
        "Interest Income": NaN,
        "Normalized Income": NaN,
        "Net Income From Continuing And Discontinued Operation": NaN,
        "Total Expenses": NaN,
        "Total Operating Income As Reported": NaN,
        "Diluted Average Shares": 55203655.0,
        "Basic Average Shares": 55203655.0,
        "Diluted EPS": -4.26,
        "Basic EPS": -4.26,
        "Diluted NI Availto Com Stockholders": NaN,
        "Net Income Common Stockholders": NaN,
        "Net Income": NaN,
        "Net Income Including Noncontrolling Interests": NaN,
        "Net Income Continuous Operations": NaN,
        "Tax Provision": NaN,
        "Pretax Income": NaN,
        "Other Income Expense": NaN,
        "Earnings From Equity Interest": NaN,
        "Gain On Sale Of Security": NaN,
        "Net Non Operating Interest Income Expense": NaN,
        "Interest Expense Non Operating": NaN,
        "Interest Income Non Operating": NaN,
        "Operating Income": NaN,
        "Operating Expense": NaN,
        "Other Operating Expenses": NaN,
        "Research And Development": NaN,
        "Selling General And Administration": NaN,
        "Gross Profit": NaN,
        "Cost Of Revenue": NaN,
        "Total Revenue": NaN,
        "Operating Revenue": NaN
    },
    "2022-06-30": {
        "Tax Effect Of Unusual Items": -1750982.592705,
        "Tax Rate For Calcs": 0.037926,
        "Normalized EBITDA": -169631000.0,
        "Total Unusual Items": -46169000.0,
        "Total Unusual Items Excluding Goodwill": -46169000.0,
        "Net Income From Continuing Operation Net Minority Interest": -208749000.0,
        "Reconciled Cost Of Revenue": 5010000.0,
        "EBITDA": -215800000.0,
        "EBIT": -215800000.0,
        "Net Interest Income": 3734000.0,
        "Interest Expense": 1178000.0,
        "Interest Income": 4912000.0,
        "Normalized Income": -164330982.592705,
        "Net Income From Continuing And Discontinued Operation": -208749000.0,
        "Total Expenses": 249738000.0,
        "Total Operating Income As Reported": -174544000.0,
        "Diluted Average Shares": 54815495.0,
        "Basic Average Shares": 54815495.0,
        "Diluted EPS": -3.8,
        "Basic EPS": -3.8,
        "Diluted NI Availto Com Stockholders": -208749000.0,
        "Net Income Common Stockholders": -208749000.0,
        "Net Income": -208749000.0,
        "Net Income Including Noncontrolling Interests": -208749000.0,
        "Net Income Continuous Operations": -208749000.0,
        "Tax Provision": -8229000.0,
        "Pretax Income": -216978000.0,
        "Other Income Expense": -46169000.0,
        "Earnings From Equity Interest": NaN,
        "Gain On Sale Of Security": -46169000.0,
        "Net Non Operating Interest Income Expense": 3734000.0,
        "Interest Expense Non Operating": 1178000.0,
        "Interest Income Non Operating": 4912000.0,
        "Operating Income": -174544000.0,
        "Operating Expense": 244728000.0,
        "Other Operating Expenses": -9989000.0,
        "Research And Development": 126919000.0,
        "Selling General And Administration": 126581000.0,
        "Gross Profit": 70184000.0,
        "Cost Of Revenue": 5010000.0,
        "Total Revenue": 75194000.0,
        "Operating Revenue": 75194000.0
    },
    "2022-03-31": {
        "Diluted EPS": -4.36,
        "Total Revenue": 31,
        "Gross Profit": 30,
        "Operating Income": -223,
        "EBIT": -223,
        "Net Income": -227
    },
    "2021-12-31": {
        "Diluted EPS": -4.54,
        "Total Revenue": 34,
        "Gross Profit": 34,
        "Operating Income": -231,
        "EBIT": -231,
        "Net Income": -238
    },
    "2021-09-30": {
        "Diluted EPS": -4.54,
        "Total Revenue": 7,
        "Gross Profit": 7,
        "Operating Income": -213,
        "EBIT": -213,
        "Net Income": -234
    },
    "2021-06-30": {
        "Diluted EPS": 0.0,
        "Total Revenue": NaN,
        "Gross Profit": NaN,
        "Operating Income": NaN,
        "Net Income": NaN
    },
    "2021-03-31": {
        "Diluted EPS": -0.81,
        "Total Revenue": 179,
        "Gross Profit": 179,
        "Operating Income": 0,
        "EBIT": 0,
        "Net Income": -40
    },
    "2020-03-31": {
        "Diluted EPS": -2.06,
        "Total Revenue": 26,
        "Gross Profit": 26,
        "Operating Income": -106,
        "EBIT": -106,
        "Net Income": -88
    },
    "2019-12-31": {
        "Diluted EPS": 0.0,
        "Total Revenue": NaN,
        "Gross Profit": NaN,
        "Operating Income": NaN,
        "EBIT": NaN,
        "Net Income": NaN
    },
    "2019-06-30": {
        "Diluted EPS": 0.0,
        "Total Revenue": NaN,
        "Gross Profit": NaN,
        "Operating Income": NaN,
        "EBIT": NaN,
        "Net Income": NaN
    },
    "2018-12-31": {
        "Diluted EPS": 0.0,
        "Total Revenue": NaN,
        "Gross Profit": NaN,
        "Operating Income": NaN,
        "EBIT": NaN,
        "Net Income": NaN
    },
    "2018-06-30": {
        "Diluted EPS": 0.0,
        "Total Revenue": NaN,
        "Gross Profit": NaN,
        "Operating Income": NaN,
        "EBIT": NaN,
        "Net Income": NaN
    },
    "2017-12-31": {
        "Diluted EPS": 0.0,
        "Total Revenue": NaN,
        "Gross Profit": NaN,
        "Operating Income": NaN,
        "EBIT": NaN,
        "Net Income": NaN
    },
    "2017-06-30": {
        "Diluted EPS": 0.0,
        "Total Revenue": NaN,
        "Gross Profit": NaN,
        "Operating Income": NaN,
        "EBIT": NaN,
        "Net Income": NaN
    },
    "2016-12-31": {
        "Diluted EPS": 0.0,
        "Total Revenue": NaN,
        "Gross Profit": NaN,
        "Operating Income": NaN,
        "EBIT": NaN,
        "Net Income": NaN
    },
    "2023-09-30": {
        "Tax Effect Of Unusual Items": -4152286.086528,
        "Tax Rate For Calcs": 0.127727,
        "Normalized EBITDA": -50539000.0,
        "Total Unusual Items": -32509000.0,
        "Total Unusual Items Excluding Goodwill": -32509000.0,
        "Net Income From Continuing Operation Net Minority Interest": -72642000.0,
        "Reconciled Cost Of Revenue": 35999000.0,
        "EBITDA": -83048000.0,
        "EBIT": -83048000.0,
        "Net Interest Income": 29818000.0,
        "Interest Expense": 231000.0,
        "Interest Income": 30049000.0,
        "Normalized Income": -44285286.086528,
        "Net Income From Continuing And Discontinued Operation": -72642000.0,
        "Total Expenses": 409634000.0,
        "Total Operating Income As Reported": -80588000.0,
        "Diluted Average Shares": 58128233.0,
        "Basic Average Shares": 58128233.0,
        "Diluted EPS": -1.25,
        "Basic EPS": -1.25,
        "Diluted NI Availto Com Stockholders": -72642000.0,
        "Net Income Common Stockholders": -72642000.0,
        "Net Income": -72642000.0,
        "Net Income Including Noncontrolling Interests": -72642000.0,
        "Net Income Continuous Operations": -72642000.0,
        "Tax Provision": -10637000.0,
        "Pretax Income": -83279000.0,
        "Other Income Expense": -33252000.0,
        "Earnings From Equity Interest": -743000.0,
        "Gain On Sale Of Security": -32509000.0,
        "Net Non Operating Interest Income Expense": 29818000.0,
        "Interest Expense Non Operating": 231000.0,
        "Interest Income Non Operating": 30049000.0,
        "Operating Income": -79845000.0,
        "Operating Expense": 373635000.0,
        "Other Operating Expenses": -10050000.0,
        "Research And Development": 191755000.0,
        "Selling General And Administration": 191930000.0,
        "Gross Profit": 293790000.0,
        "Cost Of Revenue": 35999000.0,
        "Total Revenue": 329789000.0,
        "Operating Revenue": 329789000.0
    },
    "2023-12-31": {
        "Tax Effect Of Unusual Items": 10886400.0,
        "Tax Rate For Calcs": 0.21,
        "Normalized EBITDA": -112740000.0,
        "Total Unusual Items": 51840000.0,
        "Total Unusual Items Excluding Goodwill": 51840000.0,
        "Net Income From Continuing Operation Net Minority Interest": -99172000.0,
        "Reconciled Cost Of Revenue": 39477000.0,
        "EBITDA": -60900000.0,
        "EBIT": -60900000.0,
        "Net Interest Income": 25606000.0,
        "Interest Expense": 278000.0,
        "Interest Income": 25884000.0,
        "Normalized Income": -140125600.0,
        "Net Income From Continuing And Discontinued Operation": -99172000.0,
        "Total Expenses": 543673000.0,
        "Total Operating Income As Reported": -138624000.0,
        "Diluted Average Shares": NaN,
        "Basic Average Shares": NaN,
        "Diluted EPS": NaN,
        "Basic EPS": NaN,
        "Diluted NI Availto Com Stockholders": -99172000.0,
        "Net Income Common Stockholders": -99172000.0,
        "Net Income": -99172000.0,
        "Net Income Including Noncontrolling Interests": -99172000.0,
        "Net Income Continuous Operations": -99172000.0,
        "Tax Provision": 37994000.0,
        "Pretax Income": -61178000.0,
        "Other Income Expense": 50052000.0,
        "Earnings From Equity Interest": -1788000.0,
        "Gain On Sale Of Security": 51840000.0,
        "Net Non Operating Interest Income Expense": 25606000.0,
        "Interest Expense Non Operating": 278000.0,
        "Interest Income Non Operating": 25884000.0,
        "Operating Income": -136836000.0,
        "Operating Expense": 504196000.0,
        "Other Operating Expenses": -11003000.0,
        "Research And Development": 306373000.0,
        "Selling General And Administration": 206460000.0,
        "Gross Profit": 367360000.0,
        "Cost Of Revenue": 39477000.0,
        "Total Revenue": 406837000.0,
        "Operating Revenue": 401304000.0
    },
    "2024-03-31": {
        "Tax Effect Of Unusual Items": -3312520.995293,
        "Tax Rate For Calcs": 0.171527,
        "Normalized EBITDA": -54526000.0,
        "Total Unusual Items": -19312000.0,
        "Total Unusual Items Excluding Goodwill": -19312000.0,
        "Net Income From Continuing Operation Net Minority Interest": -61597000.0,
        "Reconciled Cost Of Revenue": 43178000.0,
        "EBITDA": -73838000.0,
        "EBIT": -73838000.0,
        "Net Interest Income": 38383000.0,
        "Interest Expense": 512000.0,
        "Interest Income": 38895000.0,
        "Normalized Income": -45597520.995293,
        "Net Income From Continuing And Discontinued Operation": -61597000.0,
        "Total Expenses": 492630000.0,
        "Total Operating Income As Reported": -93421000.0,
        "Diluted Average Shares": 59309996.0,
        "Basic Average Shares": 59309996.0,
        "Diluted EPS": -1.04,
        "Basic EPS": -1.04,
        "Diluted NI Availto Com Stockholders": -61597000.0,
        "Net Income Common Stockholders": -61597000.0,
        "Net Income": -61597000.0,
        "Net Income Including Noncontrolling Interests": -61597000.0,
        "Net Income Continuous Operations": -61597000.0,
        "Tax Provision": -12753000.0,
        "Pretax Income": -74350000.0,
        "Other Income Expense": -21104000.0,
        "Earnings From Equity Interest": -1792000.0,
        "Gain On Sale Of Security": -19312000.0,
        "Net Non Operating Interest Income Expense": 38383000.0,
        "Interest Expense Non Operating": 512000.0,
        "Interest Income Non Operating": 38895000.0,
        "Operating Income": -91629000.0,
        "Operating Expense": 449452000.0,
        "Other Operating Expenses": -11512000.0,
        "Research And Development": 224969000.0,
        "Selling General And Administration": 235995000.0,
        "Gross Profit": 357823000.0,
        "Cost Of Revenue": 43178000.0,
        "Total Revenue": 401001000.0,
        "Operating Revenue": 401001000.0
    },
    "2024-06-30": {
        "Tax Effect Of Unusual Items": -1659630.0,
        "Tax Rate For Calcs": 0.21,
        "Normalized EBITDA": -6528000.0,
        "Total Unusual Items": -7903000.0,
        "Total Unusual Items Excluding Goodwill": -7903000.0,
        "Net Income From Continuing Operation Net Minority Interest": 29066000.0,
        "Reconciled Cost Of Revenue": 52383000.0,
        "EBITDA": -14431000.0,
        "EBIT": -14431000.0,
        "Net Interest Income": 38361000.0,
        "Interest Expense": 572000.0,
        "Interest Income": 38933000.0,
        "Normalized Income": 35309370.0,
        "Net Income From Continuing And Discontinued Operation": 29066000.0,
        "Total Expenses": 521575000.0,
        "Total Operating Income As Reported": -45461000.0,
        "Diluted Average Shares": NaN,
        "Basic Average Shares": NaN,
        "Diluted EPS": NaN,
        "Basic EPS": NaN,
        "Diluted NI Availto Com Stockholders": 29066000.0,
        "Net Income Common Stockholders": 29066000.0,
        "Net Income": 29066000.0,
        "Net Income Including Noncontrolling Interests": 29066000.0,
        "Net Income Continuous Operations": 29066000.0,
        "Tax Provision": -44069000.0,
        "Pretax Income": -15003000.0,
        "Other Income Expense": -9424000.0,
        "Earnings From Equity Interest": -1521000.0,
        "Gain On Sale Of Security": -7903000.0,
        "Net Non Operating Interest Income Expense": 38361000.0,
        "Interest Expense Non Operating": 572000.0,
        "Interest Income Non Operating": 38933000.0,
        "Operating Income": -43940000.0,
        "Operating Expense": 469192000.0,
        "Other Operating Expenses": -11793000.0,
        "Research And Development": 225286000.0,
        "Selling General And Administration": 254275000.0,
        "Gross Profit": 425252000.0,
        "Cost Of Revenue": 52383000.0,
        "Total Revenue": 477635000.0,
        "Operating Revenue": 477635000.0
    },
    "2024-09-30": {
        "Tax Effect Of Unusual Items": 7124670.0,
        "Tax Rate For Calcs": 0.21,
        "Normalized EBITDA": 54773000.0,
        "Total Unusual Items": 33927000.0,
        "Total Unusual Items Excluding Goodwill": 33927000.0,
        "Net Income From Continuing Operation Net Minority Interest": 91410000.0,
        "Reconciled Cost Of Revenue": 59072000.0,
        "EBITDA": 88700000.0,
        "EBIT": 88700000.0,
        "Net Interest Income": 39910000.0,
        "Interest Expense": 676000.0,
        "Interest Income": 40586000.0,
        "Normalized Income": 64607670.0,
        "Net Income From Continuing And Discontinued Operation": 91410000.0,
        "Total Expenses": 557068000.0,
        "Total Operating Income As Reported": 14187000.0,
        "Diluted Average Shares": 65762590.0,
        "Basic Average Shares": 60087498.0,
        "Diluted EPS": 1.39,
        "Basic EPS": 1.52,
        "Diluted NI Availto Com Stockholders": 91410000.0,
        "Net Income Common Stockholders": 91410000.0,
        "Net Income": 91410000.0,
        "Net Income Including Noncontrolling Interests": 91410000.0,
        "Net Income Continuous Operations": 91410000.0,
        "Tax Provision": -3386000.0,
        "Pretax Income": 88024000.0,
        "Other Income Expense": 31946000.0,
        "Earnings From Equity Interest": -1981000.0,
        "Gain On Sale Of Security": 33927000.0,
        "Net Non Operating Interest Income Expense": 39910000.0,
        "Interest Expense Non Operating": 676000.0,
        "Interest Income Non Operating": 40586000.0,
        "Operating Income": 16168000.0,
        "Operating Expense": 497996000.0,
        "Other Operating Expenses": -15642000.0,
        "Research And Development": 235940000.0,
        "Selling General And Administration": 277698000.0,
        "Gross Profit": 514164000.0,
        "Cost Of Revenue": 59072000.0,
        "Total Revenue": 573236000.0,
        "Operating Revenue": 573236000.0
    }
}