{
    "2023-03-31": {
        "Tax Effect Of Unusual Items": NaN,
        "Tax Rate For Calcs": NaN,
        "Normalized EBITDA": NaN,
        "Net Income From Continuing Operation Net Minority Interest": NaN,
        "Reconciled Depreciation": NaN,
        "Reconciled Cost Of Revenue": NaN,
        "EBITDA": NaN,
        "EBIT": NaN,
        "Net Interest Income": NaN,
        "Interest Income": NaN,
        "Normalized Income": NaN,
        "Net Income From Continuing And Discontinued Operation": NaN,
        "Total Expenses": NaN,
        "Total Operating Income As Reported": NaN,
        "Diluted Average Shares": NaN,
        "Basic Average Shares": NaN,
        "Diluted EPS": NaN,
        "Basic EPS": NaN,
        "Diluted NI Availto Com Stockholders": NaN,
        "Net Income Common Stockholders": NaN,
        "Net Income": NaN,
        "Net Income Including Noncontrolling Interests": NaN,
        "Net Income Continuous Operations": NaN,
        "Tax Provision": NaN,
        "Pretax Income": NaN,
        "Other Income Expense": NaN,
        "Other Non Operating Income Expenses": NaN,
        "Net Non Operating Interest Income Expense": NaN,
        "Total Other Finance Cost": -173000.0,
        "Interest Income Non Operating": NaN,
        "Operating Income": NaN,
        "Operating Expense": NaN,
        "Selling General And Administration": NaN,
        "Gross Profit": NaN,
        "Cost Of Revenue": NaN,
        "Total Revenue": NaN,
        "Operating Revenue": NaN
    },
    "2022-12-31": {
        "Tax Effect Of Unusual Items": NaN,
        "Tax Rate For Calcs": NaN,
        "Normalized EBITDA": NaN,
        "Total Unusual Items": 0.0,
        "Total Unusual Items Excluding Goodwill": 0.0,
        "Net Income From Continuing Operation Net Minority Interest": NaN,
        "Reconciled Depreciation": NaN,
        "Reconciled Cost Of Revenue": NaN,
        "EBITDA": NaN,
        "EBIT": NaN,
        "Net Interest Income": NaN,
        "Interest Expense": 20000.0,
        "Interest Income": NaN,
        "Normalized Income": NaN,
        "Net Income From Continuing And Discontinued Operation": NaN,
        "Total Expenses": NaN,
        "Total Operating Income As Reported": NaN,
        "Diluted Average Shares": NaN,
        "Basic Average Shares": NaN,
        "Diluted EPS": NaN,
        "Basic EPS": NaN,
        "Diluted NI Availto Com Stockholders": NaN,
        "Net Income Common Stockholders": NaN,
        "Net Income": NaN,
        "Minority Interests": 0.0,
        "Net Income Including Noncontrolling Interests": NaN,
        "Net Income Continuous Operations": NaN,
        "Tax Provision": NaN,
        "Pretax Income": NaN,
        "Other Income Expense": NaN,
        "Other Non Operating Income Expenses": NaN,
        "Special Income Charges": 0.0,
        "Gain On Sale Of Ppe": 0.0,
        "Net Non Operating Interest Income Expense": NaN,
        "Total Other Finance Cost": NaN,
        "Interest Expense Non Operating": 20000.0,
        "Interest Income Non Operating": NaN,
        "Operating Income": NaN,
        "Operating Expense": NaN,
        "Selling General And Administration": NaN,
        "Gross Profit": NaN,
        "Cost Of Revenue": NaN,
        "Total Revenue": NaN,
        "Operating Revenue": NaN
    },
    "2022-09-30": {
        "Tax Effect Of Unusual Items": NaN,
        "Tax Rate For Calcs": NaN,
        "Normalized EBITDA": NaN,
        "Total Unusual Items": 0.0,
        "Total Unusual Items Excluding Goodwill": 0.0,
        "Net Income From Continuing Operation Net Minority Interest": NaN,
        "Reconciled Depreciation": NaN,
        "Reconciled Cost Of Revenue": NaN,
        "EBITDA": NaN,
        "EBIT": NaN,
        "Net Interest Income": NaN,
        "Interest Expense": 751000.0,
        "Interest Income": NaN,
        "Normalized Income": NaN,
        "Net Income From Continuing And Discontinued Operation": NaN,
        "Total Expenses": NaN,
        "Total Operating Income As Reported": NaN,
        "Diluted Average Shares": NaN,
        "Basic Average Shares": NaN,
        "Diluted EPS": NaN,
        "Basic EPS": NaN,
        "Diluted NI Availto Com Stockholders": NaN,
        "Net Income Common Stockholders": NaN,
        "Net Income": NaN,
        "Minority Interests": 0.0,
        "Net Income Including Noncontrolling Interests": NaN,
        "Net Income Continuous Operations": NaN,
        "Tax Provision": NaN,
        "Pretax Income": NaN,
        "Other Income Expense": NaN,
        "Other Non Operating Income Expenses": NaN,
        "Special Income Charges": 0.0,
        "Gain On Sale Of Ppe": 0.0,
        "Net Non Operating Interest Income Expense": NaN,
        "Total Other Finance Cost": 751000.0,
        "Interest Expense Non Operating": 751000.0,
        "Interest Income Non Operating": NaN,
        "Operating Income": NaN,
        "Operating Expense": NaN,
        "Selling General And Administration": NaN,
        "Gross Profit": NaN,
        "Cost Of Revenue": NaN,
        "Total Revenue": NaN,
        "Operating Revenue": NaN
    },
    "2022-06-30": {
        "Tax Effect Of Unusual Items": 0.0,
        "Tax Rate For Calcs": 0.253073,
        "Normalized EBITDA": 63987000.0,
        "Total Unusual Items": 0.0,
        "Total Unusual Items Excluding Goodwill": 0.0,
        "Net Income From Continuing Operation Net Minority Interest": 36639000.0,
        "Reconciled Depreciation": 13618000.0,
        "Reconciled Cost Of Revenue": 173239000.0,
        "EBITDA": 63987000.0,
        "EBIT": 50369000.0,
        "Net Interest Income": -1316000.0,
        "Interest Expense": 1316000.0,
        "Interest Income": NaN,
        "Normalized Income": 36639000.0,
        "Net Income From Continuing And Discontinued Operation": 36639000.0,
        "Total Expenses": 256013000.0,
        "Total Operating Income As Reported": 50252000.0,
        "Diluted Average Shares": 139454109.0,
        "Basic Average Shares": 137840691.0,
        "Diluted EPS": 0.26,
        "Basic EPS": 0.27,
        "Diluted NI Availto Com Stockholders": 36639000.0,
        "Net Income Common Stockholders": 36639000.0,
        "Net Income": 36639000.0,
        "Minority Interests": 0.0,
        "Net Income Including Noncontrolling Interests": 36639000.0,
        "Net Income Continuous Operations": 36639000.0,
        "Tax Provision": 12414000.0,
        "Pretax Income": 49053000.0,
        "Other Income Expense": 117000.0,
        "Other Non Operating Income Expenses": 117000.0,
        "Special Income Charges": 0.0,
        "Gain On Sale Of Ppe": 0.0,
        "Net Non Operating Interest Income Expense": -1316000.0,
        "Total Other Finance Cost": NaN,
        "Interest Expense Non Operating": 1316000.0,
        "Interest Income Non Operating": NaN,
        "Operating Income": 50252000.0,
        "Operating Expense": 82774000.0,
        "Selling General And Administration": 82774000.0,
        "Gross Profit": 133026000.0,
        "Cost Of Revenue": 173239000.0,
        "Total Revenue": 306265000.0,
        "Operating Revenue": 306265000.0
    },
    "2022-03-31": {
        "Diluted EPS": 0.12,
        "Total Revenue": 246,
        "Gross Profit": 98,
        "Operating Income": 23,
        "EBIT": 38,
        "Net Income": 16
    },
    "2021-12-31": {
        "Diluted EPS": 0.07,
        "Total Revenue": 238,
        "Gross Profit": 97,
        "Operating Income": -3,
        "EBIT": -1,
        "Net Income": 8
    },
    "2021-09-30": {
        "Diluted EPS": 0.05,
        "Total Revenue": 203,
        "Gross Profit": 85,
        "Operating Income": 16,
        "EBIT": 24,
        "Net Income": 6
    },
    "2021-06-30": {
        "Diluted EPS": 0.03,
        "Total Revenue": 184,
        "Gross Profit": 78,
        "Operating Income": 9,
        "EBIT": 14,
        "Net Income": 3
    },
    "2021-03-31": {
        "Diluted EPS": 0.03,
        "Total Revenue": 171,
        "Gross Profit": 70,
        "Operating Income": 11,
        "EBIT": 15,
        "Net Income": 4
    },
    "2020-12-31": {
        "Diluted EPS": 0.0,
        "Total Revenue": NaN,
        "Gross Profit": NaN,
        "Operating Income": NaN,
        "EBIT": NaN,
        "Net Income": NaN
    },
    "2020-09-30": {
        "Diluted EPS": -0.01,
        "Total Revenue": 121,
        "Gross Profit": 45,
        "Operating Income": 4,
        "EBIT": 4,
        "Net Income": -1
    },
    "2019-12-31": {
        "Diluted EPS": 0.0,
        "Total Revenue": NaN,
        "Gross Profit": NaN,
        "Operating Income": NaN,
        "EBIT": NaN,
        "Net Income": NaN
    },
    "2023-06-30": {
        "Tax Effect Of Unusual Items": NaN,
        "Tax Rate For Calcs": NaN,
        "Normalized EBITDA": NaN,
        "Net Income From Continuing Operation Net Minority Interest": NaN,
        "Reconciled Depreciation": NaN,
        "Reconciled Cost Of Revenue": NaN,
        "EBITDA": NaN,
        "EBIT": NaN,
        "Net Interest Income": NaN,
        "Interest Income": 478000.0,
        "Normalized Income": NaN,
        "Net Income From Continuing And Discontinued Operation": NaN,
        "Total Expenses": NaN,
        "Total Operating Income As Reported": NaN,
        "Diluted Average Shares": 139979928.0,
        "Basic Average Shares": 139389967.0,
        "Diluted EPS": 0.29,
        "Basic EPS": 0.29,
        "Diluted NI Availto Com Stockholders": NaN,
        "Net Income Common Stockholders": NaN,
        "Net Income": NaN,
        "Net Income Including Noncontrolling Interests": NaN,
        "Net Income Continuous Operations": NaN,
        "Tax Provision": NaN,
        "Pretax Income": NaN,
        "Other Income Expense": NaN,
        "Other Non Operating Income Expenses": NaN,
        "Net Non Operating Interest Income Expense": NaN,
        "Total Other Finance Cost": NaN,
        "Interest Income Non Operating": 478000.0,
        "Operating Income": NaN,
        "Operating Expense": NaN,
        "Selling General And Administration": NaN,
        "Gross Profit": NaN,
        "Cost Of Revenue": NaN,
        "Total Revenue": NaN,
        "Operating Revenue": NaN
    },
    "2023-09-30": {
        "Tax Effect Of Unusual Items": 0.0,
        "Tax Rate For Calcs": 0.212,
        "Normalized EBITDA": 39832000.0,
        "Net Income From Continuing Operation Net Minority Interest": 19741000.0,
        "Reconciled Depreciation": 15952000.0,
        "Reconciled Cost Of Revenue": 195372000.0,
        "EBITDA": 39832000.0,
        "EBIT": 23880000.0,
        "Net Interest Income": 1080000.0,
        "Interest Income": NaN,
        "Normalized Income": 19741000.0,
        "Net Income From Continuing And Discontinued Operation": 19741000.0,
        "Total Expenses": 302349000.0,
        "Total Operating Income As Reported": 23880000.0,
        "Diluted Average Shares": 140140899.0,
        "Basic Average Shares": 139628776.0,
        "Diluted EPS": 0.14,
        "Basic EPS": 0.14,
        "Diluted NI Availto Com Stockholders": 19741000.0,
        "Net Income Common Stockholders": 19741000.0,
        "Net Income": 19741000.0,
        "Net Income Including Noncontrolling Interests": 19741000.0,
        "Net Income Continuous Operations": 19741000.0,
        "Tax Provision": 5297000.0,
        "Pretax Income": 25038000.0,
        "Other Income Expense": 78000.0,
        "Other Non Operating Income Expenses": 78000.0,
        "Net Non Operating Interest Income Expense": 1080000.0,
        "Total Other Finance Cost": -1080000.0,
        "Interest Income Non Operating": NaN,
        "Operating Income": 23880000.0,
        "Operating Expense": 106977000.0,
        "Selling General And Administration": 106977000.0,
        "Gross Profit": 130857000.0,
        "Cost Of Revenue": 195372000.0,
        "Total Revenue": 326229000.0,
        "Operating Revenue": 326229000.0
    },
    "2023-12-31": {
        "Tax Effect Of Unusual Items": 0.0,
        "Tax Rate For Calcs": 0.272269,
        "Normalized EBITDA": 57562000.0,
        "Net Income From Continuing Operation Net Minority Interest": 31216000.0,
        "Reconciled Depreciation": 16576000.0,
        "Reconciled Cost Of Revenue": 202800000.0,
        "EBITDA": 57562000.0,
        "EBIT": 40986000.0,
        "Net Interest Income": 1620000.0,
        "Interest Income": NaN,
        "Normalized Income": 31216000.0,
        "Net Income From Continuing And Discontinued Operation": 31216000.0,
        "Total Expenses": 303022000.0,
        "Total Operating Income As Reported": 40986000.0,
        "Diluted Average Shares": NaN,
        "Basic Average Shares": NaN,
        "Diluted EPS": NaN,
        "Basic EPS": NaN,
        "Diluted NI Availto Com Stockholders": 31216000.0,
        "Net Income Common Stockholders": 31216000.0,
        "Net Income": 31216000.0,
        "Net Income Including Noncontrolling Interests": 31216000.0,
        "Net Income Continuous Operations": 31216000.0,
        "Tax Provision": 11679000.0,
        "Pretax Income": 42895000.0,
        "Other Income Expense": 289000.0,
        "Other Non Operating Income Expenses": 289000.0,
        "Net Non Operating Interest Income Expense": 1620000.0,
        "Total Other Finance Cost": -1620000.0,
        "Interest Income Non Operating": NaN,
        "Operating Income": 40986000.0,
        "Operating Expense": 100222000.0,
        "Selling General And Administration": 100222000.0,
        "Gross Profit": 141208000.0,
        "Cost Of Revenue": 202800000.0,
        "Total Revenue": 344008000.0,
        "Operating Revenue": 344008000.0
    },
    "2024-03-31": {
        "Tax Effect Of Unusual Items": 0.0,
        "Tax Rate For Calcs": 0.242,
        "Normalized EBITDA": 35702000.0,
        "Net Income From Continuing Operation Net Minority Interest": 15099000.0,
        "Reconciled Depreciation": 17341000.0,
        "Reconciled Cost Of Revenue": 180108000.0,
        "EBITDA": 35702000.0,
        "EBIT": 18361000.0,
        "Net Interest Income": 1432000.0,
        "Interest Income": NaN,
        "Normalized Income": 15099000.0,
        "Net Income From Continuing And Discontinued Operation": 15099000.0,
        "Total Expenses": 276801000.0,
        "Total Operating Income As Reported": 18361000.0,
        "Diluted Average Shares": 140556031.0,
        "Basic Average Shares": 139816792.0,
        "Diluted EPS": 0.11,
        "Basic EPS": 0.11,
        "Diluted NI Availto Com Stockholders": 15099000.0,
        "Net Income Common Stockholders": 15099000.0,
        "Net Income": 15099000.0,
        "Net Income Including Noncontrolling Interests": 15099000.0,
        "Net Income Continuous Operations": 15099000.0,
        "Tax Provision": 4816000.0,
        "Pretax Income": 19915000.0,
        "Other Income Expense": 122000.0,
        "Other Non Operating Income Expenses": 122000.0,
        "Net Non Operating Interest Income Expense": 1432000.0,
        "Total Other Finance Cost": -1432000.0,
        "Interest Income Non Operating": NaN,
        "Operating Income": 18361000.0,
        "Operating Expense": 96693000.0,
        "Selling General And Administration": 96693000.0,
        "Gross Profit": 115054000.0,
        "Cost Of Revenue": 180108000.0,
        "Total Revenue": 295162000.0,
        "Operating Revenue": 295162000.0
    },
    "2024-06-30": {
        "Tax Effect Of Unusual Items": 0.0,
        "Tax Rate For Calcs": 0.26,
        "Normalized EBITDA": 47691000.0,
        "Net Income From Continuing Operation Net Minority Interest": 22234000.0,
        "Reconciled Depreciation": 18310000.0,
        "Reconciled Cost Of Revenue": 185429000.0,
        "EBITDA": 47691000.0,
        "EBIT": 29381000.0,
        "Net Interest Income": 606000.0,
        "Interest Income": 606000.0,
        "Normalized Income": 22234000.0,
        "Net Income From Continuing And Discontinued Operation": 22234000.0,
        "Total Expenses": 280420000.0,
        "Total Operating Income As Reported": 29381000.0,
        "Diluted Average Shares": 140916161.0,
        "Basic Average Shares": 139985846.0,
        "Diluted EPS": 0.16,
        "Basic EPS": 0.16,
        "Diluted NI Availto Com Stockholders": 22234000.0,
        "Net Income Common Stockholders": 22234000.0,
        "Net Income": 22234000.0,
        "Net Income Including Noncontrolling Interests": 22234000.0,
        "Net Income Continuous Operations": 22234000.0,
        "Tax Provision": 7828000.0,
        "Pretax Income": 30062000.0,
        "Other Income Expense": 75000.0,
        "Other Non Operating Income Expenses": 75000.0,
        "Net Non Operating Interest Income Expense": 606000.0,
        "Total Other Finance Cost": NaN,
        "Interest Income Non Operating": 606000.0,
        "Operating Income": 29381000.0,
        "Operating Expense": 94991000.0,
        "Selling General And Administration": 94991000.0,
        "Gross Profit": 124372000.0,
        "Cost Of Revenue": 185429000.0,
        "Total Revenue": 309801000.0,
        "Operating Revenue": 309801000.0
    },
    "2024-09-30": {
        "Tax Effect Of Unusual Items": 0.0,
        "Tax Rate For Calcs": 0.134,
        "Normalized EBITDA": 30347000.0,
        "Net Income From Continuing Operation Net Minority Interest": 9923000.0,
        "Reconciled Depreciation": 19676000.0,
        "Reconciled Cost Of Revenue": 196061000.0,
        "EBITDA": 30347000.0,
        "EBIT": 10671000.0,
        "Net Interest Income": 544000.0,
        "Interest Income": NaN,
        "Normalized Income": 9923000.0,
        "Net Income From Continuing And Discontinued Operation": 9923000.0,
        "Total Expenses": 308462000.0,
        "Total Operating Income As Reported": 10671000.0,
        "Diluted Average Shares": 140722915.0,
        "Basic Average Shares": 140166990.0,
        "Diluted EPS": 0.07,
        "Basic EPS": 0.07,
        "Diluted NI Availto Com Stockholders": 9923000.0,
        "Net Income Common Stockholders": 9923000.0,
        "Net Income": 9923000.0,
        "Net Income Including Noncontrolling Interests": 9923000.0,
        "Net Income Continuous Operations": 9923000.0,
        "Tax Provision": 1542000.0,
        "Pretax Income": 11465000.0,
        "Other Income Expense": 250000.0,
        "Other Non Operating Income Expenses": 250000.0,
        "Net Non Operating Interest Income Expense": 544000.0,
        "Total Other Finance Cost": -544000.0,
        "Interest Income Non Operating": NaN,
        "Operating Income": 10671000.0,
        "Operating Expense": 112401000.0,
        "Selling General And Administration": 112401000.0,
        "Gross Profit": 123072000.0,
        "Cost Of Revenue": 196061000.0,
        "Total Revenue": 319133000.0,
        "Operating Revenue": 319133000.0
    }
}