{
    "2023-03-31": {
        "Tax Effect Of Unusual Items": NaN,
        "Tax Rate For Calcs": NaN,
        "Normalized EBITDA": NaN,
        "Total Unusual Items": NaN,
        "Total Unusual Items Excluding Goodwill": NaN,
        "Net Income From Continuing Operation Net Minority Interest": NaN,
        "Reconciled Depreciation": NaN,
        "Reconciled Cost Of Revenue": NaN,
        "EBITDA": NaN,
        "EBIT": NaN,
        "Net Interest Income": NaN,
        "Interest Expense": NaN,
        "Normalized Income": NaN,
        "Net Income From Continuing And Discontinued Operation": NaN,
        "Total Expenses": NaN,
        "Total Operating Income As Reported": NaN,
        "Diluted Average Shares": NaN,
        "Basic Average Shares": NaN,
        "Diluted EPS": NaN,
        "Basic EPS": NaN,
        "Diluted NI Availto Com Stockholders": NaN,
        "Average Dilution Earnings": 0.0,
        "Net Income Common Stockholders": NaN,
        "Otherunder Preferred Stock Dividend": 209000.0,
        "Net Income": NaN,
        "Minority Interests": NaN,
        "Net Income Including Noncontrolling Interests": NaN,
        "Net Income Continuous Operations": NaN,
        "Tax Provision": NaN,
        "Pretax Income": NaN,
        "Other Income Expense": NaN,
        "Other Non Operating Income Expenses": NaN,
        "Special Income Charges": NaN,
        "Gain On Sale Of Ppe": NaN,
        "Other Special Charges": NaN,
        "Impairment Of Capital Assets": 0.0,
        "Restructuring And Mergern Acquisition": NaN,
        "Net Non Operating Interest Income Expense": NaN,
        "Total Other Finance Cost": NaN,
        "Interest Expense Non Operating": NaN,
        "Operating Income": NaN,
        "Operating Expense": NaN,
        "Other Operating Expenses": NaN,
        "Research And Development": NaN,
        "Selling General And Administration": NaN,
        "General And Administrative Expense": NaN,
        "Other Gand A": NaN,
        "Gross Profit": NaN,
        "Cost Of Revenue": NaN,
        "Total Revenue": NaN,
        "Operating Revenue": NaN
    },
    "2022-12-31": {
        "Tax Effect Of Unusual Items": NaN,
        "Tax Rate For Calcs": NaN,
        "Normalized EBITDA": NaN,
        "Total Unusual Items": NaN,
        "Total Unusual Items Excluding Goodwill": NaN,
        "Net Income From Continuing Operation Net Minority Interest": NaN,
        "Reconciled Depreciation": NaN,
        "Reconciled Cost Of Revenue": NaN,
        "EBITDA": NaN,
        "EBIT": NaN,
        "Net Interest Income": NaN,
        "Interest Expense": NaN,
        "Normalized Income": NaN,
        "Net Income From Continuing And Discontinued Operation": NaN,
        "Total Expenses": NaN,
        "Total Operating Income As Reported": NaN,
        "Diluted Average Shares": NaN,
        "Basic Average Shares": NaN,
        "Diluted EPS": NaN,
        "Basic EPS": NaN,
        "Diluted NI Availto Com Stockholders": NaN,
        "Average Dilution Earnings": -686000.0,
        "Net Income Common Stockholders": NaN,
        "Otherunder Preferred Stock Dividend": -539000.0,
        "Net Income": NaN,
        "Minority Interests": NaN,
        "Net Income Including Noncontrolling Interests": NaN,
        "Net Income Continuous Operations": NaN,
        "Tax Provision": NaN,
        "Pretax Income": NaN,
        "Other Income Expense": NaN,
        "Other Non Operating Income Expenses": NaN,
        "Special Income Charges": NaN,
        "Gain On Sale Of Ppe": NaN,
        "Other Special Charges": NaN,
        "Impairment Of Capital Assets": 0.0,
        "Restructuring And Mergern Acquisition": NaN,
        "Net Non Operating Interest Income Expense": NaN,
        "Total Other Finance Cost": 610000.0,
        "Interest Expense Non Operating": NaN,
        "Operating Income": NaN,
        "Operating Expense": NaN,
        "Other Operating Expenses": NaN,
        "Research And Development": NaN,
        "Selling General And Administration": NaN,
        "General And Administrative Expense": NaN,
        "Other Gand A": NaN,
        "Gross Profit": NaN,
        "Cost Of Revenue": NaN,
        "Total Revenue": NaN,
        "Operating Revenue": NaN
    },
    "2022-09-30": {
        "Tax Effect Of Unusual Items": NaN,
        "Tax Rate For Calcs": NaN,
        "Normalized EBITDA": NaN,
        "Total Unusual Items": NaN,
        "Total Unusual Items Excluding Goodwill": NaN,
        "Net Income From Continuing Operation Net Minority Interest": NaN,
        "Reconciled Depreciation": NaN,
        "Reconciled Cost Of Revenue": NaN,
        "EBITDA": NaN,
        "EBIT": NaN,
        "Net Interest Income": NaN,
        "Interest Expense": NaN,
        "Normalized Income": NaN,
        "Net Income From Continuing And Discontinued Operation": NaN,
        "Total Expenses": NaN,
        "Total Operating Income As Reported": NaN,
        "Diluted Average Shares": NaN,
        "Basic Average Shares": NaN,
        "Diluted EPS": NaN,
        "Basic EPS": NaN,
        "Diluted NI Availto Com Stockholders": NaN,
        "Average Dilution Earnings": 0.0,
        "Net Income Common Stockholders": NaN,
        "Otherunder Preferred Stock Dividend": 179000.0,
        "Net Income": NaN,
        "Minority Interests": NaN,
        "Net Income Including Noncontrolling Interests": NaN,
        "Net Income Continuous Operations": NaN,
        "Tax Provision": NaN,
        "Pretax Income": NaN,
        "Other Income Expense": NaN,
        "Other Non Operating Income Expenses": NaN,
        "Special Income Charges": NaN,
        "Gain On Sale Of Ppe": NaN,
        "Other Special Charges": 9222000.0,
        "Impairment Of Capital Assets": NaN,
        "Restructuring And Mergern Acquisition": NaN,
        "Net Non Operating Interest Income Expense": NaN,
        "Total Other Finance Cost": 610000.0,
        "Interest Expense Non Operating": NaN,
        "Operating Income": NaN,
        "Operating Expense": NaN,
        "Other Operating Expenses": NaN,
        "Research And Development": NaN,
        "Selling General And Administration": NaN,
        "General And Administrative Expense": NaN,
        "Other Gand A": NaN,
        "Gross Profit": NaN,
        "Cost Of Revenue": NaN,
        "Total Revenue": NaN,
        "Operating Revenue": NaN
    },
    "2022-06-30": {
        "Tax Effect Of Unusual Items": -620265.129683,
        "Tax Rate For Calcs": 0.104633,
        "Normalized EBITDA": 38445000.0,
        "Total Unusual Items": -5928000.0,
        "Total Unusual Items Excluding Goodwill": -5928000.0,
        "Net Income From Continuing Operation Net Minority Interest": 1394000.0,
        "Reconciled Depreciation": 21301000.0,
        "Reconciled Cost Of Revenue": 46984000.0,
        "EBITDA": 32517000.0,
        "EBIT": 11216000.0,
        "Net Interest Income": -7315000.0,
        "Interest Expense": 6705000.0,
        "Normalized Income": 6701734.870317,
        "Net Income From Continuing And Discontinued Operation": 1394000.0,
        "Total Expenses": 58632000.0,
        "Total Operating Income As Reported": 11826000.0,
        "Diluted Average Shares": 22101106.0,
        "Basic Average Shares": 21984313.0,
        "Diluted EPS": 0.05,
        "Basic EPS": 0.06,
        "Diluted NI Availto Com Stockholders": 1215000.0,
        "Average Dilution Earnings": 0.0,
        "Net Income Common Stockholders": 1215000.0,
        "Otherunder Preferred Stock Dividend": 179000.0,
        "Net Income": 1394000.0,
        "Minority Interests": -2645000.0,
        "Net Income Including Noncontrolling Interests": 4039000.0,
        "Net Income Continuous Operations": 4039000.0,
        "Tax Provision": 472000.0,
        "Pretax Income": 4511000.0,
        "Other Income Expense": -5928000.0,
        "Special Income Charges": -5928000.0,
        "Gain On Sale Of Ppe": -24000.0,
        "Other Special Charges": 5479000.0,
        "Impairment Of Capital Assets": 0.0,
        "Restructuring And Mergern Acquisition": 425000.0,
        "Net Non Operating Interest Income Expense": -7315000.0,
        "Total Other Finance Cost": 610000.0,
        "Interest Expense Non Operating": 6705000.0,
        "Operating Income": 17754000.0,
        "Operating Expense": 11648000.0,
        "Other Operating Expenses": NaN,
        "Research And Development": NaN,
        "Selling General And Administration": 11648000.0,
        "General And Administrative Expense": 11648000.0,
        "Other Gand A": 11648000.0,
        "Gross Profit": 29402000.0,
        "Cost Of Revenue": 46984000.0,
        "Total Revenue": 76386000.0,
        "Operating Revenue": 76268000.0
    },
    "2022-03-31": {
        "Diluted EPS": -0.11,
        "Total Revenue": 71,
        "Gross Profit": 28,
        "Operating Income": 0,
        "EBIT": 33,
        "Net Income": -2
    },
    "2021-12-31": {
        "Diluted EPS": 0.05,
        "Total Revenue": 67,
        "Gross Profit": 28,
        "Operating Income": 14,
        "EBIT": 30,
        "Net Income": 7
    },
    "2021-09-30": {
        "Diluted EPS": -0.91,
        "Total Revenue": 59,
        "Gross Profit": 21,
        "Operating Income": -13,
        "EBIT": 3,
        "Net Income": -21
    },
    "2021-06-30": {
        "Diluted EPS": 0.21,
        "Total Revenue": 57,
        "Gross Profit": 19,
        "Operating Income": 12,
        "EBIT": 28,
        "Net Income": 5
    },
    "2021-03-31": {
        "Diluted EPS": 0.0,
        "Total Revenue": 46,
        "Gross Profit": 10,
        "Operating Income": 5,
        "EBIT": 21,
        "Net Income": 3
    },
    "2020-12-31": {
        "Diluted EPS": 0.0,
        "Total Revenue": NaN,
        "Gross Profit": NaN,
        "Operating Income": NaN,
        "EBIT": NaN,
        "Net Income": NaN
    },
    "2019-12-31": {
        "Diluted EPS": 0.0,
        "Total Revenue": NaN,
        "Gross Profit": NaN,
        "Operating Income": NaN,
        "EBIT": NaN,
        "Net Income": NaN
    },
    "2023-06-30": {
        "Tax Effect Of Unusual Items": NaN,
        "Tax Rate For Calcs": NaN,
        "Normalized EBITDA": NaN,
        "Total Unusual Items": NaN,
        "Total Unusual Items Excluding Goodwill": NaN,
        "Net Income From Continuing Operation Net Minority Interest": NaN,
        "Reconciled Depreciation": NaN,
        "Reconciled Cost Of Revenue": NaN,
        "EBITDA": NaN,
        "EBIT": NaN,
        "Net Interest Income": NaN,
        "Interest Expense": NaN,
        "Normalized Income": NaN,
        "Net Income From Continuing And Discontinued Operation": NaN,
        "Total Expenses": NaN,
        "Total Operating Income As Reported": NaN,
        "Diluted Average Shares": 30036593.0,
        "Basic Average Shares": 30036593.0,
        "Diluted EPS": 0.15,
        "Basic EPS": 0.15,
        "Diluted NI Availto Com Stockholders": NaN,
        "Average Dilution Earnings": 0.0,
        "Net Income Common Stockholders": NaN,
        "Otherunder Preferred Stock Dividend": 300000.0,
        "Net Income": NaN,
        "Minority Interests": NaN,
        "Net Income Including Noncontrolling Interests": NaN,
        "Net Income Continuous Operations": NaN,
        "Tax Provision": NaN,
        "Pretax Income": NaN,
        "Other Income Expense": NaN,
        "Other Non Operating Income Expenses": NaN,
        "Special Income Charges": NaN,
        "Gain On Sale Of Ppe": NaN,
        "Other Special Charges": NaN,
        "Impairment Of Capital Assets": 0.0,
        "Restructuring And Mergern Acquisition": NaN,
        "Net Non Operating Interest Income Expense": NaN,
        "Total Other Finance Cost": 608000.0,
        "Interest Expense Non Operating": NaN,
        "Operating Income": NaN,
        "Operating Expense": NaN,
        "Other Operating Expenses": NaN,
        "Research And Development": NaN,
        "Selling General And Administration": NaN,
        "General And Administrative Expense": NaN,
        "Other Gand A": NaN,
        "Gross Profit": NaN,
        "Cost Of Revenue": NaN,
        "Total Revenue": NaN,
        "Operating Revenue": NaN
    },
    "2023-09-30": {
        "Tax Effect Of Unusual Items": 126555.135211,
        "Tax Rate For Calcs": 0.142357,
        "Normalized EBITDA": 39869000.0,
        "Total Unusual Items": 889000.0,
        "Total Unusual Items Excluding Goodwill": 889000.0,
        "Net Income From Continuing Operation Net Minority Interest": 5413000.0,
        "Reconciled Depreciation": 19141000.0,
        "Reconciled Cost Of Revenue": 64132000.0,
        "EBITDA": 40758000.0,
        "EBIT": 21617000.0,
        "Net Interest Income": -7955000.0,
        "Interest Expense": 7343000.0,
        "Normalized Income": 4650555.135211,
        "Net Income From Continuing And Discontinued Operation": 5413000.0,
        "Total Expenses": 78449000.0,
        "Total Operating Income As Reported": 22229000.0,
        "Diluted Average Shares": 30050560.0,
        "Basic Average Shares": 30050560.0,
        "Diluted EPS": 0.17,
        "Basic EPS": 0.17,
        "Diluted NI Availto Com Stockholders": 5413000.0,
        "Average Dilution Earnings": NaN,
        "Net Income Common Stockholders": 5413000.0,
        "Otherunder Preferred Stock Dividend": NaN,
        "Net Income": 5413000.0,
        "Minority Interests": -6829000.0,
        "Net Income Including Noncontrolling Interests": 12242000.0,
        "Net Income Continuous Operations": 12242000.0,
        "Tax Provision": 2032000.0,
        "Pretax Income": 14274000.0,
        "Other Income Expense": 889000.0,
        "Other Non Operating Income Expenses": NaN,
        "Special Income Charges": 889000.0,
        "Gain On Sale Of Ppe": 2631000.0,
        "Other Special Charges": 1214000.0,
        "Impairment Of Capital Assets": 0.0,
        "Restructuring And Mergern Acquisition": 528000.0,
        "Net Non Operating Interest Income Expense": -7955000.0,
        "Total Other Finance Cost": 612000.0,
        "Interest Expense Non Operating": 7343000.0,
        "Operating Income": 21340000.0,
        "Operating Expense": 14317000.0,
        "Other Operating Expenses": -18000.0,
        "Research And Development": 809000.0,
        "Selling General And Administration": 13526000.0,
        "General And Administrative Expense": 13526000.0,
        "Other Gand A": 13526000.0,
        "Gross Profit": 35657000.0,
        "Cost Of Revenue": 64132000.0,
        "Total Revenue": 99789000.0,
        "Operating Revenue": 99028000.0
    },
    "2023-12-31": {
        "Tax Effect Of Unusual Items": -30700.070481,
        "Tax Rate For Calcs": 0.165054,
        "Normalized EBITDA": 44690000.0,
        "Total Unusual Items": -186000.0,
        "Total Unusual Items Excluding Goodwill": -186000.0,
        "Net Income From Continuing Operation Net Minority Interest": 5399000.0,
        "Reconciled Depreciation": 20391000.0,
        "Reconciled Cost Of Revenue": 64490000.0,
        "EBITDA": 44504000.0,
        "EBIT": 24113000.0,
        "Net Interest Income": -9266000.0,
        "Interest Expense": 8506000.0,
        "Normalized Income": 5554299.929519,
        "Net Income From Continuing And Discontinued Operation": 5399000.0,
        "Total Expenses": 78959000.0,
        "Total Operating Income As Reported": 24980000.0,
        "Diluted Average Shares": NaN,
        "Basic Average Shares": NaN,
        "Diluted EPS": NaN,
        "Basic EPS": NaN,
        "Diluted NI Availto Com Stockholders": 4255000.0,
        "Average Dilution Earnings": NaN,
        "Net Income Common Stockholders": 4255000.0,
        "Otherunder Preferred Stock Dividend": NaN,
        "Net Income": 5399000.0,
        "Minority Interests": -7632000.0,
        "Net Income Including Noncontrolling Interests": 13031000.0,
        "Net Income Continuous Operations": 13031000.0,
        "Tax Provision": 2576000.0,
        "Pretax Income": 15607000.0,
        "Other Income Expense": -293000.0,
        "Other Non Operating Income Expenses": NaN,
        "Special Income Charges": -186000.0,
        "Gain On Sale Of Ppe": 32000.0,
        "Other Special Charges": 89000.0,
        "Impairment Of Capital Assets": 0.0,
        "Restructuring And Mergern Acquisition": 129000.0,
        "Net Non Operating Interest Income Expense": -9266000.0,
        "Total Other Finance Cost": 760000.0,
        "Interest Expense Non Operating": 8506000.0,
        "Operating Income": 25166000.0,
        "Operating Expense": 14469000.0,
        "Other Operating Expenses": 769000.0,
        "Research And Development": 1253000.0,
        "Selling General And Administration": 12447000.0,
        "General And Administrative Expense": 12447000.0,
        "Other Gand A": 12447000.0,
        "Gross Profit": 39635000.0,
        "Cost Of Revenue": 64490000.0,
        "Total Revenue": 104125000.0,
        "Operating Revenue": 103643000.0
    },
    "2024-03-31": {
        "Tax Effect Of Unusual Items": -135261.0,
        "Tax Rate For Calcs": 0.133,
        "Normalized EBITDA": 47976000.0,
        "Total Unusual Items": -1017000.0,
        "Total Unusual Items Excluding Goodwill": -1017000.0,
        "Net Income From Continuing Operation Net Minority Interest": 7623000.0,
        "Reconciled Depreciation": 19102000.0,
        "Reconciled Cost Of Revenue": 59067000.0,
        "EBITDA": 46959000.0,
        "EBIT": 27857000.0,
        "Net Interest Income": -8438000.0,
        "Interest Expense": 8438000.0,
        "Normalized Income": 8504739.0,
        "Net Income From Continuing And Discontinued Operation": 7623000.0,
        "Total Expenses": 74531000.0,
        "Total Operating Income As Reported": 27858000.0,
        "Diluted Average Shares": 30354014.0,
        "Basic Average Shares": 30354014.0,
        "Diluted EPS": 0.23,
        "Basic EPS": 0.23,
        "Diluted NI Availto Com Stockholders": 7111000.0,
        "Average Dilution Earnings": 0.0,
        "Net Income Common Stockholders": 7111000.0,
        "Otherunder Preferred Stock Dividend": 512000.0,
        "Net Income": 7623000.0,
        "Minority Interests": -9207000.0,
        "Net Income Including Noncontrolling Interests": 16830000.0,
        "Net Income Continuous Operations": 16830000.0,
        "Tax Provision": 2589000.0,
        "Pretax Income": 19419000.0,
        "Other Income Expense": -1018000.0,
        "Other Non Operating Income Expenses": -1000.0,
        "Special Income Charges": -1017000.0,
        "Gain On Sale Of Ppe": 54000.0,
        "Other Special Charges": 1064000.0,
        "Impairment Of Capital Assets": NaN,
        "Restructuring And Mergern Acquisition": 7000.0,
        "Net Non Operating Interest Income Expense": -8438000.0,
        "Total Other Finance Cost": NaN,
        "Interest Expense Non Operating": 8438000.0,
        "Operating Income": 28875000.0,
        "Operating Expense": 15464000.0,
        "Other Operating Expenses": -102000.0,
        "Research And Development": 1065000.0,
        "Selling General And Administration": 14501000.0,
        "General And Administrative Expense": 14501000.0,
        "Other Gand A": 14501000.0,
        "Gross Profit": 44339000.0,
        "Cost Of Revenue": 59067000.0,
        "Total Revenue": 103406000.0,
        "Operating Revenue": 102877000.0
    },
    "2024-06-30": {
        "Tax Effect Of Unusual Items": -32736.131339,
        "Tax Rate For Calcs": 0.132001,
        "Normalized EBITDA": 42773000.0,
        "Total Unusual Items": -248000.0,
        "Total Unusual Items Excluding Goodwill": -248000.0,
        "Net Income From Continuing Operation Net Minority Interest": 5965000.0,
        "Reconciled Depreciation": 19369000.0,
        "Reconciled Cost Of Revenue": 59901000.0,
        "EBITDA": 42525000.0,
        "EBIT": 23156000.0,
        "Net Interest Income": -8813000.0,
        "Interest Expense": 8050000.0,
        "Normalized Income": 6180263.868661,
        "Net Income From Continuing And Discontinued Operation": 5965000.0,
        "Total Expenses": 76950000.0,
        "Total Operating Income As Reported": 23919000.0,
        "Diluted Average Shares": 30589997.0,
        "Basic Average Shares": 30549092.0,
        "Diluted EPS": 0.18,
        "Basic EPS": 0.18,
        "Diluted NI Availto Com Stockholders": 5505000.0,
        "Average Dilution Earnings": 0.0,
        "Net Income Common Stockholders": 5505000.0,
        "Otherunder Preferred Stock Dividend": 460000.0,
        "Net Income": 5965000.0,
        "Minority Interests": -7147000.0,
        "Net Income Including Noncontrolling Interests": 13112000.0,
        "Net Income Continuous Operations": 13112000.0,
        "Tax Provision": 1994000.0,
        "Pretax Income": 15106000.0,
        "Other Income Expense": -248000.0,
        "Other Non Operating Income Expenses": NaN,
        "Special Income Charges": -248000.0,
        "Gain On Sale Of Ppe": -168000.0,
        "Other Special Charges": -9000.0,
        "Impairment Of Capital Assets": NaN,
        "Restructuring And Mergern Acquisition": 89000.0,
        "Net Non Operating Interest Income Expense": -8813000.0,
        "Total Other Finance Cost": 763000.0,
        "Interest Expense Non Operating": 8050000.0,
        "Operating Income": 24167000.0,
        "Operating Expense": 17049000.0,
        "Other Operating Expenses": -116000.0,
        "Research And Development": 1128000.0,
        "Selling General And Administration": 16037000.0,
        "General And Administrative Expense": 16037000.0,
        "Other Gand A": 16037000.0,
        "Gross Profit": 41216000.0,
        "Cost Of Revenue": 59901000.0,
        "Total Revenue": 101117000.0,
        "Operating Revenue": 100677000.0
    },
    "2024-09-30": {
        "Tax Effect Of Unusual Items": -2640.253566,
        "Tax Rate For Calcs": 0.132013,
        "Normalized EBITDA": 47191000.0,
        "Total Unusual Items": -20000.0,
        "Total Unusual Items Excluding Goodwill": -20000.0,
        "Net Income From Continuing Operation Net Minority Interest": 7488000.0,
        "Reconciled Depreciation": 19623000.0,
        "Reconciled Cost Of Revenue": 66527000.0,
        "EBITDA": 47171000.0,
        "EBIT": 27548000.0,
        "Net Interest Income": -9382000.0,
        "Interest Expense": 8618000.0,
        "Normalized Income": 7505359.746434,
        "Net Income From Continuing And Discontinued Operation": 7488000.0,
        "Total Expenses": 83980000.0,
        "Total Operating Income As Reported": 28312000.0,
        "Diluted Average Shares": 30919575.0,
        "Basic Average Shares": 30631995.0,
        "Diluted EPS": 0.22,
        "Basic EPS": 0.23,
        "Diluted NI Availto Com Stockholders": 7488000.0,
        "Average Dilution Earnings": NaN,
        "Net Income Common Stockholders": 7488000.0,
        "Otherunder Preferred Stock Dividend": NaN,
        "Net Income": 7488000.0,
        "Minority Interests": -8943000.0,
        "Net Income Including Noncontrolling Interests": 16431000.0,
        "Net Income Continuous Operations": 16431000.0,
        "Tax Provision": 2499000.0,
        "Pretax Income": 18930000.0,
        "Other Income Expense": -20000.0,
        "Other Non Operating Income Expenses": NaN,
        "Special Income Charges": -20000.0,
        "Gain On Sale Of Ppe": 30000.0,
        "Other Special Charges": 86000.0,
        "Impairment Of Capital Assets": NaN,
        "Restructuring And Mergern Acquisition": -36000.0,
        "Net Non Operating Interest Income Expense": -9382000.0,
        "Total Other Finance Cost": 764000.0,
        "Interest Expense Non Operating": 8618000.0,
        "Operating Income": 28332000.0,
        "Operating Expense": 17453000.0,
        "Other Operating Expenses": -370000.0,
        "Research And Development": 408000.0,
        "Selling General And Administration": 17415000.0,
        "General And Administrative Expense": 17415000.0,
        "Other Gand A": 17415000.0,
        "Gross Profit": 45785000.0,
        "Cost Of Revenue": 66527000.0,
        "Total Revenue": 112312000.0,
        "Operating Revenue": 109249000.0
    }
}