{
    "2023-03-31": {
        "Tax Effect Of Unusual Items": 0.0,
        "Tax Rate For Calcs": 0.21,
        "Normalized EBITDA": 1497000.0,
        "Total Unusual Items": 0.0,
        "Total Unusual Items Excluding Goodwill": 0.0,
        "Net Income From Continuing Operation Net Minority Interest": -484000.0,
        "Reconciled Depreciation": 1257000.0,
        "Reconciled Cost Of Revenue": 26987000.0,
        "EBITDA": 1497000.0,
        "EBIT": 240000.0,
        "Net Interest Income": -248000.0,
        "Interest Expense": 465000.0,
        "Interest Income": 217000.0,
        "Normalized Income": -484000.0,
        "Net Income From Continuing And Discontinued Operation": -484000.0,
        "Total Expenses": 41874000.0,
        "Rent Expense Supplemental": 5255000.0,
        "Total Operating Income As Reported": 23000.0,
        "Diluted Average Shares": 3645000.0,
        "Basic Average Shares": 3600000.0,
        "Diluted EPS": -0.13,
        "Basic EPS": -0.13,
        "Diluted NI Availto Com Stockholders": -484000.0,
        "Net Income Common Stockholders": -484000.0,
        "Net Income": -484000.0,
        "Minority Interests": -240000.0,
        "Net Income Including Noncontrolling Interests": -244000.0,
        "Net Income Continuous Operations": -244000.0,
        "Tax Provision": 19000.0,
        "Pretax Income": -225000.0,
        "Other Income Expense": NaN,
        "Other Non Operating Income Expenses": NaN,
        "Special Income Charges": 0.0,
        "Other Special Charges": NaN,
        "Net Non Operating Interest Income Expense": -248000.0,
        "Interest Expense Non Operating": 465000.0,
        "Interest Income Non Operating": 217000.0,
        "Operating Income": 23000.0,
        "Operating Expense": 14768000.0,
        "Other Operating Expenses": 5352000.0,
        "Depreciation Amortization Depletion Income Statement": 1138000.0,
        "Depreciation And Amortization In Income Statement": 1138000.0,
        "Selling General And Administration": 8278000.0,
        "General And Administrative Expense": 8278000.0,
        "Other Gand A": 3023000.0,
        "Rent And Landing Fees": 5255000.0,
        "Gross Profit": 14791000.0,
        "Cost Of Revenue": 27106000.0,
        "Total Revenue": 41897000.0,
        "Operating Revenue": 40913000.0
    },
    "2022-12-31": {
        "Tax Effect Of Unusual Items": 14416.0,
        "Tax Rate For Calcs": 0.053,
        "Normalized EBITDA": 3637000.0,
        "Total Unusual Items": 272000.0,
        "Total Unusual Items Excluding Goodwill": 272000.0,
        "Net Income From Continuing Operation Net Minority Interest": 1725000.0,
        "Reconciled Depreciation": 1344000.0,
        "Reconciled Cost Of Revenue": 28646000.0,
        "EBITDA": 3909000.0,
        "EBIT": 2565000.0,
        "Net Interest Income": -339000.0,
        "Interest Expense": 429000.0,
        "Interest Income": 90000.0,
        "Normalized Income": 1467416.0,
        "Net Income From Continuing And Discontinued Operation": 1725000.0,
        "Total Expenses": 45242000.0,
        "Rent Expense Supplemental": 6183000.0,
        "Total Operating Income As Reported": 2203000.0,
        "Diluted Average Shares": 3648000.0,
        "Basic Average Shares": 3600000.0,
        "Diluted EPS": 0.47,
        "Basic EPS": 0.48,
        "Diluted NI Availto Com Stockholders": 1725000.0,
        "Net Income Common Stockholders": 1725000.0,
        "Net Income": 1725000.0,
        "Minority Interests": -297000.0,
        "Net Income Including Noncontrolling Interests": 2022000.0,
        "Net Income Continuous Operations": 2022000.0,
        "Tax Provision": 114000.0,
        "Pretax Income": 2136000.0,
        "Other Income Expense": 272000.0,
        "Other Non Operating Income Expenses": NaN,
        "Special Income Charges": 272000.0,
        "Other Special Charges": -272000.0,
        "Net Non Operating Interest Income Expense": -339000.0,
        "Interest Expense Non Operating": 429000.0,
        "Interest Income Non Operating": 90000.0,
        "Operating Income": 2203000.0,
        "Operating Expense": 16285000.0,
        "Other Operating Expenses": 5932000.0,
        "Depreciation Amortization Depletion Income Statement": 1033000.0,
        "Depreciation And Amortization In Income Statement": 1033000.0,
        "Selling General And Administration": 9320000.0,
        "General And Administrative Expense": 9320000.0,
        "Other Gand A": 3137000.0,
        "Rent And Landing Fees": 6183000.0,
        "Gross Profit": 18488000.0,
        "Cost Of Revenue": 28957000.0,
        "Total Revenue": 47445000.0,
        "Operating Revenue": 46539000.0
    },
    "2022-09-30": {
        "Tax Effect Of Unusual Items": 0.0,
        "Tax Rate For Calcs": 0.135931,
        "Normalized EBITDA": 2475000.0,
        "Total Unusual Items": 0.0,
        "Total Unusual Items Excluding Goodwill": 0.0,
        "Net Income From Continuing Operation Net Minority Interest": 762000.0,
        "Reconciled Depreciation": 1052000.0,
        "Reconciled Cost Of Revenue": 29110000.0,
        "EBITDA": 2475000.0,
        "EBIT": 1423000.0,
        "Net Interest Income": -305000.0,
        "Interest Expense": 354000.0,
        "Interest Income": 49000.0,
        "Normalized Income": 762000.0,
        "Net Income From Continuing And Discontinued Operation": 762000.0,
        "Total Expenses": 45461000.0,
        "Rent Expense Supplemental": 6367000.0,
        "Total Operating Income As Reported": 1423000.0,
        "Diluted Average Shares": 3616000.0,
        "Basic Average Shares": 3566000.0,
        "Diluted EPS": 0.21,
        "Basic EPS": 0.21,
        "Diluted NI Availto Com Stockholders": 762000.0,
        "Net Income Common Stockholders": 762000.0,
        "Net Income": 762000.0,
        "Minority Interests": -236000.0,
        "Net Income Including Noncontrolling Interests": 998000.0,
        "Net Income Continuous Operations": 998000.0,
        "Tax Provision": 157000.0,
        "Pretax Income": 1155000.0,
        "Other Income Expense": 37000.0,
        "Other Non Operating Income Expenses": 37000.0,
        "Special Income Charges": 0.0,
        "Other Special Charges": 0.0,
        "Impairment Of Capital Assets": NaN,
        "Net Non Operating Interest Income Expense": -305000.0,
        "Total Other Finance Cost": 305000.0,
        "Interest Expense Non Operating": 354000.0,
        "Interest Income Non Operating": 49000.0,
        "Operating Income": 1423000.0,
        "Operating Expense": 16351000.0,
        "Other Operating Expenses": 5850000.0,
        "Depreciation Amortization Depletion Income Statement": 1052000.0,
        "Depreciation And Amortization In Income Statement": 1052000.0,
        "Selling General And Administration": 9449000.0,
        "General And Administrative Expense": 9449000.0,
        "Other Gand A": 3082000.0,
        "Rent And Landing Fees": 6367000.0,
        "Gross Profit": 17774000.0,
        "Cost Of Revenue": 29110000.0,
        "Total Revenue": 46884000.0,
        "Operating Revenue": 46884000.0
    },
    "2022-06-30": {
        "Tax Effect Of Unusual Items": 180422.0,
        "Tax Rate For Calcs": 0.139,
        "Normalized EBITDA": 6761000.0,
        "Total Unusual Items": 1298000.0,
        "Total Unusual Items Excluding Goodwill": 1298000.0,
        "Net Income From Continuing Operation Net Minority Interest": 5255000.0,
        "Reconciled Depreciation": 1265000.0,
        "Reconciled Cost Of Revenue": 30698000.0,
        "EBITDA": 8059000.0,
        "EBIT": 6794000.0,
        "Net Interest Income": -253000.0,
        "Interest Expense": 291000.0,
        "Interest Income": 38000.0,
        "Normalized Income": 4137422.0,
        "Net Income From Continuing And Discontinued Operation": 5255000.0,
        "Total Expenses": 47797000.0,
        "Rent Expense Supplemental": 5966000.0,
        "Total Operating Income As Reported": 5421000.0,
        "Diluted Average Shares": 3597000.0,
        "Basic Average Shares": 3555000.0,
        "Diluted EPS": 1.46,
        "Basic EPS": 1.48,
        "Diluted NI Availto Com Stockholders": 5255000.0,
        "Net Income Common Stockholders": 5255000.0,
        "Net Income": 5255000.0,
        "Minority Interests": -343000.0,
        "Net Income Including Noncontrolling Interests": 5598000.0,
        "Net Income Continuous Operations": 5598000.0,
        "Tax Provision": 905000.0,
        "Pretax Income": 6503000.0,
        "Other Income Expense": 1335000.0,
        "Other Non Operating Income Expenses": 37000.0,
        "Special Income Charges": 1298000.0,
        "Other Special Charges": -1298000.0,
        "Net Non Operating Interest Income Expense": -253000.0,
        "Total Other Finance Cost": NaN,
        "Interest Expense Non Operating": 291000.0,
        "Interest Income Non Operating": 38000.0,
        "Operating Income": 5421000.0,
        "Operating Expense": 16852000.0,
        "Other Operating Expenses": 5996000.0,
        "Depreciation Amortization Depletion Income Statement": 1018000.0,
        "Depreciation And Amortization In Income Statement": 1018000.0,
        "Selling General And Administration": 9838000.0,
        "General And Administrative Expense": 9838000.0,
        "Other Gand A": 3872000.0,
        "Rent And Landing Fees": 5966000.0,
        "Gross Profit": 22273000.0,
        "Cost Of Revenue": 30945000.0,
        "Total Revenue": 53218000.0,
        "Operating Revenue": 52069000.0
    },
    "2022-03-31": {
        "Diluted EPS": 0.29,
        "Total Revenue": 40,
        "Gross Profit": 4,
        "Operating Income": 0,
        "EBIT": 2,
        "Net Income": 1
    },
    "2021-12-31": {
        "Diluted EPS": 0.61,
        "Total Revenue": 44,
        "Gross Profit": 7,
        "Operating Income": 3,
        "EBIT": 4,
        "Net Income": 2
    },
    "2021-09-30": {
        "Diluted EPS": 1.92,
        "Total Revenue": 43,
        "Gross Profit": 9,
        "Operating Income": 6,
        "EBIT": 7,
        "Net Income": 7
    },
    "2021-06-30": {
        "Diluted EPS": 0.73,
        "Total Revenue": 43,
        "Gross Profit": 9,
        "Operating Income": 5,
        "EBIT": 6,
        "Net Income": 3
    },
    "2021-03-31": {
        "Diluted EPS": 1.15,
        "Total Revenue": 26,
        "Gross Profit": 3,
        "Operating Income": -1,
        "EBIT": 0,
        "Net Income": 4
    },
    "2020-12-31": {
        "Diluted EPS": -0.22,
        "Total Revenue": 20,
        "Gross Profit": -1,
        "Operating Income": -3,
        "EBIT": -2,
        "Net Income": -1
    },
    "2020-09-30": {
        "Diluted EPS": -0.54,
        "Total Revenue": 22,
        "Gross Profit": 0,
        "Operating Income": -3,
        "EBIT": -1,
        "Net Income": -2
    },
    "2020-06-30": {
        "Diluted EPS": -0.72,
        "Total Revenue": 7,
        "Gross Profit": -2,
        "Operating Income": -6,
        "EBIT": -5,
        "Net Income": -3
    },
    "2020-03-31": {
        "Diluted EPS": -0.51,
        "Total Revenue": 34,
        "Gross Profit": 2,
        "Operating Income": -2,
        "EBIT": -1,
        "Net Income": -2
    },
    "2019-12-31": {
        "Diluted EPS": 0.43,
        "Total Revenue": 44,
        "Gross Profit": 7,
        "Operating Income": 2,
        "EBIT": 4,
        "Net Income": 2
    },
    "2019-09-30": {
        "Diluted EPS": -0.15,
        "Total Revenue": 42,
        "Gross Profit": 6,
        "Operating Income": -2,
        "EBIT": 0,
        "Net Income": -1
    },
    "2019-06-30": {
        "Diluted EPS": 1.12,
        "Total Revenue": 45,
        "Gross Profit": 9,
        "Operating Income": 5,
        "EBIT": 6,
        "Net Income": 4
    },
    "2019-03-31": {
        "Diluted EPS": -0.19,
        "Total Revenue": 35,
        "Gross Profit": 3,
        "Operating Income": 0,
        "EBIT": 1,
        "Net Income": -1
    },
    "2018-12-31": {
        "Diluted EPS": -0.02,
        "Total Revenue": 41,
        "Gross Profit": 6,
        "Operating Income": 0,
        "EBIT": 2,
        "Net Income": 0
    },
    "2018-09-30": {
        "Diluted EPS": 0.29,
        "Total Revenue": 41,
        "Gross Profit": 5,
        "Operating Income": 1,
        "EBIT": 2,
        "Net Income": 1
    },
    "2018-06-30": {
        "Diluted EPS": 0.75,
        "Total Revenue": 45,
        "Gross Profit": 8,
        "Operating Income": 4,
        "EBIT": 5,
        "Net Income": 3
    },
    "2018-03-31": {
        "Diluted EPS": -0.19,
        "Total Revenue": 35,
        "Gross Profit": 3,
        "Operating Income": -1,
        "EBIT": 1,
        "Net Income": -1
    },
    "2017-12-31": {
        "Diluted EPS": 0.46,
        "Total Revenue": 39,
        "Gross Profit": 5,
        "Operating Income": 1,
        "EBIT": 2,
        "Net Income": 2
    },
    "2017-09-30": {
        "Diluted EPS": 0.37,
        "Total Revenue": 39,
        "Gross Profit": 6,
        "Operating Income": 2,
        "EBIT": 3,
        "Net Income": 1
    },
    "2017-06-30": {
        "Diluted EPS": 0.39,
        "Total Revenue": 41,
        "Gross Profit": 6,
        "Operating Income": 2,
        "EBIT": 3,
        "Net Income": 1
    },
    "2017-03-31": {
        "Diluted EPS": -0.11,
        "Total Revenue": 35,
        "Gross Profit": 3,
        "Operating Income": 0,
        "EBIT": 1,
        "Net Income": 0
    },
    "2016-12-31": {
        "Diluted EPS": 0.49,
        "Total Revenue": 38,
        "Gross Profit": 6,
        "Operating Income": 3,
        "EBIT": 4,
        "Net Income": 2
    },
    "2016-09-30": {
        "Diluted EPS": 0.29,
        "Total Revenue": 38,
        "Gross Profit": 6,
        "Operating Income": 3,
        "EBIT": 4,
        "Net Income": 1
    },
    "2016-06-30": {
        "Diluted EPS": 0.96,
        "Total Revenue": 41,
        "Gross Profit": 9,
        "Operating Income": 5,
        "EBIT": 6,
        "Net Income": 3
    },
    "2016-03-31": {
        "Diluted EPS": -0.19,
        "Total Revenue": 34,
        "Gross Profit": 3,
        "Operating Income": -1,
        "EBIT": 1,
        "Net Income": -1
    },
    "2015-12-31": {
        "Diluted EPS": 0.09,
        "Total Revenue": 37,
        "Gross Profit": 5,
        "Operating Income": 1,
        "EBIT": 2,
        "Net Income": 0
    },
    "2015-09-30": {
        "Diluted EPS": 0.58,
        "Total Revenue": 41,
        "Gross Profit": 7,
        "Operating Income": 4,
        "EBIT": 5,
        "Net Income": 2
    },
    "2015-06-30": {
        "Diluted EPS": 0.92,
        "Total Revenue": 40,
        "Gross Profit": 9,
        "Operating Income": 5,
        "EBIT": 6,
        "Net Income": 3
    },
    "2015-03-31": {
        "Diluted EPS": -0.17,
        "Total Revenue": 32,
        "Gross Profit": 3,
        "Operating Income": -1,
        "EBIT": 0,
        "Net Income": -1
    },
    "2014-12-31": {
        "Diluted EPS": 0.21,
        "Total Revenue": 33,
        "Gross Profit": 5,
        "Operating Income": 1,
        "EBIT": 2,
        "Net Income": 1
    },
    "2014-09-30": {
        "Diluted EPS": 0.66,
        "Total Revenue": 37,
        "Gross Profit": 7,
        "Operating Income": 3,
        "EBIT": 4,
        "Net Income": 2
    },
    "2014-06-30": {
        "Diluted EPS": 0.65,
        "Total Revenue": 39,
        "Gross Profit": 7,
        "Operating Income": 3,
        "EBIT": 5,
        "Net Income": 2
    },
    "2014-03-31": {
        "Diluted EPS": -0.05,
        "Total Revenue": 31,
        "Gross Profit": 4,
        "Operating Income": 0,
        "EBIT": 1,
        "Net Income": 0
    },
    "2013-12-31": {
        "Diluted EPS": 0.17,
        "Total Revenue": 32,
        "Gross Profit": 5,
        "Operating Income": 1,
        "EBIT": 2,
        "Net Income": 1
    },
    "2013-09-30": {
        "Diluted EPS": 0.44,
        "Total Revenue": 34,
        "Gross Profit": 6,
        "Operating Income": 2,
        "EBIT": 3,
        "Net Income": 1
    },
    "2013-06-30": {
        "Diluted EPS": 0.77,
        "Total Revenue": 36,
        "Gross Profit": 8,
        "Operating Income": 4,
        "EBIT": 5,
        "Net Income": 3
    },
    "2013-03-31": {
        "Diluted EPS": -0.08,
        "Total Revenue": 29,
        "Gross Profit": 3,
        "Operating Income": 0,
        "EBIT": 1,
        "Net Income": 0
    },
    "2012-12-31": {
        "Diluted EPS": 0.0,
        "Total Revenue": 31,
        "Gross Profit": 4,
        "Operating Income": 0,
        "EBIT": 1,
        "Net Income": 0
    },
    "2012-09-30": {
        "Diluted EPS": 0.56,
        "Total Revenue": 36,
        "Gross Profit": 7,
        "Operating Income": 4,
        "EBIT": 5,
        "Net Income": 2
    },
    "2012-06-30": {
        "Diluted EPS": 0.9,
        "Total Revenue": 39,
        "Gross Profit": 8,
        "Operating Income": 5,
        "EBIT": 6,
        "Net Income": 3
    },
    "2012-03-31": {
        "Diluted EPS": -0.12,
        "Total Revenue": 30,
        "Gross Profit": 3,
        "Operating Income": 0,
        "EBIT": 1,
        "Net Income": 0
    },
    "2011-12-31": {
        "Diluted EPS": 0.31,
        "Total Revenue": 33,
        "Gross Profit": 5,
        "Operating Income": 2,
        "EBIT": 3,
        "Net Income": 1
    },
    "2011-09-30": {
        "Diluted EPS": 0.25,
        "Total Revenue": 36,
        "Gross Profit": 7,
        "Operating Income": 3,
        "EBIT": 5,
        "Net Income": 1
    },
    "2011-06-30": {
        "Diluted EPS": 0.65,
        "Total Revenue": 39,
        "Gross Profit": 7,
        "Operating Income": 3,
        "EBIT": 4,
        "Net Income": 2
    },
    "2011-03-31": {
        "Diluted EPS": -0.44,
        "Total Revenue": 29,
        "Gross Profit": 2,
        "Operating Income": -1,
        "EBIT": 0,
        "Net Income": -2
    },
    "2010-12-31": {
        "Diluted EPS": -0.06,
        "Total Revenue": 33,
        "Gross Profit": 4,
        "Operating Income": 0,
        "EBIT": 1,
        "Net Income": 0
    },
    "2010-09-30": {
        "Diluted EPS": 0.31,
        "Total Revenue": 32,
        "Gross Profit": 4,
        "Operating Income": 1,
        "EBIT": 2,
        "Net Income": 1
    },
    "2010-06-30": {
        "Diluted EPS": 0.83,
        "Total Revenue": 35,
        "Gross Profit": 8,
        "Operating Income": 4,
        "EBIT": 5,
        "Net Income": 3
    },
    "2010-03-31": {
        "Diluted EPS": -0.19,
        "Total Revenue": 25,
        "Gross Profit": 2,
        "Operating Income": -1,
        "EBIT": 0,
        "Net Income": -1
    },
    "2009-12-31": {
        "Diluted EPS": -0.21,
        "Total Revenue": 26,
        "Gross Profit": 2,
        "Operating Income": -1,
        "EBIT": 0,
        "Net Income": -1
    },
    "2009-09-30": {
        "Diluted EPS": 0.37,
        "Total Revenue": 33,
        "Gross Profit": 5,
        "Operating Income": 2,
        "EBIT": 3,
        "Net Income": 1
    },
    "2009-06-30": {
        "Diluted EPS": 0.46,
        "Total Revenue": 31,
        "Gross Profit": 6,
        "Operating Income": 2,
        "EBIT": 3,
        "Net Income": 2
    },
    "2009-03-31": {
        "Diluted EPS": -0.2,
        "Total Revenue": 24,
        "Gross Profit": 2,
        "Operating Income": -1,
        "EBIT": -1,
        "Net Income": -1
    },
    "2023-06-30": {
        "Tax Effect Of Unusual Items": 0.0,
        "Tax Rate For Calcs": 0.049,
        "Normalized EBITDA": 4852000.0,
        "Total Unusual Items": 0.0,
        "Total Unusual Items Excluding Goodwill": 0.0,
        "Net Income From Continuing Operation Net Minority Interest": 3195000.0,
        "Reconciled Depreciation": 1173000.0,
        "Reconciled Cost Of Revenue": 30321000.0,
        "EBITDA": 4852000.0,
        "EBIT": 3679000.0,
        "Net Interest Income": -158000.0,
        "Interest Expense": 174000.0,
        "Interest Income": 16000.0,
        "Normalized Income": 3195000.0,
        "Net Income From Continuing And Discontinued Operation": 3195000.0,
        "Total Expenses": 47414000.0,
        "Rent Expense Supplemental": 6151000.0,
        "Total Operating Income As Reported": 3637000.0,
        "Diluted Average Shares": 3641000.0,
        "Basic Average Shares": 3601000.0,
        "Diluted EPS": 0.88,
        "Basic EPS": 0.89,
        "Diluted NI Availto Com Stockholders": 3195000.0,
        "Net Income Common Stockholders": 3195000.0,
        "Net Income": 3195000.0,
        "Minority Interests": -137000.0,
        "Net Income Including Noncontrolling Interests": 3332000.0,
        "Net Income Continuous Operations": 3332000.0,
        "Tax Provision": 173000.0,
        "Pretax Income": 3505000.0,
        "Other Income Expense": 26000.0,
        "Other Non Operating Income Expenses": 26000.0,
        "Special Income Charges": 0.0,
        "Other Special Charges": NaN,
        "Net Non Operating Interest Income Expense": -158000.0,
        "Interest Expense Non Operating": 174000.0,
        "Interest Income Non Operating": 16000.0,
        "Operating Income": 3637000.0,
        "Operating Expense": 16979000.0,
        "Other Operating Expenses": 6274000.0,
        "Depreciation Amortization Depletion Income Statement": 1059000.0,
        "Depreciation And Amortization In Income Statement": 1059000.0,
        "Selling General And Administration": 9646000.0,
        "General And Administrative Expense": 9646000.0,
        "Other Gand A": 3495000.0,
        "Rent And Landing Fees": 6151000.0,
        "Gross Profit": 20616000.0,
        "Cost Of Revenue": 30435000.0,
        "Total Revenue": 51051000.0,
        "Operating Revenue": 49807000.0
    },
    "2023-09-30": {
        "Tax Effect Of Unusual Items": -341391.400627,
        "Tax Rate For Calcs": 0.034139,
        "Normalized EBITDA": 413000.0,
        "Total Unusual Items": -10000000.0,
        "Total Unusual Items Excluding Goodwill": -10000000.0,
        "Net Income From Continuing Operation Net Minority Interest": -10364000.0,
        "Reconciled Depreciation": 1043000.0,
        "Reconciled Cost Of Revenue": 29484000.0,
        "EBITDA": -9587000.0,
        "EBIT": -10667000.0,
        "Net Interest Income": -161000.0,
        "Interest Expense": 171000.0,
        "Interest Income": 10000.0,
        "Normalized Income": -705391.400627,
        "Net Income From Continuing And Discontinued Operation": -10364000.0,
        "Total Expenses": 45103000.0,
        "Rent Expense Supplemental": 5883000.0,
        "Total Operating Income As Reported": -10703000.0,
        "Diluted Average Shares": 3602000.0,
        "Basic Average Shares": 3602000.0,
        "Diluted EPS": -2.88,
        "Basic EPS": -2.88,
        "Diluted NI Availto Com Stockholders": -10364000.0,
        "Net Income Common Stockholders": -10364000.0,
        "Net Income": -10364000.0,
        "Minority Interests": 104000.0,
        "Net Income Including Noncontrolling Interests": -10468000.0,
        "Net Income Continuous Operations": -10468000.0,
        "Tax Provision": -370000.0,
        "Pretax Income": -10838000.0,
        "Other Income Expense": -9974000.0,
        "Other Non Operating Income Expenses": 26000.0,
        "Special Income Charges": -10000000.0,
        "Other Special Charges": 0.0,
        "Net Non Operating Interest Income Expense": -161000.0,
        "Interest Expense Non Operating": 171000.0,
        "Interest Income Non Operating": 10000.0,
        "Operating Income": -703000.0,
        "Operating Expense": 15656000.0,
        "Other Operating Expenses": 5941000.0,
        "Depreciation Amortization Depletion Income Statement": 1080000.0,
        "Depreciation And Amortization In Income Statement": 1080000.0,
        "Selling General And Administration": 8635000.0,
        "General And Administrative Expense": 8635000.0,
        "Other Gand A": 2752000.0,
        "Rent And Landing Fees": 5883000.0,
        "Gross Profit": 14953000.0,
        "Cost Of Revenue": 29447000.0,
        "Total Revenue": 44400000.0,
        "Operating Revenue": 43561000.0
    },
    "2023-12-31": {
        "Tax Effect Of Unusual Items": 25650.0,
        "Tax Rate For Calcs": 0.09,
        "Normalized EBITDA": 2828000.0,
        "Total Unusual Items": 285000.0,
        "Total Unusual Items Excluding Goodwill": 285000.0,
        "Net Income From Continuing Operation Net Minority Interest": 1370000.0,
        "Reconciled Depreciation": 1188000.0,
        "Reconciled Cost Of Revenue": 28952000.0,
        "EBITDA": 3113000.0,
        "EBIT": 1925000.0,
        "Net Interest Income": -160000.0,
        "Interest Expense": 171000.0,
        "Interest Income": 11000.0,
        "Normalized Income": 1110650.0,
        "Net Income From Continuing And Discontinued Operation": 1370000.0,
        "Total Expenses": 45884000.0,
        "Rent Expense Supplemental": 6332000.0,
        "Total Operating Income As Reported": 1603000.0,
        "Diluted Average Shares": 3631000.0,
        "Basic Average Shares": 3604000.0,
        "Diluted EPS": 0.38,
        "Basic EPS": 0.38,
        "Diluted NI Availto Com Stockholders": 1370000.0,
        "Net Income Common Stockholders": 1370000.0,
        "Net Income": 1370000.0,
        "Minority Interests": -226000.0,
        "Net Income Including Noncontrolling Interests": 1596000.0,
        "Net Income Continuous Operations": 1596000.0,
        "Tax Provision": 158000.0,
        "Pretax Income": 1754000.0,
        "Other Income Expense": 311000.0,
        "Other Non Operating Income Expenses": 26000.0,
        "Special Income Charges": 285000.0,
        "Other Special Charges": -285000.0,
        "Net Non Operating Interest Income Expense": -160000.0,
        "Interest Expense Non Operating": 171000.0,
        "Interest Income Non Operating": 11000.0,
        "Operating Income": 1603000.0,
        "Operating Expense": 16836000.0,
        "Other Operating Expenses": 6092000.0,
        "Depreciation Amortization Depletion Income Statement": 1092000.0,
        "Depreciation And Amortization In Income Statement": 1092000.0,
        "Selling General And Administration": 9652000.0,
        "General And Administrative Expense": 9652000.0,
        "Other Gand A": 3320000.0,
        "Rent And Landing Fees": 6332000.0,
        "Gross Profit": 18439000.0,
        "Cost Of Revenue": 29048000.0,
        "Total Revenue": 47487000.0,
        "Operating Revenue": 46630000.0
    },
    "2024-03-31": {
        "Tax Effect Of Unusual Items": NaN,
        "Tax Rate For Calcs": NaN,
        "Normalized EBITDA": NaN,
        "Total Unusual Items": NaN,
        "Total Unusual Items Excluding Goodwill": NaN,
        "Net Income From Continuing Operation Net Minority Interest": NaN,
        "Reconciled Depreciation": NaN,
        "Reconciled Cost Of Revenue": NaN,
        "EBITDA": NaN,
        "EBIT": NaN,
        "Net Interest Income": NaN,
        "Interest Expense": NaN,
        "Interest Income": NaN,
        "Normalized Income": NaN,
        "Net Income From Continuing And Discontinued Operation": NaN,
        "Total Expenses": NaN,
        "Rent Expense Supplemental": NaN,
        "Total Operating Income As Reported": NaN,
        "Diluted Average Shares": 3604000.0,
        "Basic Average Shares": 3604000.0,
        "Diluted EPS": -0.4,
        "Basic EPS": -0.4,
        "Diluted NI Availto Com Stockholders": NaN,
        "Net Income Common Stockholders": NaN,
        "Net Income": NaN,
        "Minority Interests": NaN,
        "Net Income Including Noncontrolling Interests": NaN,
        "Net Income Continuous Operations": NaN,
        "Tax Provision": NaN,
        "Pretax Income": NaN,
        "Other Income Expense": NaN,
        "Other Non Operating Income Expenses": NaN,
        "Special Income Charges": NaN,
        "Other Special Charges": NaN,
        "Net Non Operating Interest Income Expense": NaN,
        "Interest Expense Non Operating": NaN,
        "Interest Income Non Operating": NaN,
        "Operating Income": NaN,
        "Operating Expense": NaN,
        "Other Operating Expenses": NaN,
        "Depreciation Amortization Depletion Income Statement": NaN,
        "Depreciation And Amortization In Income Statement": NaN,
        "Selling General And Administration": NaN,
        "General And Administrative Expense": NaN,
        "Other Gand A": NaN,
        "Rent And Landing Fees": NaN,
        "Gross Profit": NaN,
        "Cost Of Revenue": NaN,
        "Total Revenue": NaN,
        "Operating Revenue": NaN
    }
}