{
    "2023-03-31": {
        "Tax Effect Of Unusual Items": 0.0,
        "Tax Rate For Calcs": 0.4,
        "Normalized EBITDA": -12991000.0,
        "Total Unusual Items": NaN,
        "Total Unusual Items Excluding Goodwill": NaN,
        "Net Income From Continuing Operation Net Minority Interest": -14245000.0,
        "Reconciled Depreciation": 1149000.0,
        "Reconciled Cost Of Revenue": 75787000.0,
        "EBIT": -14140000.0,
        "Net Interest Income": 726000.0,
        "Normalized Income": -14245000.0,
        "Net Income From Continuing And Discontinued Operation": -14245000.0,
        "Total Expenses": 125144000.0,
        "Total Operating Income As Reported": -14140000.0,
        "Diluted Average Shares": 89653000.0,
        "Basic Average Shares": 89653000.0,
        "Diluted EPS": -0.16,
        "Basic EPS": -0.16,
        "Diluted NI Availto Com Stockholders": -14245000.0,
        "Net Income Common Stockholders": -14245000.0,
        "Net Income": -14245000.0,
        "Net Income Including Noncontrolling Interests": -14245000.0,
        "Net Income Continuous Operations": -14245000.0,
        "Tax Provision": 792000.0,
        "Pretax Income": -13453000.0,
        "Other Income Expense": -39000.0,
        "Other Non Operating Income Expenses": -39000.0,
        "Special Income Charges": NaN,
        "Write Off": NaN,
        "Impairment Of Capital Assets": NaN,
        "Restructuring And Mergern Acquisition": NaN,
        "Net Non Operating Interest Income Expense": 726000.0,
        "Total Other Finance Cost": -726000.0,
        "Operating Income": -14140000.0,
        "Operating Expense": 49357000.0,
        "Other Operating Expenses": 632000.0,
        "Research And Development": 17750000.0,
        "Selling General And Administration": 30975000.0,
        "Selling And Marketing Expense": 15353000.0,
        "General And Administrative Expense": 15622000.0,
        "Other Gand A": 15622000.0,
        "Gross Profit": 35217000.0,
        "Cost Of Revenue": 75787000.0,
        "Total Revenue": 111004000.0,
        "Operating Revenue": 111004000.0
    },
    "2022-12-31": {
        "Tax Effect Of Unusual Items": -722000.0,
        "Tax Rate For Calcs": 0.4,
        "Normalized EBITDA": -17700000.0,
        "Total Unusual Items": -1805000.0,
        "Total Unusual Items Excluding Goodwill": -1805000.0,
        "Net Income From Continuing Operation Net Minority Interest": -22155000.0,
        "Reconciled Depreciation": 1115000.0,
        "Reconciled Cost Of Revenue": 86557000.0,
        "EBIT": -20620000.0,
        "Net Interest Income": 512000.0,
        "Normalized Income": -21072000.0,
        "Net Income From Continuing And Discontinued Operation": -22155000.0,
        "Total Expenses": 139147000.0,
        "Total Operating Income As Reported": -22425000.0,
        "Diluted Average Shares": 88743000.0,
        "Basic Average Shares": 88743000.0,
        "Diluted EPS": -0.25,
        "Basic EPS": -0.25,
        "Diluted NI Availto Com Stockholders": -22155000.0,
        "Net Income Common Stockholders": -22155000.0,
        "Net Income": -22155000.0,
        "Net Income Including Noncontrolling Interests": -22155000.0,
        "Net Income Continuous Operations": -22155000.0,
        "Tax Provision": 230000.0,
        "Pretax Income": -21925000.0,
        "Other Income Expense": -1817000.0,
        "Other Non Operating Income Expenses": -12000.0,
        "Special Income Charges": -1805000.0,
        "Write Off": 0.0,
        "Impairment Of Capital Assets": NaN,
        "Restructuring And Mergern Acquisition": 1805000.0,
        "Net Non Operating Interest Income Expense": 512000.0,
        "Total Other Finance Cost": -512000.0,
        "Operating Income": -20620000.0,
        "Operating Expense": 52590000.0,
        "Other Operating Expenses": 10000.0,
        "Research And Development": 14457000.0,
        "Selling General And Administration": 38123000.0,
        "Selling And Marketing Expense": 20214000.0,
        "General And Administrative Expense": 17909000.0,
        "Other Gand A": 17909000.0,
        "Gross Profit": 31970000.0,
        "Cost Of Revenue": 86557000.0,
        "Total Revenue": 118527000.0,
        "Operating Revenue": 118527000.0
    },
    "2022-09-30": {
        "Tax Effect Of Unusual Items": -109200.0,
        "Tax Rate For Calcs": 0.4,
        "Normalized EBITDA": -13894000.0,
        "Total Unusual Items": -273000.0,
        "Total Unusual Items Excluding Goodwill": -273000.0,
        "Net Income From Continuing Operation Net Minority Interest": -14435000.0,
        "Reconciled Depreciation": 1130000.0,
        "Reconciled Cost Of Revenue": 91407000.0,
        "EBIT": -14167000.0,
        "Net Interest Income": 290000.0,
        "Normalized Income": -14271200.0,
        "Net Income From Continuing And Discontinued Operation": -14435000.0,
        "Total Expenses": 142324000.0,
        "Total Operating Income As Reported": -14440000.0,
        "Diluted Average Shares": 88124000.0,
        "Basic Average Shares": 88124000.0,
        "Diluted EPS": -0.16,
        "Basic EPS": -0.16,
        "Diluted NI Availto Com Stockholders": -14435000.0,
        "Net Income Common Stockholders": -14435000.0,
        "Net Income": -14435000.0,
        "Net Income Including Noncontrolling Interests": -14435000.0,
        "Net Income Continuous Operations": -14435000.0,
        "Tax Provision": 304000.0,
        "Pretax Income": -14131000.0,
        "Other Income Expense": -254000.0,
        "Other Non Operating Income Expenses": 19000.0,
        "Special Income Charges": -273000.0,
        "Write Off": 0.0,
        "Impairment Of Capital Assets": NaN,
        "Restructuring And Mergern Acquisition": 273000.0,
        "Net Non Operating Interest Income Expense": 290000.0,
        "Total Other Finance Cost": -290000.0,
        "Operating Income": -14167000.0,
        "Operating Expense": 50917000.0,
        "Other Operating Expenses": NaN,
        "Research And Development": 16471000.0,
        "Selling General And Administration": 34446000.0,
        "Selling And Marketing Expense": 22193000.0,
        "General And Administrative Expense": 12253000.0,
        "Other Gand A": 12253000.0,
        "Gross Profit": 36750000.0,
        "Cost Of Revenue": 91407000.0,
        "Total Revenue": 128157000.0,
        "Operating Revenue": 128157000.0
    },
    "2022-06-30": {
        "Tax Effect Of Unusual Items": -10000.0,
        "Tax Rate For Calcs": 0.4,
        "Normalized EBITDA": -10071000.0,
        "Total Unusual Items": -25000.0,
        "Total Unusual Items Excluding Goodwill": -25000.0,
        "Net Income From Continuing Operation Net Minority Interest": -11557000.0,
        "Reconciled Depreciation": 1221000.0,
        "Reconciled Cost Of Revenue": 85239000.0,
        "EBIT": -11317000.0,
        "Net Interest Income": 129000.0,
        "Normalized Income": -11542000.0,
        "Net Income From Continuing And Discontinued Operation": -11557000.0,
        "Total Expenses": 130296000.0,
        "Total Operating Income As Reported": -11342000.0,
        "Diluted Average Shares": 86868000.0,
        "Basic Average Shares": 86868000.0,
        "Diluted EPS": -0.13,
        "Basic EPS": -0.13,
        "Diluted NI Availto Com Stockholders": -11557000.0,
        "Net Income Common Stockholders": -11557000.0,
        "Net Income": -11557000.0,
        "Net Income Including Noncontrolling Interests": -11557000.0,
        "Net Income Continuous Operations": -11557000.0,
        "Tax Provision": 228000.0,
        "Pretax Income": -11329000.0,
        "Other Income Expense": -141000.0,
        "Other Non Operating Income Expenses": -116000.0,
        "Special Income Charges": -25000.0,
        "Write Off": 0.0,
        "Impairment Of Capital Assets": 0.0,
        "Restructuring And Mergern Acquisition": 25000.0,
        "Net Non Operating Interest Income Expense": 129000.0,
        "Total Other Finance Cost": -129000.0,
        "Operating Income": -11317000.0,
        "Operating Expense": 45057000.0,
        "Other Operating Expenses": NaN,
        "Research And Development": 17402000.0,
        "Selling General And Administration": 27655000.0,
        "Selling And Marketing Expense": 14506000.0,
        "General And Administrative Expense": 13149000.0,
        "Other Gand A": 13149000.0,
        "Gross Profit": 33740000.0,
        "Cost Of Revenue": 85239000.0,
        "Total Revenue": 118979000.0,
        "Operating Revenue": 118979000.0
    },
    "2022-03-31": {
        "Diluted EPS": -0.1,
        "Total Revenue": 125,
        "Gross Profit": 34,
        "Operating Income": -9,
        "EBIT": -7,
        "Net Income": -8
    },
    "2021-12-31": {
        "Diluted EPS": -0.09,
        "Total Revenue": 143,
        "Gross Profit": 32,
        "Operating Income": -7,
        "EBIT": -9,
        "Net Income": -7
    },
    "2021-09-30": {
        "Diluted EPS": -0.18,
        "Total Revenue": 111,
        "Gross Profit": 24,
        "Operating Income": -16,
        "EBIT": -14,
        "Net Income": -15
    },
    "2021-06-30": {
        "Diluted EPS": -0.28,
        "Total Revenue": 99,
        "Gross Profit": 26,
        "Operating Income": -26,
        "EBIT": -24,
        "Net Income": -23
    },
    "2021-03-31": {
        "Diluted EPS": -0.13,
        "Total Revenue": 83,
        "Gross Profit": 26,
        "Operating Income": -11,
        "EBIT": -10,
        "Net Income": -11
    },
    "2020-12-31": {
        "Diluted EPS": -0.19,
        "Total Revenue": 115,
        "Gross Profit": 25,
        "Operating Income": -16,
        "EBIT": -13,
        "Net Income": -15
    },
    "2020-09-30": {
        "Diluted EPS": -0.22,
        "Total Revenue": 110,
        "Gross Profit": 21,
        "Operating Income": -18,
        "EBIT": -15,
        "Net Income": -17
    },
    "2020-06-30": {
        "Diluted EPS": -0.38,
        "Total Revenue": 67,
        "Gross Profit": 5,
        "Operating Income": -30,
        "EBIT": -28,
        "Net Income": -29
    },
    "2020-03-31": {
        "Diluted EPS": -0.51,
        "Total Revenue": 65,
        "Gross Profit": 4,
        "Operating Income": -41,
        "EBIT": -38,
        "Net Income": -39
    },
    "2019-12-31": {
        "Diluted EPS": 0.27,
        "Total Revenue": 122,
        "Gross Profit": 14,
        "Operating Income": 22,
        "EBIT": 25,
        "Net Income": 20
    },
    "2019-09-30": {
        "Diluted EPS": -0.41,
        "Total Revenue": 106,
        "Gross Profit": 11,
        "Operating Income": -31,
        "EBIT": -28,
        "Net Income": -31
    },
    "2019-06-30": {
        "Diluted EPS": -0.45,
        "Total Revenue": 84,
        "Gross Profit": 10,
        "Operating Income": -34,
        "EBIT": -32,
        "Net Income": -34
    },
    "2019-03-31": {
        "Diluted EPS": -0.55,
        "Total Revenue": 58,
        "Gross Profit": 2,
        "Operating Income": -42,
        "EBIT": -40,
        "Net Income": -41
    },
    "2018-12-31": {
        "Diluted EPS": -0.55,
        "Total Revenue": 122,
        "Gross Profit": 5,
        "Operating Income": -40,
        "EBIT": -38,
        "Net Income": -39
    },
    "2018-09-30": {
        "Diluted EPS": -0.19,
        "Total Revenue": 131,
        "Gross Profit": 30,
        "Operating Income": -13,
        "EBIT": -12,
        "Net Income": -13
    },
    "2018-06-30": {
        "Diluted EPS": -0.29,
        "Total Revenue": 111,
        "Gross Profit": 28,
        "Operating Income": -16,
        "EBIT": -15,
        "Net Income": -18
    },
    "2018-03-31": {
        "Diluted EPS": -0.09,
        "Total Revenue": 101,
        "Gross Profit": 29,
        "Operating Income": -6,
        "EBIT": -5,
        "Net Income": -5
    },
    "2017-12-31": {
        "Diluted EPS": 0.04,
        "Total Revenue": 125,
        "Gross Profit": 30,
        "Operating Income": 3,
        "EBIT": 4,
        "Net Income": 3
    },
    "2017-09-30": {
        "Diluted EPS": 0.1,
        "Total Revenue": 105,
        "Gross Profit": 28,
        "Operating Income": 6,
        "EBIT": 7,
        "Net Income": 6
    },
    "2017-06-30": {
        "Diluted EPS": -0.03,
        "Total Revenue": 79,
        "Gross Profit": 17,
        "Operating Income": -3,
        "EBIT": -2,
        "Net Income": -2
    },
    "2017-03-31": {
        "Diluted EPS": 0.0,
        "Total Revenue": 62,
        "Gross Profit": 16,
        "Operating Income": 0,
        "EBIT": 1,
        "Net Income": 0
    },
    "2016-12-31": {
        "Diluted EPS": 0.0,
        "Total Revenue": NaN,
        "Gross Profit": NaN,
        "Operating Income": NaN,
        "EBIT": NaN,
        "Net Income": NaN
    }
}