{
    "2023-03-31": {
        "Tax Effect Of Unusual Items": NaN,
        "Tax Rate For Calcs": NaN,
        "Normalized EBITDA": NaN,
        "Total Unusual Items": NaN,
        "Total Unusual Items Excluding Goodwill": NaN,
        "Net Income From Continuing Operation Net Minority Interest": NaN,
        "Reconciled Depreciation": NaN,
        "Reconciled Cost Of Revenue": NaN,
        "EBITDA": NaN,
        "EBIT": NaN,
        "Net Interest Income": NaN,
        "Interest Expense": NaN,
        "Normalized Income": NaN,
        "Net Income From Continuing And Discontinued Operation": NaN,
        "Total Expenses": NaN,
        "Total Operating Income As Reported": NaN,
        "Diluted Average Shares": 9510000.0,
        "Basic Average Shares": 9504000.0,
        "Diluted EPS": 0.39,
        "Basic EPS": 0.39,
        "Diluted NI Availto Com Stockholders": NaN,
        "Net Income Common Stockholders": NaN,
        "Net Income": NaN,
        "Net Income Including Noncontrolling Interests": NaN,
        "Net Income Continuous Operations": NaN,
        "Tax Provision": NaN,
        "Pretax Income": NaN,
        "Other Income Expense": NaN,
        "Other Non Operating Income Expenses": NaN,
        "Special Income Charges": NaN,
        "Other Special Charges": NaN,
        "Net Non Operating Interest Income Expense": NaN,
        "Interest Expense Non Operating": NaN,
        "Operating Income": NaN,
        "Operating Expense": NaN,
        "Other Taxes": NaN,
        "Depreciation Amortization Depletion Income Statement": NaN,
        "Depreciation And Amortization In Income Statement": NaN,
        "Gross Profit": NaN,
        "Cost Of Revenue": NaN,
        "Total Revenue": NaN,
        "Operating Revenue": NaN
    },
    "2022-12-31": {
        "Tax Effect Of Unusual Items": 120279.069767,
        "Tax Rate For Calcs": 0.27907,
        "Normalized EBITDA": 8361000.0,
        "Total Unusual Items": 431000.0,
        "Total Unusual Items Excluding Goodwill": 431000.0,
        "Net Income From Continuing Operation Net Minority Interest": 2325000.0,
        "Reconciled Depreciation": 3270000.0,
        "Reconciled Cost Of Revenue": 15210000.0,
        "EBITDA": 8792000.0,
        "EBIT": 5522000.0,
        "Net Interest Income": -2297000.0,
        "Interest Expense": 2297000.0,
        "Normalized Income": 2014279.069767,
        "Net Income From Continuing And Discontinued Operation": 2325000.0,
        "Total Expenses": 19980000.0,
        "Total Operating Income As Reported": 4237000.0,
        "Diluted Average Shares": NaN,
        "Basic Average Shares": NaN,
        "Diluted EPS": NaN,
        "Basic EPS": NaN,
        "Diluted NI Availto Com Stockholders": 2325000.0,
        "Net Income Common Stockholders": 2325000.0,
        "Net Income": 2325000.0,
        "Net Income Including Noncontrolling Interests": 2325000.0,
        "Net Income Continuous Operations": 2325000.0,
        "Tax Provision": 900000.0,
        "Pretax Income": 3225000.0,
        "Other Income Expense": 385000.0,
        "Other Non Operating Income Expenses": -46000.0,
        "Special Income Charges": 431000.0,
        "Other Special Charges": -431000.0,
        "Net Non Operating Interest Income Expense": -2297000.0,
        "Interest Expense Non Operating": 2297000.0,
        "Operating Income": 5137000.0,
        "Operating Expense": 4770000.0,
        "Other Taxes": 1500000.0,
        "Depreciation Amortization Depletion Income Statement": 3270000.0,
        "Depreciation And Amortization In Income Statement": 3270000.0,
        "Gross Profit": 9907000.0,
        "Cost Of Revenue": 15210000.0,
        "Total Revenue": 25117000.0,
        "Operating Revenue": 25117000.0
    },
    "2022-09-30": {
        "Tax Effect Of Unusual Items": NaN,
        "Tax Rate For Calcs": NaN,
        "Normalized EBITDA": NaN,
        "Total Unusual Items": NaN,
        "Total Unusual Items Excluding Goodwill": NaN,
        "Net Income From Continuing Operation Net Minority Interest": NaN,
        "Reconciled Depreciation": NaN,
        "Reconciled Cost Of Revenue": NaN,
        "EBITDA": NaN,
        "EBIT": NaN,
        "Net Interest Income": NaN,
        "Interest Expense": NaN,
        "Normalized Income": NaN,
        "Net Income From Continuing And Discontinued Operation": NaN,
        "Total Expenses": NaN,
        "Total Operating Income As Reported": NaN,
        "Diluted Average Shares": 9492000.0,
        "Basic Average Shares": 9477000.0,
        "Diluted EPS": 0.65,
        "Basic EPS": 0.65,
        "Diluted NI Availto Com Stockholders": NaN,
        "Net Income Common Stockholders": NaN,
        "Net Income": NaN,
        "Net Income Including Noncontrolling Interests": NaN,
        "Net Income Continuous Operations": NaN,
        "Tax Provision": NaN,
        "Pretax Income": NaN,
        "Other Income Expense": NaN,
        "Other Non Operating Income Expenses": NaN,
        "Special Income Charges": NaN,
        "Other Special Charges": NaN,
        "Net Non Operating Interest Income Expense": NaN,
        "Interest Expense Non Operating": NaN,
        "Operating Income": NaN,
        "Operating Expense": NaN,
        "Other Taxes": NaN,
        "Depreciation Amortization Depletion Income Statement": NaN,
        "Depreciation And Amortization In Income Statement": NaN,
        "Gross Profit": NaN,
        "Cost Of Revenue": NaN,
        "Total Revenue": NaN,
        "Operating Revenue": NaN
    },
    "2022-06-30": {
        "Tax Effect Of Unusual Items": 82543.198937,
        "Tax Rate For Calcs": 0.254763,
        "Normalized EBITDA": 11590000.0,
        "Total Unusual Items": 324000.0,
        "Total Unusual Items Excluding Goodwill": 324000.0,
        "Net Income From Continuing Operation Net Minority Interest": 5046000.0,
        "Reconciled Depreciation": 3055000.0,
        "Reconciled Cost Of Revenue": 11975000.0,
        "EBITDA": 11914000.0,
        "EBIT": 8859000.0,
        "Net Interest Income": -2088000.0,
        "Interest Expense": 2088000.0,
        "Normalized Income": 4804543.198937,
        "Net Income From Continuing And Discontinued Operation": 5046000.0,
        "Total Expenses": 16443000.0,
        "Total Operating Income As Reported": 6843000.0,
        "Diluted Average Shares": 9470000.0,
        "Basic Average Shares": 9452000.0,
        "Diluted EPS": 0.53,
        "Basic EPS": 0.53,
        "Diluted NI Availto Com Stockholders": 5046000.0,
        "Net Income Common Stockholders": 5046000.0,
        "Net Income": 5046000.0,
        "Net Income Including Noncontrolling Interests": 5046000.0,
        "Net Income Continuous Operations": 5046000.0,
        "Tax Provision": 1725000.0,
        "Pretax Income": 6771000.0,
        "Other Income Expense": 291000.0,
        "Other Non Operating Income Expenses": -33000.0,
        "Special Income Charges": 324000.0,
        "Other Special Charges": -324000.0,
        "Net Non Operating Interest Income Expense": -2088000.0,
        "Interest Expense Non Operating": 2088000.0,
        "Operating Income": 8568000.0,
        "Operating Expense": 4468000.0,
        "Other Taxes": 1413000.0,
        "Depreciation Amortization Depletion Income Statement": 3055000.0,
        "Depreciation And Amortization In Income Statement": 3055000.0,
        "Gross Profit": 13036000.0,
        "Cost Of Revenue": 11975000.0,
        "Total Revenue": 25011000.0,
        "Operating Revenue": 25011000.0
    },
    "2022-03-31": {
        "Diluted EPS": 0.47,
        "Total Revenue": 22,
        "Gross Profit": 22,
        "Operating Income": 5,
        "EBIT": 8,
        "Net Income": 4
    },
    "2021-12-31": {
        "Diluted EPS": 0.32,
        "Total Revenue": 23,
        "Gross Profit": 23,
        "Operating Income": 5,
        "EBIT": 8,
        "Net Income": 3
    },
    "2021-09-30": {
        "Diluted EPS": 0.54,
        "Total Revenue": 25,
        "Gross Profit": 25,
        "Operating Income": 7,
        "EBIT": 10,
        "Net Income": 5
    },
    "2021-06-30": {
        "Diluted EPS": 0.48,
        "Total Revenue": 22,
        "Gross Profit": 22,
        "Operating Income": 6,
        "EBIT": 9,
        "Net Income": 5
    },
    "2021-03-31": {
        "Diluted EPS": 0.45,
        "Total Revenue": 21,
        "Gross Profit": 21,
        "Operating Income": 4,
        "EBIT": 7,
        "Net Income": 4
    },
    "2020-12-31": {
        "Diluted EPS": 0.32,
        "Total Revenue": 22,
        "Gross Profit": 22,
        "Operating Income": 5,
        "EBIT": 8,
        "Net Income": 3
    },
    "2020-09-30": {
        "Diluted EPS": 0.54,
        "Total Revenue": 25,
        "Gross Profit": 25,
        "Operating Income": 7,
        "EBIT": 10,
        "Net Income": 5
    },
    "2020-06-30": {
        "Diluted EPS": 0.49,
        "Total Revenue": 22,
        "Gross Profit": 22,
        "Operating Income": 6,
        "EBIT": 9,
        "Net Income": 5
    },
    "2020-03-31": {
        "Diluted EPS": 0.44,
        "Total Revenue": 20,
        "Gross Profit": 20,
        "Operating Income": 4,
        "EBIT": 7,
        "Net Income": 4
    },
    "2019-12-31": {
        "Diluted EPS": 0.32,
        "Total Revenue": 21,
        "Gross Profit": 21,
        "Operating Income": 5,
        "EBIT": 7,
        "Net Income": 3
    },
    "2019-09-30": {
        "Diluted EPS": 0.48,
        "Total Revenue": 23,
        "Gross Profit": 23,
        "Operating Income": 6,
        "EBIT": 8,
        "Net Income": 4
    },
    "2019-06-30": {
        "Diluted EPS": 0.41,
        "Total Revenue": 21,
        "Gross Profit": 21,
        "Operating Income": 5,
        "EBIT": 8,
        "Net Income": 4
    },
    "2019-03-31": {
        "Diluted EPS": 0.39,
        "Total Revenue": 19,
        "Gross Profit": 19,
        "Operating Income": 4,
        "EBIT": 7,
        "Net Income": 4
    },
    "2018-12-31": {
        "Diluted EPS": 0.33,
        "Total Revenue": 19,
        "Gross Profit": 19,
        "Operating Income": 5,
        "EBIT": 7,
        "Net Income": 3
    },
    "2018-09-30": {
        "Diluted EPS": 0.42,
        "Total Revenue": 22,
        "Gross Profit": 22,
        "Operating Income": 5,
        "EBIT": 8,
        "Net Income": 4
    },
    "2018-06-30": {
        "Diluted EPS": 0.42,
        "Total Revenue": 20,
        "Gross Profit": 20,
        "Operating Income": 5,
        "EBIT": 8,
        "Net Income": 4
    },
    "2018-03-31": {
        "Diluted EPS": 0.37,
        "Total Revenue": 19,
        "Gross Profit": 19,
        "Operating Income": 4,
        "EBIT": 7,
        "Net Income": 3
    },
    "2017-12-31": {
        "Diluted EPS": 0.4,
        "Total Revenue": 20,
        "Gross Profit": 20,
        "Operating Income": 5,
        "EBIT": 8,
        "Net Income": 4
    },
    "2017-09-30": {
        "Diluted EPS": 0.42,
        "Total Revenue": 22,
        "Gross Profit": 22,
        "Operating Income": 5,
        "EBIT": 8,
        "Net Income": 4
    },
    "2017-06-30": {
        "Diluted EPS": 0.35,
        "Total Revenue": 21,
        "Gross Profit": 21,
        "Operating Income": 5,
        "EBIT": 7,
        "Net Income": 3
    },
    "2017-03-31": {
        "Diluted EPS": 0.34,
        "Total Revenue": 19,
        "Gross Profit": 19,
        "Operating Income": 4,
        "EBIT": 6,
        "Net Income": 3
    },
    "2016-12-31": {
        "Diluted EPS": 0.29,
        "Total Revenue": 19,
        "Gross Profit": 19,
        "Operating Income": 4,
        "EBIT": 7,
        "Net Income": 3
    },
    "2016-09-30": {
        "Diluted EPS": 0.48,
        "Total Revenue": 22,
        "Gross Profit": 22,
        "Operating Income": 6,
        "EBIT": 8,
        "Net Income": 4
    },
    "2016-06-30": {
        "Diluted EPS": 0.33,
        "Total Revenue": 19,
        "Gross Profit": 19,
        "Operating Income": 5,
        "EBIT": 7,
        "Net Income": 3
    },
    "2016-03-31": {
        "Diluted EPS": 0.31,
        "Total Revenue": 18,
        "Gross Profit": 18,
        "Operating Income": 4,
        "EBIT": 6,
        "Net Income": 3
    },
    "2015-12-31": {
        "Diluted EPS": 0.21,
        "Total Revenue": 19,
        "Gross Profit": 19,
        "Operating Income": 4,
        "EBIT": 6,
        "Net Income": 2
    },
    "2015-09-30": {
        "Diluted EPS": 0.41,
        "Total Revenue": 21,
        "Gross Profit": 21,
        "Operating Income": 5,
        "EBIT": 8,
        "Net Income": 4
    },
    "2015-06-30": {
        "Diluted EPS": 0.36,
        "Total Revenue": 20,
        "Gross Profit": 20,
        "Operating Income": 5,
        "EBIT": 7,
        "Net Income": 3
    },
    "2015-03-31": {
        "Diluted EPS": 0.28,
        "Total Revenue": 18,
        "Gross Profit": 18,
        "Operating Income": 4,
        "EBIT": 6,
        "Net Income": 3
    },
    "2014-12-31": {
        "Diluted EPS": 0.25,
        "Total Revenue": 18,
        "Gross Profit": 18,
        "Operating Income": 4,
        "EBIT": 6,
        "Net Income": 2
    },
    "2014-09-30": {
        "Diluted EPS": 0.37,
        "Total Revenue": 20,
        "Gross Profit": 20,
        "Operating Income": 5,
        "EBIT": 8,
        "Net Income": 3
    },
    "2014-06-30": {
        "Diluted EPS": 0.22,
        "Total Revenue": 18,
        "Gross Profit": 18,
        "Operating Income": 4,
        "EBIT": 6,
        "Net Income": 2
    },
    "2014-03-31": {
        "Diluted EPS": 0.23,
        "Total Revenue": 17,
        "Gross Profit": 17,
        "Operating Income": 3,
        "EBIT": 5,
        "Net Income": 2
    },
    "2013-12-31": {
        "Diluted EPS": 0.18,
        "Total Revenue": 17,
        "Gross Profit": 17,
        "Operating Income": 3,
        "EBIT": 5,
        "Net Income": 2
    },
    "2013-09-30": {
        "Diluted EPS": 0.29,
        "Total Revenue": 18,
        "Gross Profit": 18,
        "Operating Income": 4,
        "EBIT": 6,
        "Net Income": 3
    },
    "2013-06-30": {
        "Diluted EPS": 0.28,
        "Total Revenue": 18,
        "Gross Profit": 18,
        "Operating Income": 4,
        "EBIT": 6,
        "Net Income": 3
    },
    "2013-03-31": {
        "Diluted EPS": 0.19,
        "Total Revenue": 16,
        "Gross Profit": 16,
        "Operating Income": 3,
        "EBIT": 5,
        "Net Income": 2
    },
    "2012-12-31": {
        "Diluted EPS": 0.19,
        "Total Revenue": 17,
        "Gross Profit": 17,
        "Operating Income": 3,
        "EBIT": 6,
        "Net Income": 2
    },
    "2012-09-30": {
        "Diluted EPS": 0.33,
        "Total Revenue": 19,
        "Gross Profit": 19,
        "Operating Income": 4,
        "EBIT": 6,
        "Net Income": 3
    },
    "2012-06-30": {
        "Diluted EPS": 0.32,
        "Total Revenue": 18,
        "Gross Profit": 18,
        "Operating Income": 4,
        "EBIT": 6,
        "Net Income": 3
    },
    "2012-03-31": {
        "Diluted EPS": 0.29,
        "Total Revenue": 17,
        "Gross Profit": 17,
        "Operating Income": 4,
        "EBIT": 6,
        "Net Income": 3
    },
    "2011-12-31": {
        "Diluted EPS": 0.21,
        "Total Revenue": 16,
        "Gross Profit": 16,
        "Operating Income": 4,
        "EBIT": 5,
        "Net Income": 2
    },
    "2011-09-30": {
        "Diluted EPS": 0.26,
        "Total Revenue": 18,
        "Gross Profit": 18,
        "Operating Income": 4,
        "EBIT": 6,
        "Net Income": 2
    },
    "2011-06-30": {
        "Diluted EPS": 0.23,
        "Total Revenue": 17,
        "Gross Profit": 17,
        "Operating Income": 4,
        "EBIT": 5,
        "Net Income": 2
    },
    "2011-03-31": {
        "Diluted EPS": 0.13,
        "Total Revenue": 15,
        "Gross Profit": 15,
        "Operating Income": 2,
        "EBIT": 4,
        "Net Income": 1
    },
    "2010-12-31": {
        "Diluted EPS": 0.16,
        "Total Revenue": 16,
        "Gross Profit": 16,
        "Operating Income": 3,
        "EBIT": 5,
        "Net Income": 1
    },
    "2010-09-30": {
        "Diluted EPS": 0.38,
        "Total Revenue": 18,
        "Gross Profit": 18,
        "Operating Income": 5,
        "EBIT": 6,
        "Net Income": 3
    },
    "2010-06-30": {
        "Diluted EPS": 0.24,
        "Total Revenue": 16,
        "Gross Profit": 16,
        "Operating Income": 4,
        "EBIT": 5,
        "Net Income": 2
    },
    "2010-03-31": {
        "Diluted EPS": 0.22,
        "Total Revenue": 15,
        "Gross Profit": 15,
        "Operating Income": 3,
        "EBIT": 5,
        "Net Income": 2
    },
    "2009-12-31": {
        "Diluted EPS": 0.2,
        "Total Revenue": 16,
        "Gross Profit": 16,
        "Operating Income": 3,
        "EBIT": 5,
        "Net Income": 2
    },
    "2009-09-30": {
        "Diluted EPS": 0.28,
        "Total Revenue": 16,
        "Gross Profit": 16,
        "Operating Income": 4,
        "EBIT": 6,
        "Net Income": 2
    },
    "2009-06-30": {
        "Diluted EPS": 0.27,
        "Total Revenue": 15,
        "Gross Profit": 15,
        "Operating Income": 4,
        "EBIT": 5,
        "Net Income": 2
    },
    "2009-03-31": {
        "Diluted EPS": 0.22,
        "Total Revenue": 14,
        "Gross Profit": 14,
        "Operating Income": 3,
        "EBIT": 4,
        "Net Income": 2
    },
    "2023-06-30": {
        "Tax Effect Of Unusual Items": 155182.902584,
        "Tax Rate For Calcs": 0.263917,
        "Normalized EBITDA": 11004000.0,
        "Total Unusual Items": 588000.0,
        "Total Unusual Items Excluding Goodwill": 588000.0,
        "Net Income From Continuing Operation Net Minority Interest": 4443000.0,
        "Reconciled Depreciation": 3215000.0,
        "Reconciled Cost Of Revenue": 12748000.0,
        "EBITDA": 11592000.0,
        "EBIT": 8377000.0,
        "Net Interest Income": -2341000.0,
        "Interest Expense": 2341000.0,
        "Normalized Income": 4010182.902584,
        "Net Income From Continuing And Discontinued Operation": 4443000.0,
        "Total Expenses": 17450000.0,
        "Total Operating Income As Reported": 6208000.0,
        "Diluted Average Shares": 10002000.0,
        "Basic Average Shares": 9998000.0,
        "Diluted EPS": 0.44,
        "Basic EPS": 0.44,
        "Diluted NI Availto Com Stockholders": 4443000.0,
        "Net Income Common Stockholders": 4443000.0,
        "Net Income": 4443000.0,
        "Net Income Including Noncontrolling Interests": 4443000.0,
        "Net Income Continuous Operations": 4443000.0,
        "Tax Provision": 1593000.0,
        "Pretax Income": 6036000.0,
        "Other Income Expense": 576000.0,
        "Other Non Operating Income Expenses": -12000.0,
        "Special Income Charges": 588000.0,
        "Other Special Charges": -588000.0,
        "Net Non Operating Interest Income Expense": -2341000.0,
        "Interest Expense Non Operating": 2341000.0,
        "Operating Income": 7801000.0,
        "Operating Expense": 4702000.0,
        "Other Taxes": 1487000.0,
        "Depreciation Amortization Depletion Income Statement": 3215000.0,
        "Depreciation And Amortization In Income Statement": 3215000.0,
        "Gross Profit": 12503000.0,
        "Cost Of Revenue": 12748000.0,
        "Total Revenue": 25251000.0,
        "Operating Revenue": 25251000.0
    },
    "2023-09-30": {
        "Tax Effect Of Unusual Items": 198784.562842,
        "Tax Rate For Calcs": 0.30724,
        "Normalized EBITDA": 12319000.0,
        "Total Unusual Items": 647000.0,
        "Total Unusual Items Excluding Goodwill": 647000.0,
        "Net Income From Continuing Operation Net Minority Interest": 5071000.0,
        "Reconciled Depreciation": 3443000.0,
        "Reconciled Cost Of Revenue": 12713000.0,
        "EBITDA": 12966000.0,
        "EBIT": 9522000.0,
        "Net Interest Income": -2202000.0,
        "Interest Expense": 2202000.0,
        "Normalized Income": 4622784.562842,
        "Net Income From Continuing And Discontinued Operation": 5071000.0,
        "Total Expenses": 17660000.0,
        "Total Operating Income As Reported": 6661000.0,
        "Diluted Average Shares": 10279000.0,
        "Basic Average Shares": 10276000.0,
        "Diluted EPS": 0.49,
        "Basic EPS": 0.49,
        "Diluted NI Availto Com Stockholders": 5071000.0,
        "Net Income Common Stockholders": 5071000.0,
        "Net Income": 5071000.0,
        "Net Income Including Noncontrolling Interests": 5071000.0,
        "Net Income Continuous Operations": 5071000.0,
        "Tax Provision": 2249000.0,
        "Pretax Income": 7320000.0,
        "Other Income Expense": 612000.0,
        "Other Non Operating Income Expenses": -35000.0,
        "Special Income Charges": 647000.0,
        "Other Special Charges": -647000.0,
        "Net Non Operating Interest Income Expense": -2202000.0,
        "Interest Expense Non Operating": 2202000.0,
        "Operating Income": 8910000.0,
        "Operating Expense": 4948000.0,
        "Other Taxes": 1504000.0,
        "Depreciation Amortization Depletion Income Statement": 3444000.0,
        "Depreciation And Amortization In Income Statement": 3444000.0,
        "Gross Profit": 13858000.0,
        "Cost Of Revenue": 12712000.0,
        "Total Revenue": 26570000.0,
        "Operating Revenue": 26570000.0
    },
    "2023-12-31": {
        "Tax Effect Of Unusual Items": 78837.328767,
        "Tax Rate For Calcs": 0.255137,
        "Normalized EBITDA": 10012000.0,
        "Total Unusual Items": 309000.0,
        "Total Unusual Items Excluding Goodwill": 309000.0,
        "Net Income From Continuing Operation Net Minority Interest": 3480000.0,
        "Reconciled Depreciation": 3453000.0,
        "Reconciled Cost Of Revenue": 12817000.0,
        "EBITDA": 10321000.0,
        "EBIT": 6868000.0,
        "Net Interest Income": -2196000.0,
        "Interest Expense": 2196000.0,
        "Normalized Income": 3249837.328767,
        "Net Income From Continuing And Discontinued Operation": 3480000.0,
        "Total Expenses": 17838000.0,
        "Total Operating Income As Reported": 5514000.0,
        "Diluted Average Shares": NaN,
        "Basic Average Shares": NaN,
        "Diluted EPS": NaN,
        "Basic EPS": NaN,
        "Diluted NI Availto Com Stockholders": 3480000.0,
        "Net Income Common Stockholders": 3480000.0,
        "Net Income": 3480000.0,
        "Net Income Including Noncontrolling Interests": 3480000.0,
        "Net Income Continuous Operations": 3480000.0,
        "Tax Provision": 1192000.0,
        "Pretax Income": 4672000.0,
        "Other Income Expense": 162000.0,
        "Other Non Operating Income Expenses": -147000.0,
        "Special Income Charges": 309000.0,
        "Other Special Charges": -309000.0,
        "Net Non Operating Interest Income Expense": -2196000.0,
        "Interest Expense Non Operating": 2196000.0,
        "Operating Income": 6706000.0,
        "Operating Expense": 5021000.0,
        "Other Taxes": 1568000.0,
        "Depreciation Amortization Depletion Income Statement": 3453000.0,
        "Depreciation And Amortization In Income Statement": 3453000.0,
        "Gross Profit": 11727000.0,
        "Cost Of Revenue": 12817000.0,
        "Total Revenue": 24544000.0,
        "Operating Revenue": 24544000.0
    },
    "2024-03-31": {
        "Tax Effect Of Unusual Items": 78641.661195,
        "Tax Rate For Calcs": 0.275936,
        "Normalized EBITDA": 11439000.0,
        "Total Unusual Items": 285000.0,
        "Total Unusual Items Excluding Goodwill": 285000.0,
        "Net Income From Continuing Operation Net Minority Interest": 4411000.0,
        "Reconciled Depreciation": 3465000.0,
        "Reconciled Cost Of Revenue": 13073000.0,
        "EBITDA": 11724000.0,
        "EBIT": 8259000.0,
        "Net Interest Income": -2167000.0,
        "Interest Expense": 2167000.0,
        "Normalized Income": 4204641.661195,
        "Net Income From Continuing And Discontinued Operation": 4411000.0,
        "Total Expenses": 18144000.0,
        "Total Operating Income As Reported": 4719000.0,
        "Diluted Average Shares": 10291000.0,
        "Basic Average Shares": 10287000.0,
        "Diluted EPS": 0.43,
        "Basic EPS": 0.43,
        "Diluted NI Availto Com Stockholders": 4411000.0,
        "Net Income Common Stockholders": 4411000.0,
        "Net Income": 4411000.0,
        "Net Income Including Noncontrolling Interests": 4411000.0,
        "Net Income Continuous Operations": 4411000.0,
        "Tax Provision": 1681000.0,
        "Pretax Income": 6092000.0,
        "Other Income Expense": 1859000.0,
        "Other Non Operating Income Expenses": 1574000.0,
        "Special Income Charges": 285000.0,
        "Other Special Charges": -285000.0,
        "Net Non Operating Interest Income Expense": -2167000.0,
        "Interest Expense Non Operating": 2167000.0,
        "Operating Income": 6400000.0,
        "Operating Expense": 5071000.0,
        "Other Taxes": 1606000.0,
        "Depreciation Amortization Depletion Income Statement": 3465000.0,
        "Depreciation And Amortization In Income Statement": 3465000.0,
        "Gross Profit": 11471000.0,
        "Cost Of Revenue": 13073000.0,
        "Total Revenue": 24544000.0,
        "Operating Revenue": 24544000.0
    },
    "2024-06-30": {
        "Tax Effect Of Unusual Items": 98186.382393,
        "Tax Rate For Calcs": 0.267538,
        "Normalized EBITDA": 12503000.0,
        "Total Unusual Items": 367000.0,
        "Total Unusual Items Excluding Goodwill": 367000.0,
        "Net Income From Continuing Operation Net Minority Interest": 5325000.0,
        "Reconciled Depreciation": 3424000.0,
        "Reconciled Cost Of Revenue": 13325000.0,
        "EBITDA": 12870000.0,
        "EBIT": 9445000.0,
        "Net Interest Income": -2175000.0,
        "Interest Expense": 2175000.0,
        "Normalized Income": 5056186.382393,
        "Net Income From Continuing And Discontinued Operation": 5325000.0,
        "Total Expenses": 18273000.0,
        "Total Operating Income As Reported": 7198000.0,
        "Diluted Average Shares": 10295000.0,
        "Basic Average Shares": 10293000.0,
        "Diluted EPS": 0.52,
        "Basic EPS": 0.52,
        "Diluted NI Availto Com Stockholders": 5325000.0,
        "Net Income Common Stockholders": 5325000.0,
        "Net Income": 5325000.0,
        "Net Income Including Noncontrolling Interests": 5325000.0,
        "Net Income Continuous Operations": 5325000.0,
        "Tax Provision": 1945000.0,
        "Pretax Income": 7270000.0,
        "Other Income Expense": 302000.0,
        "Other Non Operating Income Expenses": -65000.0,
        "Special Income Charges": 367000.0,
        "Other Special Charges": -367000.0,
        "Net Non Operating Interest Income Expense": -2175000.0,
        "Interest Expense Non Operating": 2175000.0,
        "Operating Income": 9143000.0,
        "Operating Expense": 4949000.0,
        "Other Taxes": 1524000.0,
        "Depreciation Amortization Depletion Income Statement": 3425000.0,
        "Depreciation And Amortization In Income Statement": 3425000.0,
        "Gross Profit": 14092000.0,
        "Cost Of Revenue": 13324000.0,
        "Total Revenue": 27416000.0,
        "Operating Revenue": 27416000.0
    }
}