{
    "2023-04-30": {
        "Tax Effect Of Unusual Items": 146790.0,
        "Tax Rate For Calcs": 0.21,
        "Normalized EBITDA": -56990000.0,
        "Total Unusual Items": 699000.0,
        "Total Unusual Items Excluding Goodwill": 699000.0,
        "Net Income From Continuing Operation Net Minority Interest": -61468000.0,
        "Reconciled Depreciation": 3288000.0,
        "Reconciled Cost Of Revenue": 14847000.0,
        "EBITDA": -56291000.0,
        "EBIT": -59579000.0,
        "Net Interest Income": 4025000.0,
        "Interest Expense": 967000.0,
        "Interest Income": 4992000.0,
        "Normalized Income": -62020210.0,
        "Net Income From Continuing And Discontinued Operation": -61468000.0,
        "Total Expenses": 217656000.0,
        "Total Operating Income As Reported": -65245000.0,
        "Diluted Average Shares": 216413000.0,
        "Basic Average Shares": 216413000.0,
        "Diluted EPS": -0.28,
        "Basic EPS": -0.28,
        "Diluted NI Availto Com Stockholders": -61468000.0,
        "Net Income Common Stockholders": -61468000.0,
        "Net Income": -61468000.0,
        "Net Income Including Noncontrolling Interests": -61468000.0,
        "Net Income Continuous Operations": -61468000.0,
        "Tax Provision": 922000.0,
        "Pretax Income": -60546000.0,
        "Other Income Expense": 674000.0,
        "Other Non Operating Income Expenses": -25000.0,
        "Gain On Sale Of Security": 699000.0,
        "Net Non Operating Interest Income Expense": 4025000.0,
        "Interest Expense Non Operating": 967000.0,
        "Interest Income Non Operating": 4992000.0,
        "Operating Income": -65245000.0,
        "Operating Expense": 202809000.0,
        "Research And Development": 76316000.0,
        "Selling General And Administration": 126493000.0,
        "Selling And Marketing Expense": 93237000.0,
        "General And Administrative Expense": 33256000.0,
        "Other Gand A": 33256000.0,
        "Salaries And Wages": NaN,
        "Gross Profit": 137564000.0,
        "Cost Of Revenue": 14847000.0,
        "Total Revenue": 152411000.0,
        "Operating Revenue": 152411000.0
    },
    "2023-01-31": {
        "Tax Effect Of Unusual Items": 294630.0,
        "Tax Rate For Calcs": 0.21,
        "Normalized EBITDA": -90303000.0,
        "Total Unusual Items": 1403000.0,
        "Total Unusual Items Excluding Goodwill": 1403000.0,
        "Net Income From Continuing Operation Net Minority Interest": -95026000.0,
        "Reconciled Depreciation": 3162000.0,
        "Reconciled Cost Of Revenue": 15205000.0,
        "EBITDA": -88900000.0,
        "EBIT": -92062000.0,
        "Net Interest Income": 4028000.0,
        "Interest Expense": 875000.0,
        "Interest Income": 4903000.0,
        "Normalized Income": -96134370.0,
        "Net Income From Continuing And Discontinued Operation": -95026000.0,
        "Total Expenses": 249445000.0,
        "Total Operating Income As Reported": -99214000.0,
        "Diluted Average Shares": 214195000.0,
        "Basic Average Shares": 214195000.0,
        "Diluted EPS": -0.44,
        "Basic EPS": -0.44,
        "Diluted NI Availto Com Stockholders": -95026000.0,
        "Net Income Common Stockholders": -95026000.0,
        "Net Income": -95026000.0,
        "Net Income Including Noncontrolling Interests": -95026000.0,
        "Net Income Continuous Operations": -95026000.0,
        "Tax Provision": 2089000.0,
        "Pretax Income": -92937000.0,
        "Other Income Expense": 2249000.0,
        "Other Non Operating Income Expenses": 846000.0,
        "Gain On Sale Of Security": 1403000.0,
        "Net Non Operating Interest Income Expense": 4028000.0,
        "Interest Expense Non Operating": 875000.0,
        "Interest Income Non Operating": 4903000.0,
        "Operating Income": -99214000.0,
        "Operating Expense": 234240000.0,
        "Research And Development": 81262000.0,
        "Selling General And Administration": 152978000.0,
        "Selling And Marketing Expense": 114733000.0,
        "General And Administrative Expense": 38245000.0,
        "Other Gand A": 38245000.0,
        "Salaries And Wages": NaN,
        "Gross Profit": 135026000.0,
        "Cost Of Revenue": 15205000.0,
        "Total Revenue": 150231000.0,
        "Operating Revenue": 150231000.0
    },
    "2022-10-31": {
        "Tax Effect Of Unusual Items": -44310.0,
        "Tax Rate For Calcs": 0.21,
        "Normalized EBITDA": -96402000.0,
        "Total Unusual Items": -211000.0,
        "Total Unusual Items Excluding Goodwill": -211000.0,
        "Net Income From Continuing Operation Net Minority Interest": -100905000.0,
        "Reconciled Depreciation": 3204000.0,
        "Reconciled Cost Of Revenue": 15160000.0,
        "EBITDA": -96613000.0,
        "EBIT": -99817000.0,
        "Net Interest Income": 1807000.0,
        "Interest Expense": 457000.0,
        "Interest Income": 2264000.0,
        "Normalized Income": -100738310.0,
        "Net Income From Continuing And Discontinued Operation": -100905000.0,
        "Total Expenses": 242547000.0,
        "Total Operating Income As Reported": -101108000.0,
        "Diluted Average Shares": 204657000.0,
        "Basic Average Shares": 204657000.0,
        "Diluted EPS": -0.49,
        "Basic EPS": -0.49,
        "Diluted NI Availto Com Stockholders": -100905000.0,
        "Net Income Common Stockholders": -100905000.0,
        "Net Income": -100905000.0,
        "Net Income Including Noncontrolling Interests": -100905000.0,
        "Net Income Continuous Operations": -100905000.0,
        "Tax Provision": 631000.0,
        "Pretax Income": -100274000.0,
        "Other Income Expense": -973000.0,
        "Other Non Operating Income Expenses": -762000.0,
        "Gain On Sale Of Security": -211000.0,
        "Net Non Operating Interest Income Expense": 1807000.0,
        "Interest Expense Non Operating": 457000.0,
        "Interest Income Non Operating": 2264000.0,
        "Operating Income": -101108000.0,
        "Operating Expense": 227387000.0,
        "Research And Development": 75509000.0,
        "Selling General And Administration": 151878000.0,
        "Selling And Marketing Expense": 113713000.0,
        "General And Administrative Expense": 38165000.0,
        "Other Gand A": 38165000.0,
        "Salaries And Wages": NaN,
        "Gross Profit": 126279000.0,
        "Cost Of Revenue": 15160000.0,
        "Total Revenue": 141439000.0,
        "Operating Revenue": 141439000.0
    },
    "2022-07-31": {
        "Tax Effect Of Unusual Items": 0.0,
        "Tax Rate For Calcs": 0.4,
        "Normalized EBITDA": -108073000.0,
        "Total Unusual Items": 252000.0,
        "Total Unusual Items Excluding Goodwill": 252000.0,
        "Net Income From Continuing Operation Net Minority Interest": -112969000.0,
        "Reconciled Depreciation": 3199000.0,
        "Reconciled Cost Of Revenue": 13756000.0,
        "EBITDA": -108073000.0,
        "EBIT": -111272000.0,
        "Net Interest Income": -475000.0,
        "Interest Expense": 475000.0,
        "Interest Income": 551000.0,
        "Normalized Income": -112969000.0,
        "Net Income From Continuing And Discontinued Operation": -112969000.0,
        "Total Expenses": 246168000.0,
        "Total Operating Income As Reported": -111272000.0,
        "Diluted Average Shares": 191352000.0,
        "Basic Average Shares": 191352000.0,
        "Diluted EPS": -0.59,
        "Basic EPS": -0.59,
        "Diluted NI Availto Com Stockholders": -112969000.0,
        "Net Income Common Stockholders": -112969000.0,
        "Net Income": -112969000.0,
        "Net Income Including Noncontrolling Interests": -112969000.0,
        "Net Income Continuous Operations": -112969000.0,
        "Tax Provision": 1222000.0,
        "Pretax Income": -111747000.0,
        "Other Income Expense": -715000.0,
        "Other Non Operating Income Expenses": -967000.0,
        "Gain On Sale Of Security": 252000.0,
        "Net Non Operating Interest Income Expense": -475000.0,
        "Interest Expense Non Operating": 475000.0,
        "Interest Income Non Operating": 551000.0,
        "Operating Income": -111272000.0,
        "Operating Expense": 232412000.0,
        "Research And Development": 75233000.0,
        "Selling General And Administration": 157179000.0,
        "Selling And Marketing Expense": 110392000.0,
        "General And Administrative Expense": 46787000.0,
        "Other Gand A": 46787000.0,
        "Salaries And Wages": NaN,
        "Gross Profit": 121140000.0,
        "Cost Of Revenue": 13756000.0,
        "Total Revenue": 134896000.0,
        "Operating Revenue": 134896000.0
    },
    "2022-04-30": {
        "Diluted EPS": -0.52,
        "Total Revenue": 121,
        "Gross Profit": 108,
        "Operating Income": -96,
        "EBIT": -90,
        "Net Income": -99
    },
    "2022-01-31": {
        "Diluted EPS": -0.49,
        "Total Revenue": 112,
        "Gross Profit": 100,
        "Operating Income": -87,
        "EBIT": -81,
        "Net Income": -90
    },
    "2021-10-31": {
        "Diluted EPS": -0.37,
        "Total Revenue": 100,
        "Gross Profit": 91,
        "Operating Income": -68,
        "EBIT": -63,
        "Net Income": -69
    },
    "2021-07-31": {
        "Diluted EPS": -0.4,
        "Total Revenue": 89,
        "Gross Profit": 80,
        "Operating Income": -60,
        "EBIT": -52,
        "Net Income": -68
    },
    "2021-04-30": {
        "Diluted EPS": -0.37,
        "Total Revenue": 77,
        "Gross Profit": 69,
        "Operating Income": -50,
        "EBIT": -41,
        "Net Income": -61
    },
    "2021-01-31": {
        "Diluted EPS": -0.39,
        "Total Revenue": 68,
        "Gross Profit": 60,
        "Operating Income": -51,
        "EBIT": -42,
        "Net Income": -62
    },
    "2020-10-31": {
        "Diluted EPS": -0.65,
        "Total Revenue": 59,
        "Gross Profit": 52,
        "Operating Income": -62,
        "EBIT": -53,
        "Net Income": -73
    },
    "2020-07-31": {
        "Diluted EPS": -0.54,
        "Total Revenue": 52,
        "Gross Profit": 45,
        "Operating Income": -34,
        "EBIT": -27,
        "Net Income": -41
    },
    "2020-04-30": {
        "Diluted EPS": -0.47,
        "Total Revenue": 48,
        "Gross Profit": 42,
        "Operating Income": -29,
        "EBIT": -23,
        "Net Income": -36
    },
    "2020-01-31": {
        "Diluted EPS": 0.0,
        "Total Revenue": NaN,
        "Gross Profit": NaN,
        "Operating Income": NaN,
        "EBIT": NaN,
        "Net Income": NaN
    },
    "2019-01-31": {
        "Diluted EPS": 0.0,
        "Total Revenue": NaN,
        "Gross Profit": NaN,
        "Operating Income": NaN,
        "EBIT": NaN,
        "Net Income": NaN
    },
    "2023-07-31": {
        "Tax Effect Of Unusual Items": -59430.0,
        "Tax Rate For Calcs": 0.21,
        "Normalized EBITDA": -65347000.0,
        "Total Unusual Items": -283000.0,
        "Total Unusual Items Excluding Goodwill": -283000.0,
        "Net Income From Continuing Operation Net Minority Interest": -71414000.0,
        "Reconciled Depreciation": 3588000.0,
        "Reconciled Cost Of Revenue": 16232000.0,
        "EBITDA": -65630000.0,
        "EBIT": -69218000.0,
        "Net Interest Income": 3655000.0,
        "Interest Expense": 968000.0,
        "Interest Income": 4623000.0,
        "Normalized Income": -71190430.0,
        "Net Income From Continuing And Discontinued Operation": -71414000.0,
        "Total Expenses": 235838000.0,
        "Total Operating Income As Reported": -73383000.0,
        "Diluted Average Shares": 219004000.0,
        "Basic Average Shares": 219004000.0,
        "Diluted EPS": -0.33,
        "Basic EPS": -0.33,
        "Diluted NI Availto Com Stockholders": -71414000.0,
        "Net Income Common Stockholders": -71414000.0,
        "Net Income": -71414000.0,
        "Net Income Including Noncontrolling Interests": -71414000.0,
        "Net Income Continuous Operations": -71414000.0,
        "Tax Provision": 1228000.0,
        "Pretax Income": -70186000.0,
        "Other Income Expense": -458000.0,
        "Other Non Operating Income Expenses": -175000.0,
        "Gain On Sale Of Security": -283000.0,
        "Net Non Operating Interest Income Expense": 3655000.0,
        "Interest Expense Non Operating": 968000.0,
        "Interest Income Non Operating": 4623000.0,
        "Operating Income": -73383000.0,
        "Operating Expense": 219606000.0,
        "Research And Development": 84371000.0,
        "Selling General And Administration": 135235000.0,
        "Selling And Marketing Expense": 96448000.0,
        "General And Administrative Expense": 38787000.0,
        "Other Gand A": 38787000.0,
        "Salaries And Wages": 24716000.0,
        "Gross Profit": 146223000.0,
        "Cost Of Revenue": 16232000.0,
        "Total Revenue": 162455000.0,
        "Operating Revenue": 162455000.0
    },
    "2023-10-31": {
        "Tax Effect Of Unusual Items": -324450.0,
        "Tax Rate For Calcs": 0.21,
        "Normalized EBITDA": -54866000.0,
        "Total Unusual Items": -1545000.0,
        "Total Unusual Items Excluding Goodwill": -1545000.0,
        "Net Income From Continuing Operation Net Minority Interest": -61750000.0,
        "Reconciled Depreciation": 3531000.0,
        "Reconciled Cost Of Revenue": 16053000.0,
        "EBITDA": -56411000.0,
        "EBIT": -59942000.0,
        "Net Interest Income": 5076000.0,
        "Interest Expense": 1012000.0,
        "Interest Income": 6088000.0,
        "Normalized Income": -60529450.0,
        "Net Income From Continuing And Discontinued Operation": -61750000.0,
        "Total Expenses": 229924000.0,
        "Total Operating Income As Reported": -63421000.0,
        "Diluted Average Shares": 221776000.0,
        "Basic Average Shares": 221776000.0,
        "Diluted EPS": -0.28,
        "Basic EPS": -0.28,
        "Diluted NI Availto Com Stockholders": -61750000.0,
        "Net Income Common Stockholders": -61750000.0,
        "Net Income": -61750000.0,
        "Net Income Including Noncontrolling Interests": -61750000.0,
        "Net Income Continuous Operations": -61750000.0,
        "Tax Provision": 796000.0,
        "Pretax Income": -60954000.0,
        "Other Income Expense": -2609000.0,
        "Other Non Operating Income Expenses": -1064000.0,
        "Gain On Sale Of Security": -1545000.0,
        "Net Non Operating Interest Income Expense": 5076000.0,
        "Interest Expense Non Operating": 1012000.0,
        "Interest Income Non Operating": 6088000.0,
        "Operating Income": -63421000.0,
        "Operating Expense": 213871000.0,
        "Research And Development": 81028000.0,
        "Selling General And Administration": 132843000.0,
        "Selling And Marketing Expense": 98349000.0,
        "General And Administrative Expense": 34494000.0,
        "Other Gand A": 34494000.0,
        "Salaries And Wages": NaN,
        "Gross Profit": 150450000.0,
        "Cost Of Revenue": 16053000.0,
        "Total Revenue": 166503000.0,
        "Operating Revenue": 166503000.0
    },
    "2024-01-31": {
        "Tax Effect Of Unusual Items": 386000.0,
        "Tax Rate For Calcs": 0.4,
        "Normalized EBITDA": -57662000.0,
        "Total Unusual Items": 965000.0,
        "Total Unusual Items Excluding Goodwill": 965000.0,
        "Net Income From Continuing Operation Net Minority Interest": -62398000.0,
        "Reconciled Depreciation": 3937000.0,
        "Reconciled Cost Of Revenue": 17392000.0,
        "EBITDA": -56697000.0,
        "EBIT": -60634000.0,
        "Net Interest Income": 4420000.0,
        "Interest Expense": 1005000.0,
        "Interest Income": 5425000.0,
        "Normalized Income": -62977000.0,
        "Net Income From Continuing And Discontinued Operation": -62398000.0,
        "Total Expenses": 239083000.0,
        "Total Operating Income As Reported": -67948000.0,
        "Diluted Average Shares": NaN,
        "Basic Average Shares": NaN,
        "Diluted EPS": NaN,
        "Basic EPS": NaN,
        "Diluted NI Availto Com Stockholders": -62398000.0,
        "Net Income Common Stockholders": -62398000.0,
        "Net Income": -62398000.0,
        "Net Income Including Noncontrolling Interests": -62398000.0,
        "Net Income Continuous Operations": -62398000.0,
        "Tax Provision": 759000.0,
        "Pretax Income": -61639000.0,
        "Other Income Expense": 1889000.0,
        "Other Non Operating Income Expenses": 924000.0,
        "Gain On Sale Of Security": 965000.0,
        "Net Non Operating Interest Income Expense": 4420000.0,
        "Interest Expense Non Operating": 1005000.0,
        "Interest Income Non Operating": 5425000.0,
        "Operating Income": -67948000.0,
        "Operating Expense": 221691000.0,
        "Research And Development": 82973000.0,
        "Selling General And Administration": 138718000.0,
        "Selling And Marketing Expense": 103921000.0,
        "General And Administrative Expense": 34797000.0,
        "Other Gand A": 34797000.0,
        "Salaries And Wages": NaN,
        "Gross Profit": 153743000.0,
        "Cost Of Revenue": 17392000.0,
        "Total Revenue": 171135000.0,
        "Operating Revenue": 171135000.0
    }
}