{
    "2023-06-30": {
        "Tax Effect Of Unusual Items": -63567.4,
        "Tax Rate For Calcs": 0.2126,
        "Total Unusual Items": -299000.0,
        "Total Unusual Items Excluding Goodwill": -299000.0,
        "Net Income From Continuing Operation Net Minority Interest": 87154000.0,
        "Reconciled Depreciation": 29862000.0,
        "Net Interest Income": 257917000.0,
        "Interest Expense": 223314000.0,
        "Interest Income": 481231000.0,
        "Normalized Income": 87389432.6,
        "Net Income From Continuing And Discontinued Operation": 87154000.0,
        "Diluted Average Shares": 150870000.0,
        "Basic Average Shares": 149986000.0,
        "Diluted EPS": 0.56,
        "Basic EPS": 0.56,
        "Diluted NI Availto Com Stockholders": 84279000.0,
        "Net Income Common Stockholders": 84279000.0,
        "Otherunder Preferred Stock Dividend": NaN,
        "Preferred Stock Dividends": 2875000.0,
        "Net Income": 87154000.0,
        "Net Income Including Noncontrolling Interests": 87154000.0,
        "Net Income Continuous Operations": 87154000.0,
        "Tax Provision": 23533000.0,
        "Pretax Income": 110687000.0,
        "Special Income Charges": NaN,
        "Gain On Sale Of Business": NaN,
        "Gain On Sale Of Security": 14000.0,
        "Depreciation Amortization Depletion Income Statement": 2203000.0,
        "Depreciation And Amortization In Income Statement": 2203000.0,
        "Amortization": 2203000.0,
        "Amortization Of Intangibles Income Statement": 2203000.0,
        "Selling General And Administration": 130745000.0,
        "Selling And Marketing Expense": 7106000.0,
        "General And Administrative Expense": 123639000.0,
        "Insurance And Claims": 9550000.0,
        "Salaries And Wages": 114089000.0,
        "Total Revenue": 321826000.0,
        "Operating Revenue": 321826000.0
    },
    "2023-03-31": {
        "Tax Effect Of Unusual Items": 55019.6,
        "Tax Rate For Calcs": 0.2092,
        "Total Unusual Items": 263000.0,
        "Total Unusual Items Excluding Goodwill": 263000.0,
        "Net Income From Continuing Operation Net Minority Interest": 103360000.0,
        "Reconciled Depreciation": 13966000.0,
        "Net Interest Income": 274010000.0,
        "Interest Expense": 168807000.0,
        "Interest Income": 442817000.0,
        "Normalized Income": 103152019.6,
        "Net Income From Continuing And Discontinued Operation": 103360000.0,
        "Diluted Average Shares": 151128000.0,
        "Basic Average Shares": 149763000.0,
        "Diluted EPS": 0.66,
        "Basic EPS": 0.67,
        "Diluted NI Availto Com Stockholders": 100485000.0,
        "Net Income Common Stockholders": 100485000.0,
        "Otherunder Preferred Stock Dividend": NaN,
        "Preferred Stock Dividends": 2875000.0,
        "Net Income": 103360000.0,
        "Net Income Including Noncontrolling Interests": 103360000.0,
        "Net Income Continuous Operations": 103360000.0,
        "Tax Provision": 27340000.0,
        "Pretax Income": 130700000.0,
        "Special Income Charges": NaN,
        "Gain On Sale Of Business": NaN,
        "Gain On Sale Of Security": 5134000.0,
        "Depreciation Amortization Depletion Income Statement": 2203000.0,
        "Depreciation And Amortization In Income Statement": 2203000.0,
        "Amortization": 2203000.0,
        "Amortization Of Intangibles Income Statement": 2203000.0,
        "Selling General And Administration": 129144000.0,
        "Selling And Marketing Expense": 5849000.0,
        "General And Administrative Expense": 123295000.0,
        "Insurance And Claims": 6875000.0,
        "Salaries And Wages": 116420000.0,
        "Total Revenue": 334945000.0,
        "Operating Revenue": 334945000.0
    },
    "2022-12-31": {
        "Tax Effect Of Unusual Items": NaN,
        "Tax Rate For Calcs": NaN,
        "Total Unusual Items": NaN,
        "Total Unusual Items Excluding Goodwill": NaN,
        "Net Income From Continuing Operation Net Minority Interest": NaN,
        "Reconciled Depreciation": NaN,
        "Net Interest Income": NaN,
        "Interest Expense": NaN,
        "Interest Income": NaN,
        "Normalized Income": NaN,
        "Net Income From Continuing And Discontinued Operation": NaN,
        "Diluted Average Shares": NaN,
        "Basic Average Shares": NaN,
        "Diluted EPS": NaN,
        "Basic EPS": NaN,
        "Diluted NI Availto Com Stockholders": NaN,
        "Net Income Common Stockholders": NaN,
        "Otherunder Preferred Stock Dividend": NaN,
        "Preferred Stock Dividends": NaN,
        "Net Income": NaN,
        "Net Income Including Noncontrolling Interests": NaN,
        "Net Income Continuous Operations": NaN,
        "Tax Provision": NaN,
        "Pretax Income": NaN,
        "Special Income Charges": 0.0,
        "Gain On Sale Of Business": 0.0,
        "Gain On Sale Of Security": NaN,
        "Depreciation Amortization Depletion Income Statement": NaN,
        "Depreciation And Amortization In Income Statement": NaN,
        "Amortization": NaN,
        "Amortization Of Intangibles Income Statement": NaN,
        "Selling General And Administration": NaN,
        "Selling And Marketing Expense": NaN,
        "General And Administrative Expense": NaN,
        "Insurance And Claims": NaN,
        "Salaries And Wages": NaN,
        "Total Revenue": NaN,
        "Operating Revenue": NaN
    },
    "2022-09-30": {
        "Tax Effect Of Unusual Items": NaN,
        "Tax Rate For Calcs": NaN,
        "Total Unusual Items": NaN,
        "Total Unusual Items Excluding Goodwill": NaN,
        "Net Income From Continuing Operation Net Minority Interest": NaN,
        "Reconciled Depreciation": NaN,
        "Net Interest Income": NaN,
        "Interest Expense": NaN,
        "Interest Income": NaN,
        "Normalized Income": NaN,
        "Net Income From Continuing And Discontinued Operation": NaN,
        "Diluted Average Shares": NaN,
        "Basic Average Shares": NaN,
        "Diluted EPS": NaN,
        "Basic EPS": NaN,
        "Diluted NI Availto Com Stockholders": NaN,
        "Net Income Common Stockholders": NaN,
        "Otherunder Preferred Stock Dividend": 604000.0,
        "Preferred Stock Dividends": NaN,
        "Net Income": NaN,
        "Net Income Including Noncontrolling Interests": NaN,
        "Net Income Continuous Operations": NaN,
        "Tax Provision": NaN,
        "Pretax Income": NaN,
        "Special Income Charges": 0.0,
        "Gain On Sale Of Business": 0.0,
        "Gain On Sale Of Security": NaN,
        "Depreciation Amortization Depletion Income Statement": NaN,
        "Depreciation And Amortization In Income Statement": NaN,
        "Amortization": NaN,
        "Amortization Of Intangibles Income Statement": NaN,
        "Selling General And Administration": NaN,
        "Selling And Marketing Expense": NaN,
        "General And Administrative Expense": NaN,
        "Insurance And Claims": NaN,
        "Salaries And Wages": NaN,
        "Total Revenue": NaN,
        "Operating Revenue": NaN
    },
    "2022-06-30": {
        "Tax Effect Of Unusual Items": 355524.0,
        "Tax Rate For Calcs": 0.212,
        "Total Unusual Items": 1677000.0,
        "Total Unusual Items Excluding Goodwill": 1677000.0,
        "Net Income From Continuing Operation Net Minority Interest": 86824000.0,
        "Reconciled Depreciation": 2203000.0,
        "Net Interest Income": 216146000.0,
        "Interest Expense": 20845000.0,
        "Interest Income": 236991000.0,
        "Normalized Income": 85502524.0,
        "Net Income From Continuing And Discontinued Operation": 86824000.0,
        "Diluted Average Shares": 150203000.0,
        "Basic Average Shares": 149083000.0,
        "Diluted EPS": 0.56,
        "Basic EPS": 0.56,
        "Diluted NI Availto Com Stockholders": 83949000.0,
        "Net Income Common Stockholders": 83949000.0,
        "Otherunder Preferred Stock Dividend": NaN,
        "Preferred Stock Dividends": 2875000.0,
        "Net Income": 86824000.0,
        "Net Income Including Noncontrolling Interests": 86824000.0,
        "Net Income Continuous Operations": 86824000.0,
        "Tax Provision": 23363000.0,
        "Pretax Income": 110187000.0,
        "Special Income Charges": 0.0,
        "Gain On Sale Of Business": 0.0,
        "Gain On Sale Of Security": -8000.0,
        "Depreciation Amortization Depletion Income Statement": 2203000.0,
        "Depreciation And Amortization In Income Statement": 2203000.0,
        "Amortization": 2203000.0,
        "Amortization Of Intangibles Income Statement": 2203000.0,
        "Selling General And Administration": 123721000.0,
        "Selling And Marketing Expense": 5655000.0,
        "General And Administrative Expense": 118066000.0,
        "Other Gand A": 21223000.0,
        "Insurance And Claims": 5400000.0,
        "Salaries And Wages": 112666000.0,
        "Total Revenue": 290128000.0,
        "Operating Revenue": 290128000.0
    },
    "2022-03-31": {
        "Diluted EPS": 0.47,
        "Total Revenue": 277,
        "Gross Profit": 262,
        "Operating Income": 93,
        "EBIT": NaN,
        "Net Income": 71
    },
    "2021-12-31": {
        "Diluted EPS": 0.48,
        "Total Revenue": 283,
        "Gross Profit": 268,
        "Operating Income": 90,
        "EBIT": NaN,
        "Net Income": 74
    },
    "2021-09-30": {
        "Diluted EPS": 0.56,
        "Total Revenue": 282,
        "Gross Profit": 266,
        "Operating Income": 112,
        "EBIT": NaN,
        "Net Income": 85
    },
    "2021-06-30": {
        "Diluted EPS": 0.56,
        "Total Revenue": 273,
        "Gross Profit": 253,
        "Operating Income": 113,
        "EBIT": NaN,
        "Net Income": 86
    },
    "2021-03-31": {
        "Diluted EPS": 0.58,
        "Total Revenue": 292,
        "Gross Profit": 271,
        "Operating Income": 119,
        "EBIT": NaN,
        "Net Income": 89
    },
    "2020-12-31": {
        "Diluted EPS": 0.39,
        "Total Revenue": 297,
        "Gross Profit": 274,
        "Operating Income": 75,
        "EBIT": NaN,
        "Net Income": 62
    },
    "2020-09-30": {
        "Diluted EPS": 0.26,
        "Total Revenue": 289,
        "Gross Profit": 258,
        "Operating Income": -13,
        "EBIT": NaN,
        "Net Income": 40
    },
    "2020-06-30": {
        "Diluted EPS": 0.94,
        "Total Revenue": 479,
        "Gross Profit": 444,
        "Operating Income": 200,
        "EBIT": NaN,
        "Net Income": 145
    },
    "2020-03-31": {
        "Diluted EPS": 0.27,
        "Total Revenue": 362,
        "Gross Profit": 301,
        "Operating Income": 56,
        "EBIT": NaN,
        "Net Income": 42
    },
    "2019-12-31": {
        "Diluted EPS": 0.43,
        "Total Revenue": 362,
        "Gross Profit": 293,
        "Operating Income": 83,
        "EBIT": NaN,
        "Net Income": 68
    },
    "2019-09-30": {
        "Diluted EPS": 0.49,
        "Total Revenue": 392,
        "Gross Profit": 307,
        "Operating Income": 106,
        "EBIT": NaN,
        "Net Income": 80
    },
    "2019-06-30": {
        "Diluted EPS": 0.49,
        "Total Revenue": 402,
        "Gross Profit": 309,
        "Operating Income": 107,
        "EBIT": NaN,
        "Net Income": 81
    },
    "2019-03-31": {
        "Diluted EPS": 0.5,
        "Total Revenue": 397,
        "Gross Profit": 307,
        "Operating Income": 110,
        "EBIT": NaN,
        "Net Income": 83
    },
    "2018-12-31": {
        "Diluted EPS": 0.51,
        "Total Revenue": 390,
        "Gross Profit": 308,
        "Operating Income": 109,
        "EBIT": NaN,
        "Net Income": 86
    },
    "2018-09-30": {
        "Diluted EPS": 0.48,
        "Total Revenue": 384,
        "Gross Profit": 308,
        "Operating Income": 111,
        "EBIT": NaN,
        "Net Income": 83
    },
    "2018-06-30": {
        "Diluted EPS": 0.5,
        "Total Revenue": 384,
        "Gross Profit": 319,
        "Operating Income": 111,
        "EBIT": NaN,
        "Net Income": 86
    },
    "2018-03-31": {
        "Diluted EPS": 0.4,
        "Total Revenue": 352,
        "Gross Profit": 300,
        "Operating Income": 108,
        "EBIT": NaN,
        "Net Income": 67
    },
    "2017-12-31": {
        "Diluted EPS": 0.3,
        "Total Revenue": 315,
        "Gross Profit": 272,
        "Operating Income": 90,
        "EBIT": NaN,
        "Net Income": 48
    },
    "2017-09-30": {
        "Diluted EPS": 0.41,
        "Total Revenue": 318,
        "Gross Profit": 276,
        "Operating Income": 94,
        "EBIT": NaN,
        "Net Income": 63
    },
    "2017-06-30": {
        "Diluted EPS": 0.36,
        "Total Revenue": 300,
        "Gross Profit": 266,
        "Operating Income": 78,
        "EBIT": NaN,
        "Net Income": 55
    },
    "2017-03-31": {
        "Diluted EPS": 0.35,
        "Total Revenue": 287,
        "Gross Profit": 260,
        "Operating Income": 77,
        "EBIT": NaN,
        "Net Income": 54
    },
    "2016-12-31": {
        "Diluted EPS": 0.34,
        "Total Revenue": 294,
        "Gross Profit": 272,
        "Operating Income": 78,
        "EBIT": NaN,
        "Net Income": 53
    },
    "2016-09-30": {
        "Diluted EPS": 0.34,
        "Total Revenue": 295,
        "Gross Profit": 274,
        "Operating Income": 77,
        "EBIT": NaN,
        "Net Income": 51
    },
    "2016-06-30": {
        "Diluted EPS": 0.31,
        "Total Revenue": 279,
        "Gross Profit": 259,
        "Operating Income": 71,
        "EBIT": NaN,
        "Net Income": 47
    },
    "2016-03-31": {
        "Diluted EPS": 0.27,
        "Total Revenue": 277,
        "Gross Profit": 255,
        "Operating Income": 61,
        "EBIT": NaN,
        "Net Income": 40
    },
    "2015-12-31": {
        "Diluted EPS": 0.27,
        "Total Revenue": 274,
        "Gross Profit": 254,
        "Operating Income": 58,
        "EBIT": NaN,
        "Net Income": 39
    },
    "2015-09-30": {
        "Diluted EPS": 0.31,
        "Total Revenue": 270,
        "Gross Profit": 251,
        "Operating Income": 71,
        "EBIT": NaN,
        "Net Income": 47
    },
    "2015-06-30": {
        "Diluted EPS": 0.31,
        "Total Revenue": 272,
        "Gross Profit": 253,
        "Operating Income": 71,
        "EBIT": NaN,
        "Net Income": 48
    },
    "2015-03-31": {
        "Diluted EPS": 0.3,
        "Total Revenue": 266,
        "Gross Profit": 248,
        "Operating Income": 69,
        "EBIT": NaN,
        "Net Income": 45
    },
    "2014-12-31": {
        "Diluted EPS": 0.3,
        "Total Revenue": 261,
        "Gross Profit": 245,
        "Operating Income": 67,
        "EBIT": NaN,
        "Net Income": 48
    },
    "2014-09-30": {
        "Diluted EPS": 0.31,
        "Total Revenue": 261,
        "Gross Profit": 248,
        "Operating Income": 75,
        "EBIT": NaN,
        "Net Income": 49
    },
    "2014-06-30": {
        "Diluted EPS": 0.28,
        "Total Revenue": 254,
        "Gross Profit": 241,
        "Operating Income": 68,
        "EBIT": NaN,
        "Net Income": 45
    },
    "2014-03-31": {
        "Diluted EPS": 0.27,
        "Total Revenue": 252,
        "Gross Profit": 238,
        "Operating Income": 66,
        "EBIT": NaN,
        "Net Income": 44
    },
    "2013-12-31": {
        "Diluted EPS": 0.28,
        "Total Revenue": 257,
        "Gross Profit": 243,
        "Operating Income": 62,
        "EBIT": NaN,
        "Net Income": 46
    },
    "2013-09-30": {
        "Diluted EPS": 0.27,
        "Total Revenue": 247,
        "Gross Profit": 231,
        "Operating Income": 67,
        "EBIT": NaN,
        "Net Income": 44
    },
    "2013-06-30": {
        "Diluted EPS": 0.28,
        "Total Revenue": 261,
        "Gross Profit": 244,
        "Operating Income": 70,
        "EBIT": NaN,
        "Net Income": 47
    },
    "2013-03-31": {
        "Diluted EPS": 0.27,
        "Total Revenue": 257,
        "Gross Profit": 240,
        "Operating Income": 69,
        "EBIT": NaN,
        "Net Income": 46
    },
    "2012-12-31": {
        "Diluted EPS": 0.26,
        "Total Revenue": 258,
        "Gross Profit": 239,
        "Operating Income": 70,
        "EBIT": NaN,
        "Net Income": 45
    },
    "2012-09-30": {
        "Diluted EPS": 0.26,
        "Total Revenue": 260,
        "Gross Profit": 237,
        "Operating Income": 67,
        "EBIT": NaN,
        "Net Income": 45
    },
    "2012-06-30": {
        "Diluted EPS": 0.24,
        "Total Revenue": 255,
        "Gross Profit": 230,
        "Operating Income": 64,
        "EBIT": NaN,
        "Net Income": 42
    },
    "2012-03-31": {
        "Diluted EPS": 0.24,
        "Total Revenue": 259,
        "Gross Profit": 233,
        "Operating Income": 63,
        "EBIT": NaN,
        "Net Income": 41
    },
    "2011-12-31": {
        "Diluted EPS": 0.22,
        "Total Revenue": 252,
        "Gross Profit": 222,
        "Operating Income": 50,
        "EBIT": NaN,
        "Net Income": 40
    },
    "2011-09-30": {
        "Diluted EPS": 0.2,
        "Total Revenue": 254,
        "Gross Profit": 222,
        "Operating Income": 59,
        "EBIT": NaN,
        "Net Income": 34
    },
    "2011-06-30": {
        "Diluted EPS": 0.15,
        "Total Revenue": 250,
        "Gross Profit": 216,
        "Operating Income": 44,
        "EBIT": NaN,
        "Net Income": 26
    },
    "2011-03-31": {
        "Diluted EPS": 0.09,
        "Total Revenue": 259,
        "Gross Profit": 226,
        "Operating Income": 31,
        "EBIT": NaN,
        "Net Income": 15
    },
    "2010-12-31": {
        "Diluted EPS": 0.04,
        "Total Revenue": 264,
        "Gross Profit": 225,
        "Operating Income": 6,
        "EBIT": NaN,
        "Net Income": 7
    },
    "2010-09-30": {
        "Diluted EPS": 0.04,
        "Total Revenue": 278,
        "Gross Profit": 236,
        "Operating Income": 15,
        "EBIT": NaN,
        "Net Income": 7
    },
    "2010-06-30": {
        "Diluted EPS": -0.06,
        "Total Revenue": 286,
        "Gross Profit": 241,
        "Operating Income": -12,
        "EBIT": NaN,
        "Net Income": -10
    },
    "2010-03-31": {
        "Diluted EPS": -0.2,
        "Total Revenue": 314,
        "Gross Profit": 267,
        "Operating Income": -50,
        "EBIT": NaN,
        "Net Income": -34
    },
    "2009-12-31": {
        "Diluted EPS": -1.42,
        "Total Revenue": 315,
        "Gross Profit": 263,
        "Operating Income": -291,
        "EBIT": NaN,
        "Net Income": -181
    },
    "2009-09-30": {
        "Diluted EPS": 0.07,
        "Total Revenue": 314,
        "Gross Profit": 255,
        "Operating Income": 18,
        "EBIT": NaN,
        "Net Income": 9
    },
    "2009-06-30": {
        "Diluted EPS": -0.19,
        "Total Revenue": 352,
        "Gross Profit": 281,
        "Operating Income": -44,
        "EBIT": NaN,
        "Net Income": -25
    },
    "2009-03-31": {
        "Diluted EPS": 0.28,
        "Total Revenue": 351,
        "Gross Profit": 278,
        "Operating Income": 32,
        "EBIT": NaN,
        "Net Income": 35
    },
    "2023-09-30": {
        "Tax Effect Of Unusual Items": 118250.0,
        "Tax Rate For Calcs": 0.1892,
        "Total Unusual Items": 625000.0,
        "Total Unusual Items Excluding Goodwill": 625000.0,
        "Net Income From Continuing Operation Net Minority Interest": 83248000.0,
        "Reconciled Depreciation": 24877000.0,
        "Net Interest Income": 254244000.0,
        "Interest Expense": 254394000.0,
        "Interest Income": 508637000.0,
        "Normalized Income": 82741250.0,
        "Net Income From Continuing And Discontinued Operation": 83248000.0,
        "Diluted Average Shares": 151014000.0,
        "Basic Average Shares": 150035000.0,
        "Diluted EPS": 0.53,
        "Basic EPS": 0.53,
        "Diluted NI Availto Com Stockholders": 79896000.0,
        "Net Income Common Stockholders": 79896000.0,
        "Otherunder Preferred Stock Dividend": 477000.0,
        "Preferred Stock Dividends": 2875000.0,
        "Net Income": 83248000.0,
        "Net Income Including Noncontrolling Interests": 83248000.0,
        "Net Income Continuous Operations": 83248000.0,
        "Tax Provision": 19426000.0,
        "Pretax Income": 102674000.0,
        "Special Income Charges": NaN,
        "Gain On Sale Of Business": NaN,
        "Gain On Sale Of Security": -11000.0,
        "Depreciation Amortization Depletion Income Statement": 2203000.0,
        "Depreciation And Amortization In Income Statement": 2203000.0,
        "Amortization": 2203000.0,
        "Amortization Of Intangibles Income Statement": 2203000.0,
        "Selling General And Administration": 133409000.0,
        "Selling And Marketing Expense": 7100000.0,
        "General And Administrative Expense": 126309000.0,
        "Insurance And Claims": 9150000.0,
        "Salaries And Wages": 117159000.0,
        "Total Revenue": 318775000.0,
        "Operating Revenue": 318775000.0
    },
    "2023-12-31": {
        "Tax Effect Of Unusual Items": -46514.879464,
        "Tax Rate For Calcs": 0.342021,
        "Total Unusual Items": -136000.0,
        "Total Unusual Items Excluding Goodwill": -136000.0,
        "Net Income From Continuing Operation Net Minority Interest": -90806000.0,
        "Reconciled Depreciation": 25603000.0,
        "Net Interest Income": 253402000.0,
        "Interest Expense": 271965000.0,
        "Interest Income": 525367000.0,
        "Normalized Income": -90716514.879464,
        "Net Income From Continuing And Discontinued Operation": -90806000.0,
        "Diluted Average Shares": 151007000.0,
        "Basic Average Shares": 150085000.0,
        "Diluted EPS": -0.63,
        "Basic EPS": -0.63,
        "Diluted NI Availto Com Stockholders": -92097000.0,
        "Net Income Common Stockholders": -92097000.0,
        "Otherunder Preferred Stock Dividend": NaN,
        "Preferred Stock Dividends": 2875000.0,
        "Net Income": -90806000.0,
        "Net Income Including Noncontrolling Interests": -90806000.0,
        "Net Income Continuous Operations": -90807000.0,
        "Tax Provision": -47202000.0,
        "Pretax Income": -138009000.0,
        "Special Income Charges": NaN,
        "Gain On Sale Of Business": NaN,
        "Gain On Sale Of Security": -34309000.0,
        "Depreciation Amortization Depletion Income Statement": 2203000.0,
        "Depreciation And Amortization In Income Statement": 2203000.0,
        "Amortization": 2203000.0,
        "Amortization Of Intangibles Income Statement": 2203000.0,
        "Selling General And Administration": 170534000.0,
        "Selling And Marketing Expense": 8351000.0,
        "General And Administrative Expense": 162183000.0,
        "Insurance And Claims": 41497000.0,
        "Salaries And Wages": 120686000.0,
        "Total Revenue": 121802000.0,
        "Operating Revenue": 121802000.0
    },
    "2024-03-31": {
        "Tax Effect Of Unusual Items": -60526.8,
        "Tax Rate For Calcs": 0.1978,
        "Total Unusual Items": -306000.0,
        "Total Unusual Items Excluding Goodwill": -306000.0,
        "Net Income From Continuing Operation Net Minority Interest": 81169000.0,
        "Reconciled Depreciation": 25228000.0,
        "Net Interest Income": 257858000.0,
        "Interest Expense": 265530000.0,
        "Interest Income": 523388000.0,
        "Normalized Income": 81414473.2,
        "Net Income From Continuing And Discontinued Operation": 81169000.0,
        "Diluted Average Shares": 151292000.0,
        "Basic Average Shares": 149855000.0,
        "Diluted EPS": 0.52,
        "Basic EPS": 0.52,
        "Diluted NI Availto Com Stockholders": 78294000.0,
        "Net Income Common Stockholders": 78294000.0,
        "Otherunder Preferred Stock Dividend": NaN,
        "Preferred Stock Dividends": 2875000.0,
        "Net Income": 81169000.0,
        "Net Income Including Noncontrolling Interests": 81169000.0,
        "Net Income Continuous Operations": 81169000.0,
        "Tax Provision": 20016000.0,
        "Pretax Income": 101185000.0,
        "Special Income Charges": NaN,
        "Gain On Sale Of Business": NaN,
        "Gain On Sale Of Security": 7929000.0,
        "Depreciation Amortization Depletion Income Statement": 2203000.0,
        "Depreciation And Amortization In Income Statement": 2203000.0,
        "Amortization": 2203000.0,
        "Amortization Of Intangibles Income Statement": 2203000.0,
        "Selling General And Administration": 139858000.0,
        "Selling And Marketing Expense": 6517000.0,
        "General And Administrative Expense": 133341000.0,
        "Insurance And Claims": 13946000.0,
        "Salaries And Wages": 119395000.0,
        "Total Revenue": 320863000.0,
        "Operating Revenue": 320863000.0
    }
}