{
    "2023-03-31": {
        "Tax Effect Of Unusual Items": NaN,
        "Tax Rate For Calcs": NaN,
        "Normalized EBITDA": NaN,
        "Total Unusual Items": NaN,
        "Total Unusual Items Excluding Goodwill": NaN,
        "Net Income From Continuing Operation Net Minority Interest": NaN,
        "Reconciled Depreciation": NaN,
        "Reconciled Cost Of Revenue": NaN,
        "EBITDA": NaN,
        "EBIT": NaN,
        "Net Interest Income": NaN,
        "Interest Expense": NaN,
        "Interest Income": NaN,
        "Normalized Income": NaN,
        "Net Income From Continuing And Discontinued Operation": NaN,
        "Total Expenses": NaN,
        "Rent Expense Supplemental": NaN,
        "Diluted Average Shares": NaN,
        "Basic Average Shares": NaN,
        "Diluted EPS": NaN,
        "Basic EPS": NaN,
        "Diluted NI Availto Com Stockholders": NaN,
        "Net Income Common Stockholders": NaN,
        "Preferred Stock Dividends": NaN,
        "Net Income": NaN,
        "Net Income Including Noncontrolling Interests": NaN,
        "Net Income Continuous Operations": NaN,
        "Earnings From Equity Interest Net Of Tax": NaN,
        "Tax Provision": NaN,
        "Pretax Income": NaN,
        "Other Income Expense": NaN,
        "Other Non Operating Income Expenses": NaN,
        "Special Income Charges": NaN,
        "Gain On Sale Of Ppe": NaN,
        "Other Special Charges": NaN,
        "Gain On Sale Of Security": -31000.0,
        "Net Non Operating Interest Income Expense": NaN,
        "Interest Expense Non Operating": NaN,
        "Interest Income Non Operating": NaN,
        "Operating Income": NaN,
        "Operating Expense": NaN,
        "Other Operating Expenses": NaN,
        "Selling General And Administration": NaN,
        "General And Administrative Expense": NaN,
        "Other Gand A": NaN,
        "Gross Profit": NaN,
        "Cost Of Revenue": NaN,
        "Total Revenue": NaN,
        "Operating Revenue": NaN
    },
    "2022-12-31": {
        "Tax Effect Of Unusual Items": NaN,
        "Tax Rate For Calcs": NaN,
        "Normalized EBITDA": NaN,
        "Total Unusual Items": NaN,
        "Total Unusual Items Excluding Goodwill": NaN,
        "Net Income From Continuing Operation Net Minority Interest": NaN,
        "Reconciled Depreciation": NaN,
        "Reconciled Cost Of Revenue": NaN,
        "EBITDA": NaN,
        "EBIT": NaN,
        "Net Interest Income": NaN,
        "Interest Expense": NaN,
        "Interest Income": NaN,
        "Normalized Income": NaN,
        "Net Income From Continuing And Discontinued Operation": NaN,
        "Total Expenses": NaN,
        "Rent Expense Supplemental": NaN,
        "Diluted Average Shares": NaN,
        "Basic Average Shares": NaN,
        "Diluted EPS": NaN,
        "Basic EPS": NaN,
        "Diluted NI Availto Com Stockholders": NaN,
        "Net Income Common Stockholders": NaN,
        "Preferred Stock Dividends": NaN,
        "Net Income": NaN,
        "Net Income Including Noncontrolling Interests": NaN,
        "Net Income Continuous Operations": NaN,
        "Earnings From Equity Interest Net Of Tax": NaN,
        "Tax Provision": NaN,
        "Pretax Income": NaN,
        "Other Income Expense": NaN,
        "Other Non Operating Income Expenses": NaN,
        "Special Income Charges": NaN,
        "Gain On Sale Of Ppe": NaN,
        "Other Special Charges": NaN,
        "Gain On Sale Of Security": -1303000.0,
        "Net Non Operating Interest Income Expense": NaN,
        "Interest Expense Non Operating": NaN,
        "Interest Income Non Operating": NaN,
        "Operating Income": NaN,
        "Operating Expense": NaN,
        "Other Operating Expenses": NaN,
        "Selling General And Administration": NaN,
        "General And Administrative Expense": NaN,
        "Other Gand A": NaN,
        "Gross Profit": NaN,
        "Cost Of Revenue": NaN,
        "Total Revenue": NaN,
        "Operating Revenue": NaN
    },
    "2022-09-30": {
        "Tax Effect Of Unusual Items": NaN,
        "Tax Rate For Calcs": NaN,
        "Normalized EBITDA": NaN,
        "Total Unusual Items": NaN,
        "Total Unusual Items Excluding Goodwill": NaN,
        "Net Income From Continuing Operation Net Minority Interest": NaN,
        "Reconciled Depreciation": NaN,
        "Reconciled Cost Of Revenue": NaN,
        "EBITDA": NaN,
        "EBIT": NaN,
        "Net Interest Income": NaN,
        "Interest Expense": NaN,
        "Interest Income": NaN,
        "Normalized Income": NaN,
        "Net Income From Continuing And Discontinued Operation": NaN,
        "Total Expenses": NaN,
        "Rent Expense Supplemental": NaN,
        "Diluted Average Shares": NaN,
        "Basic Average Shares": NaN,
        "Diluted EPS": NaN,
        "Basic EPS": NaN,
        "Diluted NI Availto Com Stockholders": NaN,
        "Net Income Common Stockholders": NaN,
        "Preferred Stock Dividends": NaN,
        "Net Income": NaN,
        "Net Income Including Noncontrolling Interests": NaN,
        "Net Income Continuous Operations": NaN,
        "Earnings From Equity Interest Net Of Tax": NaN,
        "Tax Provision": NaN,
        "Pretax Income": NaN,
        "Other Income Expense": 2753000.0,
        "Special Income Charges": NaN,
        "Gain On Sale Of Ppe": NaN,
        "Other Special Charges": 611000.0,
        "Gain On Sale Of Security": 3364000.0,
        "Net Non Operating Interest Income Expense": NaN,
        "Interest Expense Non Operating": NaN,
        "Interest Income Non Operating": NaN,
        "Operating Income": NaN,
        "Operating Expense": NaN,
        "Other Operating Expenses": NaN,
        "Selling General And Administration": NaN,
        "General And Administrative Expense": NaN,
        "Other Gand A": NaN,
        "Gross Profit": NaN,
        "Cost Of Revenue": NaN,
        "Total Revenue": NaN,
        "Operating Revenue": NaN
    },
    "2022-06-30": {
        "Tax Effect Of Unusual Items": 89.507106,
        "Tax Rate For Calcs": 0.000302,
        "Normalized EBITDA": 41343000.0,
        "Total Unusual Items": 296000.0,
        "Total Unusual Items Excluding Goodwill": 296000.0,
        "Net Income From Continuing Operation Net Minority Interest": 29687000.0,
        "Reconciled Depreciation": 6982000.0,
        "Reconciled Cost Of Revenue": 49300000.0,
        "EBITDA": 41639000.0,
        "EBIT": 34657000.0,
        "Net Interest Income": -4874000.0,
        "Interest Expense": 4894000.0,
        "Interest Income": 20000.0,
        "Normalized Income": 29391089.507106,
        "Net Income From Continuing And Discontinued Operation": 29687000.0,
        "Total Expenses": 72784000.0,
        "Rent Expense Supplemental": 1140000.0,
        "Diluted Average Shares": 35574082.0,
        "Basic Average Shares": 35071435.0,
        "Diluted EPS": 0.81,
        "Basic EPS": 0.82,
        "Diluted NI Availto Com Stockholders": 28849000.0,
        "Net Income Common Stockholders": 28849000.0,
        "Preferred Stock Dividends": 838000.0,
        "Net Income": 29687000.0,
        "Net Income Including Noncontrolling Interests": 29687000.0,
        "Net Income Continuous Operations": 29687000.0,
        "Earnings From Equity Interest Net Of Tax": -67000.0,
        "Tax Provision": 9000.0,
        "Pretax Income": 29763000.0,
        "Other Income Expense": 296000.0,
        "Special Income Charges": 0.0,
        "Gain On Sale Of Ppe": 0.0,
        "Other Special Charges": NaN,
        "Gain On Sale Of Security": 296000.0,
        "Net Non Operating Interest Income Expense": -4874000.0,
        "Interest Expense Non Operating": 4894000.0,
        "Interest Income Non Operating": 20000.0,
        "Operating Income": 34341000.0,
        "Operating Expense": 23484000.0,
        "Other Operating Expenses": 18140000.0,
        "Selling General And Administration": 5344000.0,
        "General And Administrative Expense": 5344000.0,
        "Other Gand A": 5344000.0,
        "Gross Profit": 57825000.0,
        "Cost Of Revenue": 49300000.0,
        "Total Revenue": 107125000.0,
        "Operating Revenue": 107125000.0
    },
    "2023-06-30": {
        "Tax Effect Of Unusual Items": NaN,
        "Tax Rate For Calcs": NaN,
        "Normalized EBITDA": NaN,
        "Total Unusual Items": 0.0,
        "Total Unusual Items Excluding Goodwill": 0.0,
        "Net Income From Continuing Operation Net Minority Interest": NaN,
        "Reconciled Depreciation": NaN,
        "Reconciled Cost Of Revenue": NaN,
        "EBITDA": NaN,
        "EBIT": NaN,
        "Net Interest Income": NaN,
        "Interest Expense": NaN,
        "Interest Income": NaN,
        "Normalized Income": NaN,
        "Net Income From Continuing And Discontinued Operation": NaN,
        "Total Expenses": NaN,
        "Rent Expense Supplemental": NaN,
        "Diluted Average Shares": NaN,
        "Basic Average Shares": NaN,
        "Diluted EPS": NaN,
        "Basic EPS": NaN,
        "Diluted NI Availto Com Stockholders": NaN,
        "Net Income Common Stockholders": NaN,
        "Preferred Stock Dividends": NaN,
        "Net Income": NaN,
        "Net Income Including Noncontrolling Interests": NaN,
        "Net Income Continuous Operations": NaN,
        "Earnings From Equity Interest Net Of Tax": NaN,
        "Tax Provision": NaN,
        "Pretax Income": NaN,
        "Other Income Expense": NaN,
        "Other Non Operating Income Expenses": NaN,
        "Special Income Charges": 0.0,
        "Gain On Sale Of Ppe": 0.0,
        "Other Special Charges": NaN,
        "Gain On Sale Of Security": NaN,
        "Net Non Operating Interest Income Expense": NaN,
        "Interest Expense Non Operating": NaN,
        "Interest Income Non Operating": NaN,
        "Operating Income": NaN,
        "Operating Expense": NaN,
        "Other Operating Expenses": NaN,
        "Selling General And Administration": NaN,
        "General And Administrative Expense": NaN,
        "Other Gand A": NaN,
        "Gross Profit": NaN,
        "Cost Of Revenue": NaN,
        "Total Revenue": NaN,
        "Operating Revenue": NaN
    },
    "2022-03-31": {
        "Diluted EPS": -0.23,
        "Total Revenue": 63,
        "Gross Profit": 18,
        "Operating Income": 3,
        "EBIT": 13,
        "Net Income": -8
    },
    "2021-12-31": {
        "Diluted EPS": -0.25,
        "Total Revenue": 52,
        "Gross Profit": 10,
        "Operating Income": -4,
        "EBIT": 6,
        "Net Income": -9
    },
    "2021-09-30": {
        "Diluted EPS": -0.37,
        "Total Revenue": 47,
        "Gross Profit": 6,
        "Operating Income": -8,
        "EBIT": 2,
        "Net Income": -13
    },
    "2021-06-30": {
        "Diluted EPS": -0.24,
        "Total Revenue": 47,
        "Gross Profit": 10,
        "Operating Income": -4,
        "EBIT": 6,
        "Net Income": -8
    },
    "2021-03-31": {
        "Diluted EPS": -0.26,
        "Total Revenue": 46,
        "Gross Profit": 9,
        "Operating Income": -5,
        "EBIT": 5,
        "Net Income": -8
    },
    "2020-12-31": {
        "Diluted EPS": -0.59,
        "Total Revenue": 42,
        "Gross Profit": 4,
        "Operating Income": -9,
        "EBIT": 1,
        "Net Income": -20
    },
    "2020-09-30": {
        "Diluted EPS": -0.2,
        "Total Revenue": 45,
        "Gross Profit": 12,
        "Operating Income": -3,
        "EBIT": 8,
        "Net Income": -7
    },
    "2020-06-30": {
        "Diluted EPS": 0.41,
        "Total Revenue": 68,
        "Gross Profit": 33,
        "Operating Income": 18,
        "EBIT": 28,
        "Net Income": 14
    },
    "2020-03-31": {
        "Diluted EPS": 0.2,
        "Total Revenue": 65,
        "Gross Profit": 26,
        "Operating Income": 12,
        "EBIT": 21,
        "Net Income": 7
    },
    "2019-12-31": {
        "Diluted EPS": 0.06,
        "Total Revenue": 61,
        "Gross Profit": 22,
        "Operating Income": 8,
        "EBIT": 19,
        "Net Income": 2
    },
    "2019-09-30": {
        "Diluted EPS": -0.17,
        "Total Revenue": 52,
        "Gross Profit": 14,
        "Operating Income": 0,
        "EBIT": 10,
        "Net Income": -6
    },
    "2019-06-30": {
        "Diluted EPS": -0.3,
        "Total Revenue": 55,
        "Gross Profit": 17,
        "Operating Income": 3,
        "EBIT": 13,
        "Net Income": -10
    },
    "2019-03-31": {
        "Diluted EPS": -0.28,
        "Total Revenue": 62,
        "Gross Profit": 18,
        "Operating Income": 4,
        "EBIT": 14,
        "Net Income": -9
    },
    "2018-12-31": {
        "Diluted EPS": -0.52,
        "Total Revenue": 58,
        "Gross Profit": 11,
        "Operating Income": -2,
        "EBIT": 10,
        "Net Income": -17
    },
    "2018-09-30": {
        "Diluted EPS": -0.37,
        "Total Revenue": 49,
        "Gross Profit": 8,
        "Operating Income": -6,
        "EBIT": 4,
        "Net Income": -12
    },
    "2018-06-30": {
        "Diluted EPS": -0.26,
        "Total Revenue": 52,
        "Gross Profit": 12,
        "Operating Income": -2,
        "EBIT": 9,
        "Net Income": -9
    },
    "2018-03-31": {
        "Diluted EPS": -0.16,
        "Total Revenue": 50,
        "Gross Profit": 14,
        "Operating Income": 0,
        "EBIT": 11,
        "Net Income": -5
    },
    "2017-12-31": {
        "Diluted EPS": -0.11,
        "Total Revenue": 48,
        "Gross Profit": 15,
        "Operating Income": 1,
        "EBIT": 12,
        "Net Income": -4
    },
    "2017-09-30": {
        "Diluted EPS": -0.14,
        "Total Revenue": 49,
        "Gross Profit": 14,
        "Operating Income": 1,
        "EBIT": 11,
        "Net Income": -5
    },
    "2017-06-30": {
        "Diluted EPS": -0.06,
        "Total Revenue": 50,
        "Gross Profit": 17,
        "Operating Income": 4,
        "EBIT": 14,
        "Net Income": -2
    },
    "2017-03-31": {
        "Diluted EPS": -0.06,
        "Total Revenue": 50,
        "Gross Profit": 15,
        "Operating Income": 3,
        "EBIT": 12,
        "Net Income": -2
    },
    "2016-12-31": {
        "Diluted EPS": -0.2,
        "Total Revenue": 43,
        "Gross Profit": 14,
        "Operating Income": 2,
        "EBIT": 12,
        "Net Income": -4
    },
    "2016-09-30": {
        "Diluted EPS": -0.14,
        "Total Revenue": 38,
        "Gross Profit": 14,
        "Operating Income": 2,
        "EBIT": 11,
        "Net Income": -5
    },
    "2016-06-30": {
        "Diluted EPS": 0.2,
        "Total Revenue": 40,
        "Gross Profit": 20,
        "Operating Income": 9,
        "EBIT": 18,
        "Net Income": 5
    },
    "2016-03-31": {
        "Diluted EPS": 0.26,
        "Total Revenue": 44,
        "Gross Profit": 22,
        "Operating Income": 11,
        "EBIT": 19,
        "Net Income": 7
    },
    "2015-12-31": {
        "Diluted EPS": 0.21,
        "Total Revenue": 42,
        "Gross Profit": 20,
        "Operating Income": 10,
        "EBIT": 18,
        "Net Income": 5
    },
    "2015-09-30": {
        "Diluted EPS": 0.52,
        "Total Revenue": 47,
        "Gross Profit": 27,
        "Operating Income": 17,
        "EBIT": 25,
        "Net Income": 14
    },
    "2015-06-30": {
        "Diluted EPS": 0.3,
        "Total Revenue": 39,
        "Gross Profit": 20,
        "Operating Income": 10,
        "EBIT": 17,
        "Net Income": 8
    },
    "2015-03-31": {
        "Diluted EPS": 0.2,
        "Total Revenue": 30,
        "Gross Profit": 14,
        "Operating Income": 7,
        "EBIT": 12,
        "Net Income": 5
    },
    "2014-12-31": {
        "Diluted EPS": 0.08,
        "Total Revenue": 22,
        "Gross Profit": 10,
        "Operating Income": 3,
        "EBIT": 8,
        "Net Income": 2
    },
    "2014-09-30": {
        "Diluted EPS": 0.0,
        "Total Revenue": 19,
        "Gross Profit": 8,
        "Operating Income": 1,
        "EBIT": 6,
        "Net Income": 0
    },
    "2014-06-30": {
        "Diluted EPS": 0.0,
        "Total Revenue": 14,
        "Gross Profit": 7,
        "Operating Income": 1,
        "EBIT": 5,
        "Net Income": 0
    },
    "2014-03-31": {
        "Diluted EPS": -0.02,
        "Total Revenue": 12,
        "Gross Profit": 6,
        "Operating Income": 0,
        "EBIT": 4,
        "Net Income": 0
    },
    "2013-12-31": {
        "Diluted EPS": -0.09,
        "Total Revenue": 10,
        "Gross Profit": 3,
        "Operating Income": -1,
        "EBIT": 2,
        "Net Income": -2
    },
    "2013-09-30": {
        "Diluted EPS": -0.06,
        "Total Revenue": 11,
        "Gross Profit": 5,
        "Operating Income": 0,
        "EBIT": 3,
        "Net Income": -1
    },
    "2013-06-30": {
        "Diluted EPS": -0.15,
        "Total Revenue": 8,
        "Gross Profit": 4,
        "Operating Income": 0,
        "EBIT": 3,
        "Net Income": -1
    },
    "2013-03-31": {
        "Diluted EPS": -0.01,
        "Total Revenue": 7,
        "Gross Profit": 3,
        "Operating Income": 1,
        "EBIT": 3,
        "Net Income": 0
    },
    "2012-09-30": {
        "Diluted EPS": -0.08,
        "Total Revenue": 6,
        "Gross Profit": 2,
        "Operating Income": -1,
        "EBIT": 1,
        "Net Income": -1
    },
    "2012-06-30": {
        "Diluted EPS": -0.06,
        "Total Revenue": 7,
        "Gross Profit": 3,
        "Operating Income": 0,
        "EBIT": 0,
        "Net Income": 0
    },
    "2011-12-31": {
        "Diluted EPS": 0.0,
        "Total Revenue": NaN,
        "Gross Profit": NaN,
        "Operating Income": NaN,
        "EBIT": NaN,
        "Net Income": NaN
    },
    "2023-09-30": {
        "Tax Effect Of Unusual Items": 0.0,
        "Tax Rate For Calcs": 0.002336,
        "Normalized EBITDA": 31328000.0,
        "Total Unusual Items": 0.0,
        "Total Unusual Items Excluding Goodwill": 0.0,
        "Net Income From Continuing Operation Net Minority Interest": 21203000.0,
        "Reconciled Depreciation": 6927000.0,
        "Reconciled Cost Of Revenue": 53941000.0,
        "EBITDA": 31328000.0,
        "EBIT": 24401000.0,
        "Net Interest Income": -2580000.0,
        "Interest Expense": 2998000.0,
        "Interest Income": 418000.0,
        "Normalized Income": 21203000.0,
        "Net Income From Continuing And Discontinued Operation": 21203000.0,
        "Total Expenses": 62224000.0,
        "Rent Expense Supplemental": 1946000.0,
        "Diluted Average Shares": 41754259.0,
        "Basic Average Shares": 41296128.0,
        "Diluted EPS": 0.49,
        "Basic EPS": 0.49,
        "Diluted NI Availto Com Stockholders": 20346000.0,
        "Net Income Common Stockholders": 20346000.0,
        "Preferred Stock Dividends": 857000.0,
        "Net Income": 21203000.0,
        "Net Income Including Noncontrolling Interests": 21203000.0,
        "Net Income Continuous Operations": 21203000.0,
        "Earnings From Equity Interest Net Of Tax": -150000.0,
        "Tax Provision": 50000.0,
        "Pretax Income": 21403000.0,
        "Other Income Expense": -733000.0,
        "Other Non Operating Income Expenses": -733000.0,
        "Special Income Charges": 0.0,
        "Gain On Sale Of Ppe": 0.0,
        "Other Special Charges": NaN,
        "Gain On Sale Of Security": NaN,
        "Net Non Operating Interest Income Expense": -2580000.0,
        "Interest Expense Non Operating": 2998000.0,
        "Interest Income Non Operating": 418000.0,
        "Operating Income": 24716000.0,
        "Operating Expense": 8283000.0,
        "Other Operating Expenses": 2115000.0,
        "Selling General And Administration": 6168000.0,
        "General And Administrative Expense": 6168000.0,
        "Other Gand A": 6168000.0,
        "Gross Profit": 32999000.0,
        "Cost Of Revenue": 53941000.0,
        "Total Revenue": 86940000.0,
        "Operating Revenue": 86940000.0
    },
    "2023-12-31": {
        "Tax Effect Of Unusual Items": -741.843661,
        "Tax Rate For Calcs": 0.003211,
        "Normalized EBITDA": 37831000.0,
        "Total Unusual Items": -231000.0,
        "Total Unusual Items Excluding Goodwill": -231000.0,
        "Net Income From Continuing Operation Net Minority Interest": 27009000.0,
        "Reconciled Depreciation": 7134000.0,
        "Reconciled Cost Of Revenue": 58179000.0,
        "EBITDA": 37600000.0,
        "EBIT": 30466000.0,
        "Net Interest Income": -2166000.0,
        "Interest Expense": 3064000.0,
        "Interest Income": 2135000.0,
        "Normalized Income": 27239258.156339,
        "Net Income From Continuing And Discontinued Operation": 27009000.0,
        "Total Expenses": 68173000.0,
        "Rent Expense Supplemental": 2728000.0,
        "Diluted Average Shares": 41811455.0,
        "Basic Average Shares": 41300425.0,
        "Diluted EPS": 0.63,
        "Basic EPS": 0.63,
        "Diluted NI Availto Com Stockholders": 26152000.0,
        "Net Income Common Stockholders": 26152000.0,
        "Preferred Stock Dividends": 857000.0,
        "Net Income": 27009000.0,
        "Net Income Including Noncontrolling Interests": 27009000.0,
        "Net Income Continuous Operations": 27009000.0,
        "Earnings From Equity Interest Net Of Tax": -305000.0,
        "Tax Provision": 88000.0,
        "Pretax Income": 27402000.0,
        "Other Income Expense": -1138000.0,
        "Other Non Operating Income Expenses": -907000.0,
        "Special Income Charges": 0.0,
        "Gain On Sale Of Ppe": 0.0,
        "Other Special Charges": NaN,
        "Gain On Sale Of Security": -231000.0,
        "Net Non Operating Interest Income Expense": -2166000.0,
        "Interest Expense Non Operating": 3064000.0,
        "Interest Income Non Operating": 2135000.0,
        "Operating Income": 30706000.0,
        "Operating Expense": 9994000.0,
        "Other Operating Expenses": 2965000.0,
        "Selling General And Administration": 7029000.0,
        "General And Administrative Expense": 7029000.0,
        "Other Gand A": 7029000.0,
        "Gross Profit": 40700000.0,
        "Cost Of Revenue": 58179000.0,
        "Total Revenue": 98879000.0,
        "Operating Revenue": 98879000.0
    },
    "2024-03-31": {
        "Tax Effect Of Unusual Items": 0.0,
        "Tax Rate For Calcs": 0.001998,
        "Normalized EBITDA": 49046000.0,
        "Total Unusual Items": NaN,
        "Total Unusual Items Excluding Goodwill": NaN,
        "Net Income From Continuing Operation Net Minority Interest": 39237000.0,
        "Reconciled Depreciation": 6975000.0,
        "Reconciled Cost Of Revenue": 55052000.0,
        "EBITDA": 49046000.0,
        "EBIT": 42071000.0,
        "Net Interest Income": -1982000.0,
        "Interest Expense": 2526000.0,
        "Interest Income": 544000.0,
        "Normalized Income": 39237000.0,
        "Net Income From Continuing And Discontinued Operation": 39237000.0,
        "Total Expenses": 64018000.0,
        "Rent Expense Supplemental": 2609000.0,
        "Diluted Average Shares": 41916276.0,
        "Basic Average Shares": 41371887.0,
        "Diluted EPS": 0.92,
        "Basic EPS": 0.93,
        "Diluted NI Availto Com Stockholders": 38389000.0,
        "Net Income Common Stockholders": 38389000.0,
        "Preferred Stock Dividends": 848000.0,
        "Net Income": 39237000.0,
        "Net Income Including Noncontrolling Interests": 39237000.0,
        "Net Income Continuous Operations": 39237000.0,
        "Earnings From Equity Interest Net Of Tax": -229000.0,
        "Tax Provision": 79000.0,
        "Pretax Income": 39545000.0,
        "Other Income Expense": -756000.0,
        "Other Non Operating Income Expenses": -756000.0,
        "Special Income Charges": NaN,
        "Gain On Sale Of Ppe": NaN,
        "Other Special Charges": NaN,
        "Gain On Sale Of Security": NaN,
        "Net Non Operating Interest Income Expense": -1982000.0,
        "Interest Expense Non Operating": 2526000.0,
        "Interest Income Non Operating": 544000.0,
        "Operating Income": 42283000.0,
        "Operating Expense": 8966000.0,
        "Other Operating Expenses": 2836000.0,
        "Selling General And Administration": 6130000.0,
        "General And Administrative Expense": 6130000.0,
        "Other Gand A": 6130000.0,
        "Gross Profit": 51249000.0,
        "Cost Of Revenue": 55052000.0,
        "Total Revenue": 106301000.0,
        "Operating Revenue": 106301000.0
    },
    "2024-06-30": {
        "Tax Effect Of Unusual Items": 10822.443113,
        "Tax Rate For Calcs": 0.000787,
        "Normalized EBITDA": 58169000.0,
        "Total Unusual Items": 13754000.0,
        "Total Unusual Items Excluding Goodwill": 13754000.0,
        "Net Income From Continuing Operation Net Minority Interest": 62692000.0,
        "Reconciled Depreciation": 7606000.0,
        "Reconciled Cost Of Revenue": 61212000.0,
        "EBITDA": 71923000.0,
        "EBIT": 64317000.0,
        "Net Interest Income": -1432000.0,
        "Interest Expense": 2044000.0,
        "Interest Income": 612000.0,
        "Normalized Income": 48948822.443113,
        "Net Income From Continuing And Discontinued Operation": 62692000.0,
        "Total Expenses": 70435000.0,
        "Rent Expense Supplemental": 2664000.0,
        "Diluted Average Shares": 42010724.0,
        "Basic Average Shares": 41747977.0,
        "Diluted EPS": 1.47,
        "Basic EPS": 1.48,
        "Diluted NI Availto Com Stockholders": 61844000.0,
        "Net Income Common Stockholders": 61844000.0,
        "Preferred Stock Dividends": 848000.0,
        "Net Income": 62692000.0,
        "Net Income Including Noncontrolling Interests": 62692000.0,
        "Net Income Continuous Operations": 62692000.0,
        "Earnings From Equity Interest Net Of Tax": 468000.0,
        "Tax Provision": 49000.0,
        "Pretax Income": 62273000.0,
        "Other Income Expense": 12815000.0,
        "Other Non Operating Income Expenses": -939000.0,
        "Special Income Charges": 13754000.0,
        "Gain On Sale Of Ppe": 12322000.0,
        "Other Special Charges": -1432000.0,
        "Gain On Sale Of Security": NaN,
        "Net Non Operating Interest Income Expense": -1432000.0,
        "Interest Expense Non Operating": 2044000.0,
        "Interest Income Non Operating": 612000.0,
        "Operating Income": 50890000.0,
        "Operating Expense": 9223000.0,
        "Other Operating Expenses": 2895000.0,
        "Selling General And Administration": 6328000.0,
        "General And Administrative Expense": 6328000.0,
        "Other Gand A": 6328000.0,
        "Gross Profit": 60113000.0,
        "Cost Of Revenue": 61212000.0,
        "Total Revenue": 121325000.0,
        "Operating Revenue": 121325000.0
    },
    "2024-09-30": {
        "Tax Effect Of Unusual Items": -78.729847,
        "Tax Rate For Calcs": 0.003028,
        "Normalized EBITDA": 33400000.0,
        "Total Unusual Items": -26000.0,
        "Total Unusual Items Excluding Goodwill": -26000.0,
        "Net Income From Continuing Operation Net Minority Interest": 24144000.0,
        "Reconciled Depreciation": 7833000.0,
        "Reconciled Cost Of Revenue": 59212000.0,
        "EBITDA": 33374000.0,
        "EBIT": 25541000.0,
        "Net Interest Income": -877000.0,
        "Interest Expense": 1103000.0,
        "Interest Income": 226000.0,
        "Normalized Income": 24169921.270153,
        "Net Income From Continuing And Discontinued Operation": 24144000.0,
        "Total Expenses": 69780000.0,
        "Rent Expense Supplemental": 2835000.0,
        "Diluted Average Shares": 42362193.0,
        "Basic Average Shares": 42135165.0,
        "Diluted EPS": 0.55,
        "Basic EPS": 0.55,
        "Diluted NI Availto Com Stockholders": 23287000.0,
        "Net Income Common Stockholders": 23287000.0,
        "Preferred Stock Dividends": 857000.0,
        "Net Income": 24144000.0,
        "Net Income Including Noncontrolling Interests": 24144000.0,
        "Net Income Continuous Operations": 24144000.0,
        "Earnings From Equity Interest Net Of Tax": -220000.0,
        "Tax Provision": 74000.0,
        "Pretax Income": 24438000.0,
        "Other Income Expense": -1023000.0,
        "Other Non Operating Income Expenses": -997000.0,
        "Special Income Charges": 0.0,
        "Gain On Sale Of Ppe": 0.0,
        "Other Special Charges": NaN,
        "Gain On Sale Of Security": -26000.0,
        "Net Non Operating Interest Income Expense": -877000.0,
        "Interest Expense Non Operating": 1103000.0,
        "Interest Income Non Operating": 226000.0,
        "Operating Income": 26338000.0,
        "Operating Expense": 10568000.0,
        "Other Operating Expenses": 3082000.0,
        "Selling General And Administration": 7486000.0,
        "General And Administrative Expense": 7486000.0,
        "Other Gand A": 7486000.0,
        "Gross Profit": 36906000.0,
        "Cost Of Revenue": 59212000.0,
        "Total Revenue": 96118000.0,
        "Operating Revenue": 96118000.0
    }
}