{
    "2023-03-31": {
        "Tax Effect Of Unusual Items": 0.0,
        "Tax Rate For Calcs": 0.209704,
        "Normalized EBITDA": 63341000.0,
        "Net Income From Continuing Operation Net Minority Interest": 34954000.0,
        "Reconciled Depreciation": 17845000.0,
        "Reconciled Cost Of Revenue": 330042000.0,
        "EBIT": 45496000.0,
        "Net Interest Income": -1267000.0,
        "Interest Expense": 1267000.0,
        "Normalized Income": 34954000.0,
        "Net Income From Continuing And Discontinued Operation": 34954000.0,
        "Total Expenses": 355156000.0,
        "Diluted Average Shares": 28586563.0,
        "Basic Average Shares": 27601784.0,
        "Diluted EPS": 1.22,
        "Basic EPS": 1.27,
        "Diluted NI Availto Com Stockholders": 34954000.0,
        "Net Income Common Stockholders": 34954000.0,
        "Net Income": 34954000.0,
        "Net Income Including Noncontrolling Interests": 34954000.0,
        "Net Income Continuous Operations": 34954000.0,
        "Tax Provision": 9275000.0,
        "Pretax Income": 44229000.0,
        "Other Income Expense": 108000.0,
        "Other Non Operating Income Expenses": 108000.0,
        "Net Non Operating Interest Income Expense": -1267000.0,
        "Interest Expense Non Operating": 1267000.0,
        "Operating Income": 45388000.0,
        "Operating Expense": 25114000.0,
        "Selling General And Administration": 25114000.0,
        "Gross Profit": 70502000.0,
        "Cost Of Revenue": 330042000.0,
        "Total Revenue": 400544000.0,
        "Operating Revenue": 400544000.0
    },
    "2022-12-31": {
        "Tax Effect Of Unusual Items": 0.0,
        "Tax Rate For Calcs": 0.263482,
        "Normalized EBITDA": 63900000.0,
        "Net Income From Continuing Operation Net Minority Interest": 33625000.0,
        "Reconciled Depreciation": 17483000.0,
        "Reconciled Cost Of Revenue": 335033000.0,
        "EBIT": 46417000.0,
        "Net Interest Income": -763000.0,
        "Interest Expense": 763000.0,
        "Normalized Income": 33625000.0,
        "Net Income From Continuing And Discontinued Operation": 33625000.0,
        "Total Expenses": 357661000.0,
        "Diluted Average Shares": 28608181.0,
        "Basic Average Shares": 27572344.0,
        "Diluted EPS": 1.18,
        "Basic EPS": 1.22,
        "Diluted NI Availto Com Stockholders": 33625000.0,
        "Net Income Common Stockholders": 33625000.0,
        "Net Income": 33625000.0,
        "Net Income Including Noncontrolling Interests": 33625000.0,
        "Net Income Continuous Operations": 33625000.0,
        "Tax Provision": 12029000.0,
        "Pretax Income": 45654000.0,
        "Other Income Expense": 16000.0,
        "Other Non Operating Income Expenses": 16000.0,
        "Net Non Operating Interest Income Expense": -763000.0,
        "Interest Expense Non Operating": 763000.0,
        "Operating Income": 46401000.0,
        "Operating Expense": 22628000.0,
        "Selling General And Administration": 22628000.0,
        "Gross Profit": 69029000.0,
        "Cost Of Revenue": 335033000.0,
        "Total Revenue": 404062000.0,
        "Operating Revenue": 404062000.0
    },
    "2022-09-30": {
        "Tax Effect Of Unusual Items": 0.0,
        "Tax Rate For Calcs": 0.214,
        "Normalized EBITDA": 31092000.0,
        "Net Income From Continuing Operation Net Minority Interest": 10032000.0,
        "Reconciled Depreciation": 17644000.0,
        "Reconciled Cost Of Revenue": 443646000.0,
        "EBIT": 13448000.0,
        "Net Interest Income": -686000.0,
        "Interest Expense": 686000.0,
        "Normalized Income": 10032000.0,
        "Net Income From Continuing And Discontinued Operation": 10032000.0,
        "Total Expenses": 466715000.0,
        "Diluted Average Shares": 28889658.0,
        "Basic Average Shares": 27944494.0,
        "Diluted EPS": 0.35,
        "Basic EPS": 0.36,
        "Diluted NI Availto Com Stockholders": 10032000.0,
        "Net Income Common Stockholders": 10032000.0,
        "Net Income": 10032000.0,
        "Net Income Including Noncontrolling Interests": 10032000.0,
        "Net Income Continuous Operations": 10032000.0,
        "Tax Provision": 2730000.0,
        "Pretax Income": 12762000.0,
        "Other Income Expense": 1394000.0,
        "Other Non Operating Income Expenses": 1394000.0,
        "Net Non Operating Interest Income Expense": -686000.0,
        "Interest Expense Non Operating": 686000.0,
        "Operating Income": 12054000.0,
        "Operating Expense": 23069000.0,
        "Selling General And Administration": 23069000.0,
        "Gross Profit": 35123000.0,
        "Cost Of Revenue": 443646000.0,
        "Total Revenue": 478769000.0,
        "Operating Revenue": 478769000.0
    },
    "2022-06-30": {
        "Tax Effect Of Unusual Items": 0.0,
        "Tax Rate For Calcs": 0.235,
        "Normalized EBITDA": 103422000.0,
        "Net Income From Continuing Operation Net Minority Interest": 65157000.0,
        "Reconciled Depreciation": 17534000.0,
        "Reconciled Cost Of Revenue": 476835000.0,
        "EBIT": 85888000.0,
        "Net Interest Income": -769000.0,
        "Interest Expense": 769000.0,
        "Normalized Income": 65157000.0,
        "Net Income From Continuing And Discontinued Operation": 65157000.0,
        "Total Expenses": 497676000.0,
        "Diluted Average Shares": 29262709.0,
        "Basic Average Shares": 28168207.0,
        "Diluted EPS": 2.23,
        "Basic EPS": 2.31,
        "Diluted NI Availto Com Stockholders": 65157000.0,
        "Net Income Common Stockholders": 65157000.0,
        "Net Income": 65157000.0,
        "Net Income Including Noncontrolling Interests": 65157000.0,
        "Net Income Continuous Operations": 65157000.0,
        "Tax Provision": 19962000.0,
        "Pretax Income": 85119000.0,
        "Other Income Expense": -172000.0,
        "Other Non Operating Income Expenses": -172000.0,
        "Net Non Operating Interest Income Expense": -769000.0,
        "Interest Expense Non Operating": 769000.0,
        "Operating Income": 86060000.0,
        "Operating Expense": 20841000.0,
        "Selling General And Administration": 20841000.0,
        "Gross Profit": 106901000.0,
        "Cost Of Revenue": 476835000.0,
        "Total Revenue": 583736000.0,
        "Operating Revenue": 583736000.0
    },
    "2022-03-31": {
        "Diluted EPS": 2.15,
        "Total Revenue": 479,
        "Gross Profit": 103,
        "Operating Income": 82,
        "EBIT": 99,
        "Net Income": 63
    },
    "2021-12-31": {
        "Diluted EPS": 0.79,
        "Total Revenue": 424,
        "Gross Profit": 55,
        "Operating Income": 34,
        "EBIT": 50,
        "Net Income": 24
    },
    "2021-09-30": {
        "Diluted EPS": 1.51,
        "Total Revenue": 446,
        "Gross Profit": 80,
        "Operating Income": 59,
        "EBIT": 76,
        "Net Income": 44
    },
    "2021-06-30": {
        "Diluted EPS": 1.53,
        "Total Revenue": 438,
        "Gross Profit": 81,
        "Operating Income": 59,
        "EBIT": 76,
        "Net Income": 44
    },
    "2021-03-31": {
        "Diluted EPS": 0.98,
        "Total Revenue": 376,
        "Gross Profit": 58,
        "Operating Income": 39,
        "EBIT": 55,
        "Net Income": 28
    },
    "2020-12-31": {
        "Diluted EPS": 0.94,
        "Total Revenue": 340,
        "Gross Profit": 53,
        "Operating Income": 33,
        "EBIT": 48,
        "Net Income": 27
    },
    "2020-09-30": {
        "Diluted EPS": -0.02,
        "Total Revenue": 282,
        "Gross Profit": 16,
        "Operating Income": 0,
        "EBIT": 16,
        "Net Income": -1
    },
    "2020-06-30": {
        "Diluted EPS": 0.41,
        "Total Revenue": 233,
        "Gross Profit": 34,
        "Operating Income": 16,
        "EBIT": 32,
        "Net Income": 11
    },
    "2020-03-31": {
        "Diluted EPS": 0.31,
        "Total Revenue": 303,
        "Gross Profit": 31,
        "Operating Income": 14,
        "EBIT": 29,
        "Net Income": 9
    },
    "2019-12-31": {
        "Diluted EPS": -0.06,
        "Total Revenue": 327,
        "Gross Profit": 15,
        "Operating Income": -2,
        "EBIT": 13,
        "Net Income": -2
    },
    "2019-09-30": {
        "Diluted EPS": 0.28,
        "Total Revenue": 311,
        "Gross Profit": 31,
        "Operating Income": 11,
        "EBIT": 26,
        "Net Income": 8
    },
    "2019-06-30": {
        "Diluted EPS": 0.53,
        "Total Revenue": 345,
        "Gross Profit": 42,
        "Operating Income": 22,
        "EBIT": 36,
        "Net Income": 15
    },
    "2019-03-31": {
        "Diluted EPS": 0.68,
        "Total Revenue": 315,
        "Gross Profit": 48,
        "Operating Income": 29,
        "EBIT": 43,
        "Net Income": 20
    },
    "2018-12-31": {
        "Diluted EPS": 0.68,
        "Total Revenue": 387,
        "Gross Profit": 54,
        "Operating Income": 28,
        "EBIT": 42,
        "Net Income": 21
    },
    "2018-09-30": {
        "Diluted EPS": 0.18,
        "Total Revenue": 369,
        "Gross Profit": 25,
        "Operating Income": 7,
        "EBIT": 20,
        "Net Income": 5
    },
    "2018-06-30": {
        "Diluted EPS": 0.91,
        "Total Revenue": 400,
        "Gross Profit": 58,
        "Operating Income": 40,
        "EBIT": 53,
        "Net Income": 28
    },
    "2018-03-31": {
        "Diluted EPS": 0.37,
        "Total Revenue": 359,
        "Gross Profit": 38,
        "Operating Income": 19,
        "EBIT": 33,
        "Net Income": 12
    },
    "2017-12-31": {
        "Diluted EPS": 2.33,
        "Total Revenue": 370,
        "Gross Profit": 45,
        "Operating Income": 26,
        "EBIT": 39,
        "Net Income": 72
    },
    "2017-09-30": {
        "Diluted EPS": 0.68,
        "Total Revenue": 367,
        "Gross Profit": 57,
        "Operating Income": 38,
        "EBIT": 51,
        "Net Income": 21
    },
    "2017-06-30": {
        "Diluted EPS": 0.83,
        "Total Revenue": 361,
        "Gross Profit": 62,
        "Operating Income": 44,
        "EBIT": 56,
        "Net Income": 26
    },
    "2017-03-31": {
        "Diluted EPS": 0.88,
        "Total Revenue": 377,
        "Gross Profit": 63,
        "Operating Income": 46,
        "EBIT": 57,
        "Net Income": 27
    },
    "2016-12-31": {
        "Diluted EPS": -0.81,
        "Total Revenue": 259,
        "Gross Profit": -20,
        "Operating Income": -40,
        "EBIT": -29,
        "Net Income": -25
    },
    "2016-09-30": {
        "Diluted EPS": 0.54,
        "Total Revenue": 324,
        "Gross Profit": 39,
        "Operating Income": 27,
        "EBIT": 37,
        "Net Income": 16
    },
    "2016-06-30": {
        "Diluted EPS": 0.49,
        "Total Revenue": 308,
        "Gross Profit": 35,
        "Operating Income": 24,
        "EBIT": 34,
        "Net Income": 15
    },
    "2016-03-31": {
        "Diluted EPS": 0.9,
        "Total Revenue": 300,
        "Gross Profit": 54,
        "Operating Income": 43,
        "EBIT": 53,
        "Net Income": 27
    },
    "2015-12-31": {
        "Diluted EPS": 0.0,
        "Total Revenue": NaN,
        "Gross Profit": NaN,
        "Operating Income": NaN,
        "EBIT": NaN,
        "Net Income": NaN
    },
    "2015-09-30": {
        "Diluted EPS": 0.67,
        "Total Revenue": 336,
        "Gross Profit": 46,
        "Operating Income": 31,
        "EBIT": 39,
        "Net Income": 20
    },
    "2015-06-30": {
        "Diluted EPS": 0.0,
        "Total Revenue": 367,
        "Gross Profit": 52,
        "Operating Income": 39,
        "EBIT": 39,
        "Net Income": 25
    },
    "2014-12-31": {
        "Diluted EPS": 0.0,
        "Total Revenue": NaN,
        "Gross Profit": NaN,
        "Operating Income": NaN,
        "EBIT": NaN,
        "Net Income": NaN
    },
    "2013-12-31": {
        "Diluted EPS": 0.0,
        "Total Revenue": NaN,
        "Gross Profit": NaN,
        "Operating Income": NaN,
        "EBIT": NaN,
        "Net Income": NaN
    },
    "2023-06-30": {
        "Tax Effect Of Unusual Items": 0.0,
        "Tax Rate For Calcs": 0.24386,
        "Normalized EBITDA": 63350000.0,
        "Net Income From Continuing Operation Net Minority Interest": 32728000.0,
        "Reconciled Depreciation": 18113000.0,
        "Reconciled Cost Of Revenue": 360017000.0,
        "EBIT": 45237000.0,
        "Net Interest Income": -1954000.0,
        "Interest Expense": 1954000.0,
        "Normalized Income": 32728000.0,
        "Net Income From Continuing And Discontinued Operation": 32728000.0,
        "Total Expenses": 384028000.0,
        "Diluted Average Shares": 28113402.0,
        "Basic Average Shares": 27494555.0,
        "Diluted EPS": 1.16,
        "Basic EPS": 1.19,
        "Diluted NI Availto Com Stockholders": 32728000.0,
        "Net Income Common Stockholders": 32728000.0,
        "Net Income": 32728000.0,
        "Net Income Including Noncontrolling Interests": 32728000.0,
        "Net Income Continuous Operations": 32728000.0,
        "Tax Provision": 10555000.0,
        "Pretax Income": 43283000.0,
        "Other Income Expense": 1325000.0,
        "Other Non Operating Income Expenses": 1325000.0,
        "Net Non Operating Interest Income Expense": -1954000.0,
        "Interest Expense Non Operating": 1954000.0,
        "Operating Income": 43912000.0,
        "Operating Expense": 24011000.0,
        "Selling General And Administration": 24011000.0,
        "Gross Profit": 67923000.0,
        "Cost Of Revenue": 360017000.0,
        "Total Revenue": 427940000.0,
        "Operating Revenue": 427940000.0
    }
}