{
    "2023-03-31": {
        "Tax Effect Of Unusual Items": -70140.0,
        "Tax Rate For Calcs": 0.21,
        "Normalized EBITDA": 2071000.0,
        "Total Unusual Items": -334000.0,
        "Total Unusual Items Excluding Goodwill": -334000.0,
        "Net Income From Continuing Operation Net Minority Interest": 5000.0,
        "Reconciled Depreciation": 2570000.0,
        "Reconciled Cost Of Revenue": 53880000.0,
        "EBITDA": 1737000.0,
        "EBIT": -833000.0,
        "Net Interest Income": 1047000.0,
        "Normalized Income": 268860.0,
        "Net Income From Continuing And Discontinued Operation": 5000.0,
        "Total Expenses": 79104000.0,
        "Total Operating Income As Reported": -833000.0,
        "Diluted Average Shares": 52958555.0,
        "Basic Average Shares": 51206226.0,
        "Diluted EPS": 9.4e-05,
        "Basic EPS": 9.8e-05,
        "Diluted NI Availto Com Stockholders": 5000.0,
        "Average Dilution Earnings": NaN,
        "Net Income Common Stockholders": 5000.0,
        "Net Income": 5000.0,
        "Net Income Including Noncontrolling Interests": 5000.0,
        "Net Income Continuous Operations": 5000.0,
        "Tax Provision": 108000.0,
        "Pretax Income": 113000.0,
        "Other Income Expense": -101000.0,
        "Other Non Operating Income Expenses": 233000.0,
        "Gain On Sale Of Security": -334000.0,
        "Net Non Operating Interest Income Expense": 1047000.0,
        "Total Other Finance Cost": -1047000.0,
        "Operating Income": -833000.0,
        "Operating Expense": 25224000.0,
        "Selling General And Administration": 25224000.0,
        "Gross Profit": 24391000.0,
        "Cost Of Revenue": 53880000.0,
        "Total Revenue": 78271000.0,
        "Operating Revenue": 78271000.0
    },
    "2022-12-31": {
        "Tax Effect Of Unusual Items": 418869.643663,
        "Tax Rate For Calcs": 0.308901,
        "Normalized EBITDA": 11038000.0,
        "Total Unusual Items": 1356000.0,
        "Total Unusual Items Excluding Goodwill": 1356000.0,
        "Net Income From Continuing Operation Net Minority Interest": 9193000.0,
        "Reconciled Depreciation": 3268000.0,
        "Reconciled Cost Of Revenue": 60909000.0,
        "EBITDA": 12394000.0,
        "EBIT": 9126000.0,
        "Net Interest Income": 1078000.0,
        "Normalized Income": 8255869.643663,
        "Net Income From Continuing And Discontinued Operation": 9193000.0,
        "Total Expenses": 86005000.0,
        "Total Operating Income As Reported": 9126000.0,
        "Diluted Average Shares": NaN,
        "Basic Average Shares": NaN,
        "Diluted EPS": NaN,
        "Basic EPS": NaN,
        "Diluted NI Availto Com Stockholders": 9193000.0,
        "Average Dilution Earnings": NaN,
        "Net Income Common Stockholders": 9193000.0,
        "Net Income": 9193000.0,
        "Net Income Including Noncontrolling Interests": 9193000.0,
        "Net Income Continuous Operations": 9193000.0,
        "Tax Provision": 4109000.0,
        "Pretax Income": 13302000.0,
        "Other Income Expense": 3098000.0,
        "Other Non Operating Income Expenses": 1742000.0,
        "Gain On Sale Of Security": 1356000.0,
        "Net Non Operating Interest Income Expense": 1078000.0,
        "Total Other Finance Cost": -1078000.0,
        "Operating Income": 9126000.0,
        "Operating Expense": 25096000.0,
        "Selling General And Administration": 25096000.0,
        "Gross Profit": 34222000.0,
        "Cost Of Revenue": 60909000.0,
        "Total Revenue": 95131000.0,
        "Operating Revenue": 95131000.0
    },
    "2022-09-30": {
        "Tax Effect Of Unusual Items": NaN,
        "Tax Rate For Calcs": NaN,
        "Normalized EBITDA": NaN,
        "Total Unusual Items": NaN,
        "Total Unusual Items Excluding Goodwill": NaN,
        "Net Income From Continuing Operation Net Minority Interest": NaN,
        "Reconciled Depreciation": NaN,
        "Reconciled Cost Of Revenue": NaN,
        "EBITDA": NaN,
        "EBIT": NaN,
        "Net Interest Income": NaN,
        "Normalized Income": NaN,
        "Net Income From Continuing And Discontinued Operation": NaN,
        "Total Expenses": NaN,
        "Total Operating Income As Reported": NaN,
        "Diluted Average Shares": 51745354.0,
        "Basic Average Shares": 51745354.0,
        "Diluted EPS": -0.17,
        "Basic EPS": -0.17,
        "Diluted NI Availto Com Stockholders": NaN,
        "Average Dilution Earnings": NaN,
        "Net Income Common Stockholders": NaN,
        "Net Income": NaN,
        "Net Income Including Noncontrolling Interests": NaN,
        "Net Income Continuous Operations": NaN,
        "Tax Provision": NaN,
        "Pretax Income": NaN,
        "Other Income Expense": NaN,
        "Other Non Operating Income Expenses": NaN,
        "Gain On Sale Of Security": NaN,
        "Net Non Operating Interest Income Expense": NaN,
        "Total Other Finance Cost": NaN,
        "Operating Income": NaN,
        "Operating Expense": NaN,
        "Selling General And Administration": NaN,
        "Gross Profit": NaN,
        "Cost Of Revenue": NaN,
        "Total Revenue": NaN,
        "Operating Revenue": NaN
    },
    "2022-06-30": {
        "Tax Effect Of Unusual Items": 267069.224201,
        "Tax Rate For Calcs": 0.193248,
        "Normalized EBITDA": 31593000.0,
        "Total Unusual Items": 1382000.0,
        "Total Unusual Items Excluding Goodwill": 1382000.0,
        "Net Income From Continuing Operation Net Minority Interest": 26455000.0,
        "Reconciled Depreciation": 2892000.0,
        "Reconciled Cost Of Revenue": 84628000.0,
        "EBITDA": 32975000.0,
        "EBIT": 32975000.0,
        "Net Interest Income": -183000.0,
        "Interest Expense": 183000.0,
        "Normalized Income": 25340069.224201,
        "Net Income From Continuing And Discontinued Operation": 26455000.0,
        "Total Expenses": 108131000.0,
        "Total Operating Income As Reported": 31477000.0,
        "Diluted Average Shares": 53882242.0,
        "Basic Average Shares": 51691076.0,
        "Diluted EPS": 0.47,
        "Basic EPS": 0.51,
        "Diluted NI Availto Com Stockholders": 26455000.0,
        "Average Dilution Earnings": -1382000.0,
        "Net Income Common Stockholders": 26455000.0,
        "Net Income": 26455000.0,
        "Net Income Including Noncontrolling Interests": 26455000.0,
        "Net Income Continuous Operations": 26455000.0,
        "Tax Provision": 6337000.0,
        "Pretax Income": 32792000.0,
        "Other Income Expense": 1498000.0,
        "Other Non Operating Income Expenses": 116000.0,
        "Gain On Sale Of Security": 1382000.0,
        "Net Non Operating Interest Income Expense": -183000.0,
        "Total Other Finance Cost": NaN,
        "Interest Expense Non Operating": 183000.0,
        "Operating Income": 31477000.0,
        "Operating Expense": 23503000.0,
        "Selling General And Administration": 23503000.0,
        "Gross Profit": 54980000.0,
        "Cost Of Revenue": 84628000.0,
        "Total Revenue": 139608000.0,
        "Operating Revenue": 139608000.0
    },
    "2022-03-31": {
        "Diluted EPS": 0.32,
        "Total Revenue": 123,
        "Gross Profit": 47,
        "Operating Income": 23,
        "EBIT": 26,
        "Net Income": 17
    },
    "2021-12-31": {
        "Diluted EPS": 0.19,
        "Total Revenue": 117,
        "Gross Profit": 44,
        "Operating Income": 20,
        "EBIT": 23,
        "Net Income": 11
    },
    "2021-09-30": {
        "Diluted EPS": -0.04,
        "Total Revenue": 73,
        "Gross Profit": 25,
        "Operating Income": 2,
        "EBIT": 5,
        "Net Income": -2
    },
    "2021-06-30": {
        "Diluted EPS": 0.38,
        "Total Revenue": 92,
        "Gross Profit": 31,
        "Operating Income": 22,
        "EBIT": 25,
        "Net Income": 17
    },
    "2021-03-31": {
        "Diluted EPS": 0.23,
        "Total Revenue": 58,
        "Gross Profit": 20,
        "Operating Income": 13,
        "EBIT": 17,
        "Net Income": 10
    },
    "2020-12-31": {
        "Diluted EPS": -204.44,
        "Total Revenue": 49,
        "Gross Profit": 13,
        "Operating Income": 0,
        "EBIT": 4,
        "Net Income": 0
    },
    "2020-09-30": {
        "Diluted EPS": 397.7,
        "Total Revenue": 57,
        "Gross Profit": 27,
        "Operating Income": 19,
        "EBIT": 25,
        "Net Income": 15
    },
    "2020-06-30": {
        "Diluted EPS": -214.48,
        "Total Revenue": 45,
        "Gross Profit": -2,
        "Operating Income": -10,
        "EBIT": -3,
        "Net Income": -8
    },
    "2020-03-31": {
        "Diluted EPS": 28.61,
        "Total Revenue": 57,
        "Gross Profit": 15,
        "Operating Income": 2,
        "EBIT": 10,
        "Net Income": 1
    },
    "2019-12-31": {
        "Diluted EPS": -516.83,
        "Total Revenue": NaN,
        "Gross Profit": NaN,
        "Operating Income": -281,
        "EBIT": -281,
        "Net Income": -20
    },
    "2019-09-30": {
        "Diluted EPS": -0.12,
        "Total Revenue": NaN,
        "Gross Profit": NaN,
        "Operating Income": -1,
        "EBIT": -1,
        "Net Income": 0
    },
    "2019-06-30": {
        "Diluted EPS": -0.02,
        "Total Revenue": NaN,
        "Gross Profit": NaN,
        "Operating Income": 0,
        "EBIT": 0,
        "Net Income": 1
    },
    "2019-03-31": {
        "Diluted EPS": -0.01,
        "Total Revenue": NaN,
        "Gross Profit": NaN,
        "Operating Income": 0,
        "EBIT": 0,
        "Net Income": 0
    },
    "2018-12-31": {
        "Diluted EPS": 0.0,
        "Total Revenue": NaN,
        "Gross Profit": NaN,
        "Operating Income": NaN,
        "EBIT": NaN,
        "Net Income": NaN
    },
    "2023-06-30": {
        "Tax Effect Of Unusual Items": NaN,
        "Tax Rate For Calcs": NaN,
        "Normalized EBITDA": NaN,
        "Total Unusual Items": NaN,
        "Total Unusual Items Excluding Goodwill": NaN,
        "Net Income From Continuing Operation Net Minority Interest": NaN,
        "Reconciled Depreciation": NaN,
        "Reconciled Cost Of Revenue": NaN,
        "EBITDA": NaN,
        "EBIT": NaN,
        "Net Interest Income": NaN,
        "Normalized Income": NaN,
        "Net Income From Continuing And Discontinued Operation": NaN,
        "Total Expenses": NaN,
        "Total Operating Income As Reported": NaN,
        "Diluted Average Shares": NaN,
        "Basic Average Shares": NaN,
        "Diluted EPS": NaN,
        "Basic EPS": NaN,
        "Diluted NI Availto Com Stockholders": NaN,
        "Average Dilution Earnings": -1393000.0,
        "Net Income Common Stockholders": NaN,
        "Net Income": NaN,
        "Net Income Including Noncontrolling Interests": NaN,
        "Net Income Continuous Operations": NaN,
        "Tax Provision": NaN,
        "Pretax Income": NaN,
        "Other Income Expense": NaN,
        "Other Non Operating Income Expenses": NaN,
        "Gain On Sale Of Security": NaN,
        "Net Non Operating Interest Income Expense": NaN,
        "Total Other Finance Cost": NaN,
        "Operating Income": NaN,
        "Operating Expense": NaN,
        "Selling General And Administration": NaN,
        "Gross Profit": NaN,
        "Cost Of Revenue": NaN,
        "Total Revenue": NaN,
        "Operating Revenue": NaN
    },
    "2023-09-30": {
        "Tax Effect Of Unusual Items": -11550.0,
        "Tax Rate For Calcs": 0.21,
        "Normalized EBITDA": 730000.0,
        "Total Unusual Items": -55000.0,
        "Total Unusual Items Excluding Goodwill": -55000.0,
        "Net Income From Continuing Operation Net Minority Interest": -148000.0,
        "Reconciled Depreciation": 2604000.0,
        "Reconciled Cost Of Revenue": 69010000.0,
        "EBITDA": 675000.0,
        "EBIT": -1929000.0,
        "Net Interest Income": -250000.0,
        "Normalized Income": -104550.0,
        "Net Income From Continuing And Discontinued Operation": -148000.0,
        "Total Expenses": 94413000.0,
        "Total Operating Income As Reported": -1929000.0,
        "Diluted Average Shares": 51321026.0,
        "Basic Average Shares": 51321026.0,
        "Diluted EPS": -0.002884,
        "Basic EPS": -0.002884,
        "Diluted NI Availto Com Stockholders": -148000.0,
        "Average Dilution Earnings": 0.0,
        "Net Income Common Stockholders": -148000.0,
        "Net Income": -148000.0,
        "Net Income Including Noncontrolling Interests": -148000.0,
        "Net Income Continuous Operations": -148000.0,
        "Tax Provision": -1959000.0,
        "Pretax Income": -2107000.0,
        "Other Income Expense": 72000.0,
        "Other Non Operating Income Expenses": 127000.0,
        "Gain On Sale Of Security": -55000.0,
        "Net Non Operating Interest Income Expense": -250000.0,
        "Total Other Finance Cost": 250000.0,
        "Operating Income": -1929000.0,
        "Operating Expense": 25403000.0,
        "Selling General And Administration": 25403000.0,
        "Gross Profit": 23474000.0,
        "Cost Of Revenue": 69010000.0,
        "Total Revenue": 92484000.0,
        "Operating Revenue": 92484000.0
    },
    "2023-12-31": {
        "Tax Effect Of Unusual Items": 265860.0,
        "Tax Rate For Calcs": 0.21,
        "Normalized EBITDA": 630000.0,
        "Total Unusual Items": 1266000.0,
        "Total Unusual Items Excluding Goodwill": 1266000.0,
        "Net Income From Continuing Operation Net Minority Interest": -2732000.0,
        "Reconciled Depreciation": 2947000.0,
        "Reconciled Cost Of Revenue": 70006000.0,
        "EBITDA": 1896000.0,
        "EBIT": -1051000.0,
        "Net Interest Income": -1023000.0,
        "Normalized Income": -3732140.0,
        "Net Income From Continuing And Discontinued Operation": -2732000.0,
        "Total Expenses": 95473000.0,
        "Total Operating Income As Reported": -1051000.0,
        "Diluted Average Shares": 51536593.0,
        "Basic Average Shares": 51407116.0,
        "Diluted EPS": -0.05,
        "Basic EPS": -0.05,
        "Diluted NI Availto Com Stockholders": -5002000.0,
        "Average Dilution Earnings": NaN,
        "Net Income Common Stockholders": -2732000.0,
        "Net Income": -2732000.0,
        "Net Income Including Noncontrolling Interests": -2732000.0,
        "Net Income Continuous Operations": -2732000.0,
        "Tax Provision": 2092000.0,
        "Pretax Income": -640000.0,
        "Other Income Expense": 1434000.0,
        "Other Non Operating Income Expenses": 168000.0,
        "Gain On Sale Of Security": 1266000.0,
        "Net Non Operating Interest Income Expense": -1023000.0,
        "Total Other Finance Cost": 1023000.0,
        "Operating Income": -1051000.0,
        "Operating Expense": 25467000.0,
        "Selling General And Administration": 25467000.0,
        "Gross Profit": 24416000.0,
        "Cost Of Revenue": 70006000.0,
        "Total Revenue": 94422000.0,
        "Operating Revenue": 94422000.0
    },
    "2024-03-31": {
        "Tax Effect Of Unusual Items": 415590.0,
        "Tax Rate For Calcs": 0.21,
        "Normalized EBITDA": 5503000.0,
        "Total Unusual Items": 1979000.0,
        "Total Unusual Items Excluding Goodwill": 1979000.0,
        "Net Income From Continuing Operation Net Minority Interest": 6277000.0,
        "Reconciled Depreciation": 2819000.0,
        "Reconciled Cost Of Revenue": 61744000.0,
        "EBITDA": 7482000.0,
        "EBIT": 4663000.0,
        "Net Interest Income": -935000.0,
        "Normalized Income": 4713590.0,
        "Net Income From Continuing And Discontinued Operation": 6277000.0,
        "Total Expenses": 85877000.0,
        "Total Operating Income As Reported": 4663000.0,
        "Diluted Average Shares": 53247979.0,
        "Basic Average Shares": 52991506.0,
        "Diluted EPS": 0.12,
        "Basic EPS": 0.12,
        "Diluted NI Availto Com Stockholders": 6277000.0,
        "Average Dilution Earnings": NaN,
        "Net Income Common Stockholders": 6277000.0,
        "Net Income": 6277000.0,
        "Net Income Including Noncontrolling Interests": 6277000.0,
        "Net Income Continuous Operations": 6277000.0,
        "Tax Provision": -401000.0,
        "Pretax Income": 5876000.0,
        "Other Income Expense": 2148000.0,
        "Other Non Operating Income Expenses": 169000.0,
        "Gain On Sale Of Security": 1979000.0,
        "Net Non Operating Interest Income Expense": -935000.0,
        "Total Other Finance Cost": 935000.0,
        "Operating Income": 4663000.0,
        "Operating Expense": 24133000.0,
        "Selling General And Administration": 24133000.0,
        "Gross Profit": 28796000.0,
        "Cost Of Revenue": 61744000.0,
        "Total Revenue": 90540000.0,
        "Operating Revenue": 90540000.0
    },
    "2024-06-30": {
        "Tax Effect Of Unusual Items": 28980.0,
        "Tax Rate For Calcs": 0.21,
        "Normalized EBITDA": 1704000.0,
        "Total Unusual Items": 138000.0,
        "Total Unusual Items Excluding Goodwill": 138000.0,
        "Net Income From Continuing Operation Net Minority Interest": -3637000.0,
        "Reconciled Depreciation": 3694000.0,
        "Reconciled Cost Of Revenue": 55381000.0,
        "EBITDA": 1842000.0,
        "EBIT": -1852000.0,
        "Net Interest Income": -1528000.0,
        "Normalized Income": -3746020.0,
        "Net Income From Continuing And Discontinued Operation": -3637000.0,
        "Total Expenses": 78953000.0,
        "Total Operating Income As Reported": -1852000.0,
        "Diluted Average Shares": 53029359.0,
        "Basic Average Shares": 53029359.0,
        "Diluted EPS": -0.07,
        "Basic EPS": -0.07,
        "Diluted NI Availto Com Stockholders": -3637000.0,
        "Average Dilution Earnings": NaN,
        "Net Income Common Stockholders": -3637000.0,
        "Net Income": -3637000.0,
        "Net Income Including Noncontrolling Interests": -3637000.0,
        "Net Income Continuous Operations": -3637000.0,
        "Tax Provision": 497000.0,
        "Pretax Income": -3140000.0,
        "Other Income Expense": 240000.0,
        "Other Non Operating Income Expenses": 102000.0,
        "Gain On Sale Of Security": 138000.0,
        "Net Non Operating Interest Income Expense": -1528000.0,
        "Total Other Finance Cost": 1528000.0,
        "Operating Income": -1852000.0,
        "Operating Expense": 23572000.0,
        "Selling General And Administration": 23572000.0,
        "Gross Profit": 21720000.0,
        "Cost Of Revenue": 55381000.0,
        "Total Revenue": 77101000.0,
        "Operating Revenue": 77101000.0
    },
    "2024-09-30": {
        "Tax Effect Of Unusual Items": 30695.059625,
        "Tax Rate For Calcs": 0.132879,
        "Normalized EBITDA": 6308000.0,
        "Total Unusual Items": 231000.0,
        "Total Unusual Items Excluding Goodwill": 231000.0,
        "Net Income From Continuing Operation Net Minority Interest": 509000.0,
        "Reconciled Depreciation": 4543000.0,
        "Reconciled Cost Of Revenue": 59009000.0,
        "EBITDA": 6539000.0,
        "EBIT": 1996000.0,
        "Net Interest Income": -1768000.0,
        "Normalized Income": 308695.059625,
        "Net Income From Continuing And Discontinued Operation": 509000.0,
        "Total Expenses": 80688000.0,
        "Total Operating Income As Reported": 1996000.0,
        "Diluted Average Shares": 53385111.0,
        "Basic Average Shares": 53208538.0,
        "Diluted EPS": 0.01,
        "Basic EPS": 0.01,
        "Diluted NI Availto Com Stockholders": 509000.0,
        "Average Dilution Earnings": 0.0,
        "Net Income Common Stockholders": 509000.0,
        "Net Income": 509000.0,
        "Net Income Including Noncontrolling Interests": 509000.0,
        "Net Income Continuous Operations": 509000.0,
        "Tax Provision": 78000.0,
        "Pretax Income": 587000.0,
        "Other Income Expense": 359000.0,
        "Other Non Operating Income Expenses": 128000.0,
        "Gain On Sale Of Security": 231000.0,
        "Net Non Operating Interest Income Expense": -1768000.0,
        "Total Other Finance Cost": 1768000.0,
        "Operating Income": 1996000.0,
        "Operating Expense": 21679000.0,
        "Selling General And Administration": 21679000.0,
        "Gross Profit": 23675000.0,
        "Cost Of Revenue": 59009000.0,
        "Total Revenue": 82684000.0,
        "Operating Revenue": 82684000.0
    }
}