{
    "2023-03-31": {
        "Tax Effect Of Unusual Items": 0.0,
        "Tax Rate For Calcs": 0.0,
        "Normalized EBITDA": -13817000.0,
        "Total Unusual Items": 0.0,
        "Total Unusual Items Excluding Goodwill": 0.0,
        "Net Income From Continuing Operation Net Minority Interest": -16796000.0,
        "Reconciled Depreciation": 2704000.0,
        "Reconciled Cost Of Revenue": 40500000.0,
        "EBITDA": -13817000.0,
        "EBIT": -16521000.0,
        "Net Interest Income": 2112000.0,
        "Interest Expense": 275000.0,
        "Interest Income": 2387000.0,
        "Normalized Income": -16796000.0,
        "Net Income From Continuing And Discontinued Operation": -16796000.0,
        "Total Expenses": 64494000.0,
        "Total Operating Income As Reported": -18908000.0,
        "Diluted Average Shares": 69162739.0,
        "Basic Average Shares": 69162739.0,
        "Diluted EPS": -0.24,
        "Basic EPS": -0.24,
        "Diluted NI Availto Com Stockholders": -16796000.0,
        "Net Income Common Stockholders": -16796000.0,
        "Net Income": -16796000.0,
        "Net Income Including Noncontrolling Interests": -16796000.0,
        "Net Income Continuous Operations": -16796000.0,
        "Tax Provision": 0.0,
        "Pretax Income": -16796000.0,
        "Other Income Expense": NaN,
        "Other Non Operating Income Expenses": NaN,
        "Special Income Charges": 0.0,
        "Impairment Of Capital Assets": 0.0,
        "Net Non Operating Interest Income Expense": 2112000.0,
        "Interest Expense Non Operating": 275000.0,
        "Interest Income Non Operating": 2387000.0,
        "Operating Income": -18908000.0,
        "Operating Expense": 23994000.0,
        "Research And Development": 4099000.0,
        "Selling General And Administration": 19895000.0,
        "Selling And Marketing Expense": 7713000.0,
        "General And Administrative Expense": 12182000.0,
        "Other Gand A": 12182000.0,
        "Gross Profit": 5086000.0,
        "Cost Of Revenue": 40500000.0,
        "Total Revenue": 45586000.0,
        "Operating Revenue": 45586000.0
    },
    "2022-12-31": {
        "Tax Effect Of Unusual Items": 0.0,
        "Tax Rate For Calcs": 0.0,
        "Normalized EBITDA": -6072000.0,
        "Total Unusual Items": 0.0,
        "Total Unusual Items Excluding Goodwill": 0.0,
        "Net Income From Continuing Operation Net Minority Interest": -9609000.0,
        "Reconciled Depreciation": 2530000.0,
        "Reconciled Cost Of Revenue": 45277000.0,
        "EBITDA": -6072000.0,
        "EBIT": -8602000.0,
        "Net Interest Income": 57000.0,
        "Interest Expense": 1007000.0,
        "Interest Income": 1064000.0,
        "Normalized Income": -9609000.0,
        "Net Income From Continuing And Discontinued Operation": -9609000.0,
        "Total Expenses": 69277000.0,
        "Total Operating Income As Reported": -9666000.0,
        "Diluted Average Shares": 49200713.0,
        "Basic Average Shares": 49200713.0,
        "Diluted EPS": -0.2,
        "Basic EPS": -0.2,
        "Diluted NI Availto Com Stockholders": -9609000.0,
        "Net Income Common Stockholders": -9609000.0,
        "Net Income": -9609000.0,
        "Net Income Including Noncontrolling Interests": -9609000.0,
        "Net Income Continuous Operations": -9609000.0,
        "Pretax Income": -9609000.0,
        "Other Income Expense": NaN,
        "Other Non Operating Income Expenses": NaN,
        "Special Income Charges": 0.0,
        "Net Non Operating Interest Income Expense": 57000.0,
        "Interest Expense Non Operating": 1007000.0,
        "Interest Income Non Operating": 1064000.0,
        "Operating Income": -9666000.0,
        "Operating Expense": 24000000.0,
        "Research And Development": 4197000.0,
        "Selling General And Administration": 19803000.0,
        "Selling And Marketing Expense": 7848000.0,
        "General And Administrative Expense": 11955000.0,
        "Other Gand A": 11955000.0,
        "Gross Profit": 14334000.0,
        "Cost Of Revenue": 45277000.0,
        "Total Revenue": 59611000.0,
        "Operating Revenue": 59611000.0
    },
    "2022-09-30": {
        "Tax Effect Of Unusual Items": 0.0,
        "Tax Rate For Calcs": 0.0,
        "Normalized EBITDA": -27861000.0,
        "Total Unusual Items": 0.0,
        "Total Unusual Items Excluding Goodwill": 0.0,
        "Net Income From Continuing Operation Net Minority Interest": -29595000.0,
        "Reconciled Depreciation": 2531000.0,
        "Reconciled Cost Of Revenue": 43065000.0,
        "EBITDA": -27861000.0,
        "EBIT": -27861000.0,
        "Net Interest Income": -1286000.0,
        "Interest Expense": 1734000.0,
        "Interest Income": 448000.0,
        "Normalized Income": -29595000.0,
        "Net Income From Continuing And Discontinued Operation": -29595000.0,
        "Total Expenses": 65015000.0,
        "Total Operating Income As Reported": -28309000.0,
        "Diluted Average Shares": 39533695.0,
        "Basic Average Shares": 39533695.0,
        "Diluted EPS": -0.75,
        "Basic EPS": -0.75,
        "Diluted NI Availto Com Stockholders": -29595000.0,
        "Net Income Common Stockholders": -29595000.0,
        "Net Income": -29595000.0,
        "Net Income Including Noncontrolling Interests": -29595000.0,
        "Net Income Continuous Operations": -29595000.0,
        "Pretax Income": -29595000.0,
        "Other Income Expense": NaN,
        "Other Non Operating Income Expenses": NaN,
        "Special Income Charges": 0.0,
        "Net Non Operating Interest Income Expense": -1286000.0,
        "Interest Expense Non Operating": 1734000.0,
        "Interest Income Non Operating": 448000.0,
        "Operating Income": -28309000.0,
        "Operating Expense": 21950000.0,
        "Research And Development": 4694000.0,
        "Selling General And Administration": 17256000.0,
        "Selling And Marketing Expense": 7293000.0,
        "General And Administrative Expense": 9963000.0,
        "Other Gand A": 9963000.0,
        "Gross Profit": -6359000.0,
        "Cost Of Revenue": 43065000.0,
        "Total Revenue": 36706000.0,
        "Operating Revenue": 36706000.0
    },
    "2022-06-30": {
        "Tax Effect Of Unusual Items": 0.0,
        "Tax Rate For Calcs": 0.0,
        "Normalized EBITDA": -22500000.0,
        "Total Unusual Items": NaN,
        "Total Unusual Items Excluding Goodwill": NaN,
        "Net Income From Continuing Operation Net Minority Interest": -24050000.0,
        "Reconciled Depreciation": 2033000.0,
        "Reconciled Cost Of Revenue": 46851000.0,
        "EBITDA": -22500000.0,
        "EBIT": -22500000.0,
        "Net Interest Income": -1404000.0,
        "Interest Expense": 1550000.0,
        "Interest Income": 146000.0,
        "Normalized Income": -24050000.0,
        "Net Income From Continuing And Discontinued Operation": -24050000.0,
        "Total Expenses": 68286000.0,
        "Total Operating Income As Reported": -22646000.0,
        "Diluted Average Shares": 35207975.0,
        "Basic Average Shares": 35207975.0,
        "Diluted EPS": -0.68,
        "Basic EPS": -0.68,
        "Diluted NI Availto Com Stockholders": -24050000.0,
        "Net Income Common Stockholders": -24050000.0,
        "Net Income": -24050000.0,
        "Net Income Including Noncontrolling Interests": -24050000.0,
        "Net Income Continuous Operations": -24050000.0,
        "Pretax Income": -24050000.0,
        "Special Income Charges": NaN,
        "Net Non Operating Interest Income Expense": -1404000.0,
        "Interest Expense Non Operating": 1550000.0,
        "Interest Income Non Operating": 146000.0,
        "Operating Income": -22646000.0,
        "Operating Expense": 21435000.0,
        "Research And Development": 4447000.0,
        "Selling General And Administration": 16988000.0,
        "Selling And Marketing Expense": 7633000.0,
        "General And Administrative Expense": 9355000.0,
        "Other Gand A": 9355000.0,
        "Gross Profit": -1211000.0,
        "Cost Of Revenue": 46851000.0,
        "Total Revenue": 45640000.0,
        "Operating Revenue": 45640000.0
    },
    "2023-06-30": {
        "Tax Effect Of Unusual Items": 0.0,
        "Tax Rate For Calcs": 0.0,
        "Normalized EBITDA": -11709000.0,
        "Total Unusual Items": NaN,
        "Total Unusual Items Excluding Goodwill": NaN,
        "Net Income From Continuing Operation Net Minority Interest": -15423000.0,
        "Reconciled Depreciation": 3503000.0,
        "Reconciled Cost Of Revenue": 39751000.0,
        "EBITDA": -11709000.0,
        "EBIT": -15212000.0,
        "Net Interest Income": 1621000.0,
        "Interest Expense": 211000.0,
        "Interest Income": 1832000.0,
        "Normalized Income": -15423000.0,
        "Net Income From Continuing And Discontinued Operation": -15423000.0,
        "Total Expenses": 65202000.0,
        "Total Operating Income As Reported": -17044000.0,
        "Diluted Average Shares": 69249281.0,
        "Basic Average Shares": 69249281.0,
        "Diluted EPS": -0.22,
        "Basic EPS": -0.22,
        "Diluted NI Availto Com Stockholders": -15423000.0,
        "Net Income Common Stockholders": -15423000.0,
        "Net Income": -15423000.0,
        "Net Income Including Noncontrolling Interests": -15423000.0,
        "Net Income Continuous Operations": -15423000.0,
        "Tax Provision": NaN,
        "Pretax Income": -15423000.0,
        "Other Income Expense": NaN,
        "Other Non Operating Income Expenses": NaN,
        "Special Income Charges": NaN,
        "Impairment Of Capital Assets": NaN,
        "Net Non Operating Interest Income Expense": 1621000.0,
        "Interest Expense Non Operating": 211000.0,
        "Interest Income Non Operating": 1832000.0,
        "Operating Income": -17044000.0,
        "Operating Expense": 25451000.0,
        "Research And Development": 3964000.0,
        "Selling General And Administration": 21487000.0,
        "Selling And Marketing Expense": 8127000.0,
        "General And Administrative Expense": 13360000.0,
        "Other Gand A": 13360000.0,
        "Gross Profit": 8407000.0,
        "Cost Of Revenue": 39751000.0,
        "Total Revenue": 48158000.0,
        "Operating Revenue": 48158000.0
    },
    "2022-03-31": {
        "Diluted EPS": -0.59,
        "Total Revenue": 38,
        "Gross Profit": -2,
        "Operating Income": -19,
        "EBIT": -16,
        "Net Income": -19
    },
    "2021-12-31": {
        "Diluted EPS": -0.53,
        "Total Revenue": 31,
        "Gross Profit": -2,
        "Operating Income": -16,
        "EBIT": -14,
        "Net Income": -16
    },
    "2021-09-30": {
        "Diluted EPS": -0.24,
        "Total Revenue": 30,
        "Gross Profit": 3,
        "Operating Income": -11,
        "EBIT": -9,
        "Net Income": -8
    },
    "2021-06-30": {
        "Diluted EPS": -0.23,
        "Total Revenue": 32,
        "Gross Profit": 5,
        "Operating Income": -7,
        "EBIT": -5,
        "Net Income": -7
    },
    "2021-03-31": {
        "Diluted EPS": -0.22,
        "Total Revenue": 28,
        "Gross Profit": 4,
        "Operating Income": -6,
        "EBIT": -4,
        "Net Income": -6
    },
    "2020-12-31": {
        "Diluted EPS": -0.24,
        "Total Revenue": 23,
        "Gross Profit": 4,
        "Operating Income": -6,
        "EBIT": -4,
        "Net Income": -6
    },
    "2020-09-30": {
        "Diluted EPS": -0.25,
        "Total Revenue": 24,
        "Gross Profit": 2,
        "Operating Income": -7,
        "EBIT": -4,
        "Net Income": -7
    },
    "2020-06-30": {
        "Diluted EPS": -0.21,
        "Total Revenue": 25,
        "Gross Profit": 3,
        "Operating Income": -6,
        "EBIT": -3,
        "Net Income": -6
    },
    "2020-03-31": {
        "Diluted EPS": -0.13,
        "Total Revenue": 28,
        "Gross Profit": 6,
        "Operating Income": -3,
        "EBIT": -1,
        "Net Income": -3
    },
    "2019-12-31": {
        "Diluted EPS": -0.04,
        "Total Revenue": 47,
        "Gross Profit": 11,
        "Operating Income": -1,
        "EBIT": 2,
        "Net Income": -1
    },
    "2019-09-30": {
        "Diluted EPS": -0.09,
        "Total Revenue": 35,
        "Gross Profit": 8,
        "Operating Income": -2,
        "EBIT": 0,
        "Net Income": -2
    },
    "2019-06-30": {
        "Diluted EPS": -0.22,
        "Total Revenue": 30,
        "Gross Profit": 4,
        "Operating Income": -5,
        "EBIT": -3,
        "Net Income": -5
    },
    "2019-03-31": {
        "Diluted EPS": -0.25,
        "Total Revenue": 28,
        "Gross Profit": 4,
        "Operating Income": -6,
        "EBIT": -3,
        "Net Income": -6
    },
    "2018-12-31": {
        "Diluted EPS": -0.6,
        "Total Revenue": 36,
        "Gross Profit": 6,
        "Operating Income": -14,
        "EBIT": -11,
        "Net Income": -14
    },
    "2018-09-30": {
        "Diluted EPS": -0.27,
        "Total Revenue": 24,
        "Gross Profit": 2,
        "Operating Income": -6,
        "EBIT": -4,
        "Net Income": -7
    },
    "2018-06-30": {
        "Diluted EPS": -0.29,
        "Total Revenue": 22,
        "Gross Profit": 3,
        "Operating Income": -7,
        "EBIT": -4,
        "Net Income": -7
    },
    "2018-03-31": {
        "Diluted EPS": -0.29,
        "Total Revenue": 23,
        "Gross Profit": 3,
        "Operating Income": -7,
        "EBIT": -4,
        "Net Income": -7
    },
    "2017-12-31": {
        "Diluted EPS": -0.08,
        "Total Revenue": 36,
        "Gross Profit": 8,
        "Operating Income": -2,
        "EBIT": 1,
        "Net Income": -2
    },
    "2017-09-30": {
        "Diluted EPS": -0.13,
        "Total Revenue": 27,
        "Gross Profit": 5,
        "Operating Income": -3,
        "EBIT": 0,
        "Net Income": -3
    },
    "2017-06-30": {
        "Diluted EPS": -0.23,
        "Total Revenue": 25,
        "Gross Profit": 4,
        "Operating Income": -5,
        "EBIT": -3,
        "Net Income": -5
    },
    "2017-03-31": {
        "Diluted EPS": -0.39,
        "Total Revenue": 23,
        "Gross Profit": 2,
        "Operating Income": -9,
        "EBIT": -6,
        "Net Income": -9
    },
    "2016-12-31": {
        "Diluted EPS": -0.25,
        "Total Revenue": 28,
        "Gross Profit": 4,
        "Operating Income": -6,
        "EBIT": -3,
        "Net Income": -6
    },
    "2016-09-30": {
        "Diluted EPS": -0.13,
        "Total Revenue": 30,
        "Gross Profit": 6,
        "Operating Income": -2,
        "EBIT": 0,
        "Net Income": -3
    },
    "2016-06-30": {
        "Diluted EPS": -0.06,
        "Total Revenue": 28,
        "Gross Profit": 7,
        "Operating Income": -1,
        "EBIT": 1,
        "Net Income": -1
    },
    "2016-03-31": {
        "Diluted EPS": -0.08,
        "Total Revenue": 33,
        "Gross Profit": 7,
        "Operating Income": -2,
        "EBIT": 1,
        "Net Income": -2
    },
    "2015-12-31": {
        "Diluted EPS": 0.07,
        "Total Revenue": 37,
        "Gross Profit": 10,
        "Operating Income": 2,
        "EBIT": 4,
        "Net Income": 2
    },
    "2015-09-30": {
        "Diluted EPS": -0.11,
        "Total Revenue": 32,
        "Gross Profit": 5,
        "Operating Income": -2,
        "EBIT": 0,
        "Net Income": -3
    },
    "2015-06-30": {
        "Diluted EPS": -0.12,
        "Total Revenue": 30,
        "Gross Profit": 5,
        "Operating Income": -3,
        "EBIT": 0,
        "Net Income": -3
    },
    "2015-03-31": {
        "Diluted EPS": -0.12,
        "Total Revenue": 24,
        "Gross Profit": 5,
        "Operating Income": -3,
        "EBIT": -1,
        "Net Income": -3
    },
    "2014-12-31": {
        "Diluted EPS": NaN,
        "Total Revenue": 28,
        "Gross Profit": 5,
        "Operating Income": -3,
        "EBIT": 0,
        "Net Income": -3
    },
    "2014-09-30": {
        "Diluted EPS": -0.1,
        "Total Revenue": 25,
        "Gross Profit": 5,
        "Operating Income": -2,
        "EBIT": 0,
        "Net Income": -2
    },
    "2014-06-30": {
        "Diluted EPS": -13.88,
        "Total Revenue": 27,
        "Gross Profit": 3,
        "Operating Income": -8,
        "EBIT": -6,
        "Net Income": -42
    },
    "2014-03-31": {
        "Diluted EPS": NaN,
        "Total Revenue": 22,
        "Gross Profit": 3,
        "Operating Income": -3,
        "EBIT": 0,
        "Net Income": -19
    },
    "2013-12-31": {
        "Diluted EPS": 0.0,
        "Total Revenue": NaN,
        "Gross Profit": NaN,
        "Operating Income": NaN,
        "EBIT": NaN,
        "Net Income": NaN
    },
    "2013-09-30": {
        "Diluted EPS": NaN,
        "Total Revenue": 22,
        "Gross Profit": 4,
        "Operating Income": -5,
        "EBIT": -2,
        "Net Income": -13
    },
    "2013-06-30": {
        "Diluted EPS": NaN,
        "Total Revenue": 23,
        "Gross Profit": 4,
        "Operating Income": -3,
        "EBIT": -3,
        "Net Income": -19
    },
    "2012-12-31": {
        "Diluted EPS": 0.0,
        "Total Revenue": NaN,
        "Gross Profit": NaN,
        "Operating Income": NaN,
        "EBIT": NaN,
        "Net Income": NaN
    },
    "2011-12-31": {
        "Diluted EPS": 0.0,
        "Total Revenue": NaN,
        "Gross Profit": NaN,
        "Operating Income": NaN,
        "EBIT": NaN,
        "Net Income": NaN
    },
    "2023-09-30": {
        "Tax Effect Of Unusual Items": 0.0,
        "Tax Rate For Calcs": 0.0,
        "Normalized EBITDA": -6585000.0,
        "Total Unusual Items": NaN,
        "Total Unusual Items Excluding Goodwill": NaN,
        "Net Income From Continuing Operation Net Minority Interest": -13073000.0,
        "Reconciled Depreciation": 4550000.0,
        "Reconciled Cost Of Revenue": 46945000.0,
        "EBITDA": -6585000.0,
        "EBIT": -11135000.0,
        "Net Interest Income": -625000.0,
        "Interest Expense": 1938000.0,
        "Interest Income": 1313000.0,
        "Normalized Income": -13073000.0,
        "Net Income From Continuing And Discontinued Operation": -13073000.0,
        "Total Expenses": 75389000.0,
        "Total Operating Income As Reported": -14634000.0,
        "Diluted Average Shares": 69317805.0,
        "Basic Average Shares": 69317805.0,
        "Diluted EPS": -0.19,
        "Basic EPS": -0.19,
        "Diluted NI Availto Com Stockholders": -13073000.0,
        "Net Income Common Stockholders": -13073000.0,
        "Net Income": -13073000.0,
        "Net Income Including Noncontrolling Interests": -13073000.0,
        "Net Income Continuous Operations": -13073000.0,
        "Tax Provision": NaN,
        "Pretax Income": -13073000.0,
        "Other Income Expense": 2186000.0,
        "Other Non Operating Income Expenses": 2186000.0,
        "Special Income Charges": NaN,
        "Impairment Of Capital Assets": NaN,
        "Net Non Operating Interest Income Expense": -625000.0,
        "Interest Expense Non Operating": 1938000.0,
        "Interest Income Non Operating": 1313000.0,
        "Operating Income": -14634000.0,
        "Operating Expense": 28444000.0,
        "Research And Development": 4218000.0,
        "Selling General And Administration": 24226000.0,
        "Selling And Marketing Expense": 8386000.0,
        "General And Administrative Expense": 15840000.0,
        "Other Gand A": 15840000.0,
        "Gross Profit": 13810000.0,
        "Cost Of Revenue": 46945000.0,
        "Total Revenue": 60755000.0,
        "Operating Revenue": 60755000.0
    },
    "2023-12-31": {
        "Tax Effect Of Unusual Items": 0.0,
        "Tax Rate For Calcs": 0.0,
        "Normalized EBITDA": 6946000.0,
        "Total Unusual Items": NaN,
        "Total Unusual Items Excluding Goodwill": NaN,
        "Net Income From Continuing Operation Net Minority Interest": -519000.0,
        "Reconciled Depreciation": 4561000.0,
        "Reconciled Cost Of Revenue": 54601000.0,
        "EBITDA": 6946000.0,
        "EBIT": 2385000.0,
        "Net Interest Income": -1902000.0,
        "Interest Expense": 2904000.0,
        "Interest Income": 1002000.0,
        "Normalized Income": -519000.0,
        "Net Income From Continuing And Discontinued Operation": -519000.0,
        "Total Expenses": 82836000.0,
        "Total Operating Income As Reported": 1383000.0,
        "Diluted Average Shares": 70018243.0,
        "Basic Average Shares": 70018243.0,
        "Diluted EPS": -0.01,
        "Basic EPS": -0.01,
        "Diluted NI Availto Com Stockholders": -519000.0,
        "Net Income Common Stockholders": -519000.0,
        "Net Income": -519000.0,
        "Net Income Including Noncontrolling Interests": -519000.0,
        "Net Income Continuous Operations": -519000.0,
        "Tax Provision": NaN,
        "Pretax Income": -519000.0,
        "Other Income Expense": 0.0,
        "Other Non Operating Income Expenses": 0.0,
        "Special Income Charges": NaN,
        "Impairment Of Capital Assets": NaN,
        "Net Non Operating Interest Income Expense": -1902000.0,
        "Interest Expense Non Operating": 2904000.0,
        "Interest Income Non Operating": 1002000.0,
        "Operating Income": 1383000.0,
        "Operating Expense": 28235000.0,
        "Research And Development": 4075000.0,
        "Selling General And Administration": 24160000.0,
        "Selling And Marketing Expense": 8782000.0,
        "General And Administrative Expense": 15378000.0,
        "Other Gand A": 15378000.0,
        "Gross Profit": 29618000.0,
        "Cost Of Revenue": 54601000.0,
        "Total Revenue": 84219000.0,
        "Operating Revenue": 84219000.0
    },
    "2024-03-31": {
        "Tax Effect Of Unusual Items": -1080800.0,
        "Tax Rate For Calcs": 0.4,
        "Normalized EBITDA": 10924000.0,
        "Total Unusual Items": -2702000.0,
        "Total Unusual Items Excluding Goodwill": -2702000.0,
        "Net Income From Continuing Operation Net Minority Interest": -1835000.0,
        "Reconciled Depreciation": 5786000.0,
        "Reconciled Cost Of Revenue": 59358000.0,
        "EBITDA": 8222000.0,
        "EBIT": 2436000.0,
        "Net Interest Income": -3515000.0,
        "Interest Expense": 3515000.0,
        "Interest Income": NaN,
        "Normalized Income": -213800.0,
        "Net Income From Continuing And Discontinued Operation": -1835000.0,
        "Total Expenses": 89363000.0,
        "Total Operating Income As Reported": 2436000.0,
        "Diluted Average Shares": 75762893.0,
        "Basic Average Shares": 75762893.0,
        "Diluted EPS": -0.02,
        "Basic EPS": -0.02,
        "Diluted NI Availto Com Stockholders": -1835000.0,
        "Net Income Common Stockholders": -1835000.0,
        "Net Income": -1835000.0,
        "Net Income Including Noncontrolling Interests": -1835000.0,
        "Net Income Continuous Operations": -1835000.0,
        "Tax Provision": 756000.0,
        "Pretax Income": -1079000.0,
        "Other Income Expense": -2702000.0,
        "Other Non Operating Income Expenses": NaN,
        "Special Income Charges": -2702000.0,
        "Impairment Of Capital Assets": 2702000.0,
        "Net Non Operating Interest Income Expense": -3515000.0,
        "Interest Expense Non Operating": 3515000.0,
        "Interest Income Non Operating": NaN,
        "Operating Income": 5138000.0,
        "Operating Expense": 30005000.0,
        "Research And Development": 4489000.0,
        "Selling General And Administration": 25516000.0,
        "Selling And Marketing Expense": 8303000.0,
        "General And Administrative Expense": 17213000.0,
        "Other Gand A": 17213000.0,
        "Gross Profit": 35143000.0,
        "Cost Of Revenue": 59358000.0,
        "Total Revenue": 94501000.0,
        "Operating Revenue": 94501000.0
    }
}