{
    "2023-06-30": {
        "Tax Effect Of Unusual Items": -393750.0,
        "Tax Rate For Calcs": 0.21,
        "Normalized EBITDA": -4027000.0,
        "Total Unusual Items": -1875000.0,
        "Total Unusual Items Excluding Goodwill": -1875000.0,
        "Net Income From Continuing Operation Net Minority Interest": -18850000.0,
        "Reconciled Depreciation": 2392000.0,
        "Reconciled Cost Of Revenue": 28795000.0,
        "EBITDA": -5902000.0,
        "EBIT": -8294000.0,
        "Net Interest Income": -9589000.0,
        "Interest Expense": 9904000.0,
        "Interest Income": 315000.0,
        "Normalized Income": -17368750.0,
        "Net Income From Continuing And Discontinued Operation": -18850000.0,
        "Total Expenses": 42044000.0,
        "Rent Expense Supplemental": 1216000.0,
        "Total Operating Income As Reported": -6809000.0,
        "Diluted Average Shares": 20840000.0,
        "Basic Average Shares": 20840000.0,
        "Diluted EPS": -0.9,
        "Basic EPS": -0.9,
        "Diluted NI Availto Com Stockholders": -18850000.0,
        "Net Income Common Stockholders": -18850000.0,
        "Net Income": -18850000.0,
        "Minority Interests": -13000.0,
        "Net Income Including Noncontrolling Interests": -18837000.0,
        "Net Income Continuous Operations": -18837000.0,
        "Tax Provision": 639000.0,
        "Pretax Income": -18198000.0,
        "Other Income Expense": -1800000.0,
        "Other Non Operating Income Expenses": 75000.0,
        "Special Income Charges": -101000.0,
        "Gain On Sale Of Business": NaN,
        "Other Special Charges": 101000.0,
        "Gain On Sale Of Security": -1774000.0,
        "Net Non Operating Interest Income Expense": -9589000.0,
        "Interest Expense Non Operating": 9904000.0,
        "Interest Income Non Operating": 315000.0,
        "Operating Income": -6809000.0,
        "Operating Expense": 12341000.0,
        "Depreciation Amortization Depletion Income Statement": 1484000.0,
        "Depreciation And Amortization In Income Statement": 1484000.0,
        "Amortization": 1280000.0,
        "Amortization Of Intangibles Income Statement": 1280000.0,
        "Depreciation Income Statement": 204000.0,
        "Selling General And Administration": 10857000.0,
        "Selling And Marketing Expense": 559000.0,
        "General And Administrative Expense": 10298000.0,
        "Other Gand A": 3706000.0,
        "Rent And Landing Fees": 1216000.0,
        "Salaries And Wages": 5376000.0,
        "Gross Profit": 5532000.0,
        "Cost Of Revenue": 29703000.0,
        "Total Revenue": 35235000.0,
        "Operating Revenue": 33186000.0
    },
    "2023-03-31": {
        "Tax Effect Of Unusual Items": -535080.0,
        "Tax Rate For Calcs": 0.21,
        "Normalized EBITDA": 421000.0,
        "Total Unusual Items": -2548000.0,
        "Total Unusual Items Excluding Goodwill": -2548000.0,
        "Net Income From Continuing Operation Net Minority Interest": -12947000.0,
        "Reconciled Depreciation": 2451000.0,
        "Reconciled Cost Of Revenue": 30030000.0,
        "EBITDA": -2127000.0,
        "EBIT": -4578000.0,
        "Net Interest Income": -6326000.0,
        "Interest Expense": 6760000.0,
        "Interest Income": 434000.0,
        "Normalized Income": -10934080.0,
        "Net Income From Continuing And Discontinued Operation": -12947000.0,
        "Total Expenses": 43051000.0,
        "Rent Expense Supplemental": 1442000.0,
        "Total Operating Income As Reported": -3590000.0,
        "Diluted Average Shares": 18442000.0,
        "Basic Average Shares": 18442000.0,
        "Diluted EPS": -0.7,
        "Basic EPS": -0.7,
        "Diluted NI Availto Com Stockholders": -12947000.0,
        "Net Income Common Stockholders": -12947000.0,
        "Net Income": -12947000.0,
        "Minority Interests": -80000.0,
        "Net Income Including Noncontrolling Interests": -12867000.0,
        "Net Income Continuous Operations": -12867000.0,
        "Tax Provision": 1529000.0,
        "Pretax Income": -11338000.0,
        "Other Income Expense": -1422000.0,
        "Other Non Operating Income Expenses": 1126000.0,
        "Special Income Charges": -3242000.0,
        "Gain On Sale Of Business": NaN,
        "Other Special Charges": 3242000.0,
        "Gain On Sale Of Security": 694000.0,
        "Net Non Operating Interest Income Expense": -6326000.0,
        "Interest Expense Non Operating": 6760000.0,
        "Interest Income Non Operating": 434000.0,
        "Operating Income": -3590000.0,
        "Operating Expense": 12094000.0,
        "Depreciation Amortization Depletion Income Statement": 1524000.0,
        "Depreciation And Amortization In Income Statement": 1524000.0,
        "Amortization": 1280000.0,
        "Amortization Of Intangibles Income Statement": 1280000.0,
        "Depreciation Income Statement": 244000.0,
        "Selling General And Administration": 10570000.0,
        "Selling And Marketing Expense": 382000.0,
        "General And Administrative Expense": 10188000.0,
        "Other Gand A": 2716000.0,
        "Rent And Landing Fees": 1442000.0,
        "Salaries And Wages": 6030000.0,
        "Gross Profit": 8504000.0,
        "Cost Of Revenue": 30957000.0,
        "Total Revenue": 39461000.0,
        "Operating Revenue": 37151000.0
    },
    "2022-12-31": {
        "Tax Effect Of Unusual Items": -50820.0,
        "Tax Rate For Calcs": 0.21,
        "Normalized EBITDA": -233000.0,
        "Total Unusual Items": -242000.0,
        "Total Unusual Items Excluding Goodwill": -242000.0,
        "Net Income From Continuing Operation Net Minority Interest": -11344000.0,
        "Reconciled Depreciation": 2496000.0,
        "Reconciled Cost Of Revenue": 25737000.0,
        "EBITDA": -475000.0,
        "EBIT": -2971000.0,
        "Net Interest Income": -4853000.0,
        "Interest Expense": 5200000.0,
        "Interest Income": 347000.0,
        "Normalized Income": -11152820.0,
        "Net Income From Continuing And Discontinued Operation": -11344000.0,
        "Total Expenses": 38394000.0,
        "Rent Expense Supplemental": 951000.0,
        "Total Operating Income As Reported": -3833000.0,
        "Diluted Average Shares": 16095000.0,
        "Basic Average Shares": 16095000.0,
        "Diluted EPS": -0.7,
        "Basic EPS": -0.7,
        "Diluted NI Availto Com Stockholders": -11344000.0,
        "Net Income Common Stockholders": -11344000.0,
        "Net Income": -11344000.0,
        "Minority Interests": -117000.0,
        "Net Income Including Noncontrolling Interests": -11227000.0,
        "Net Income Continuous Operations": -11227000.0,
        "Tax Provision": 3056000.0,
        "Pretax Income": -8171000.0,
        "Other Income Expense": 273000.0,
        "Other Non Operating Income Expenses": 515000.0,
        "Special Income Charges": -242000.0,
        "Gain On Sale Of Business": -242000.0,
        "Other Special Charges": NaN,
        "Gain On Sale Of Security": NaN,
        "Net Non Operating Interest Income Expense": -4853000.0,
        "Interest Expense Non Operating": 5200000.0,
        "Interest Income Non Operating": 347000.0,
        "Operating Income": -3591000.0,
        "Operating Expense": 11700000.0,
        "Depreciation Amortization Depletion Income Statement": 1539000.0,
        "Depreciation And Amortization In Income Statement": 1539000.0,
        "Amortization": 1280000.0,
        "Amortization Of Intangibles Income Statement": 1280000.0,
        "Depreciation Income Statement": 259000.0,
        "Selling General And Administration": 10161000.0,
        "Selling And Marketing Expense": 661000.0,
        "General And Administrative Expense": 9500000.0,
        "Other Gand A": 4669000.0,
        "Rent And Landing Fees": 951000.0,
        "Salaries And Wages": 3880000.0,
        "Gross Profit": 8109000.0,
        "Cost Of Revenue": 26694000.0,
        "Total Revenue": 34803000.0,
        "Operating Revenue": 32922000.0
    },
    "2022-09-30": {
        "Tax Effect Of Unusual Items": 0.0,
        "Tax Rate For Calcs": 0.01363,
        "Normalized EBITDA": -7460000.0,
        "Total Unusual Items": NaN,
        "Total Unusual Items Excluding Goodwill": NaN,
        "Net Income From Continuing Operation Net Minority Interest": -14389000.0,
        "Reconciled Depreciation": 2644000.0,
        "Reconciled Cost Of Revenue": 33308000.0,
        "EBITDA": -7460000.0,
        "EBIT": -10104000.0,
        "Net Interest Income": -4137000.0,
        "Interest Expense": 4349000.0,
        "Interest Income": 212000.0,
        "Normalized Income": -14389000.0,
        "Net Income From Continuing And Discontinued Operation": -14389000.0,
        "Total Expenses": 48943000.0,
        "Rent Expense Supplemental": 1008000.0,
        "Total Operating Income As Reported": -10563000.0,
        "Diluted Average Shares": 16087000.0,
        "Basic Average Shares": 16087000.0,
        "Diluted EPS": -0.89,
        "Basic EPS": -0.89,
        "Diluted NI Availto Com Stockholders": -14389000.0,
        "Net Income Common Stockholders": -14389000.0,
        "Net Income": -14389000.0,
        "Minority Interests": -133000.0,
        "Net Income Including Noncontrolling Interests": -14256000.0,
        "Net Income Continuous Operations": -14256000.0,
        "Tax Provision": -197000.0,
        "Pretax Income": -14453000.0,
        "Other Income Expense": 247000.0,
        "Other Non Operating Income Expenses": 247000.0,
        "Special Income Charges": NaN,
        "Gain On Sale Of Business": NaN,
        "Other Special Charges": NaN,
        "Gain On Sale Of Security": NaN,
        "Net Non Operating Interest Income Expense": -4137000.0,
        "Interest Expense Non Operating": 4349000.0,
        "Interest Income Non Operating": 212000.0,
        "Operating Income": -10563000.0,
        "Operating Expense": 14556000.0,
        "Depreciation Amortization Depletion Income Statement": 1565000.0,
        "Depreciation And Amortization In Income Statement": 1565000.0,
        "Amortization": 1281000.0,
        "Amortization Of Intangibles Income Statement": 1281000.0,
        "Depreciation Income Statement": 284000.0,
        "Selling General And Administration": 12991000.0,
        "Selling And Marketing Expense": 774000.0,
        "General And Administrative Expense": 12217000.0,
        "Other Gand A": 3821000.0,
        "Rent And Landing Fees": 1008000.0,
        "Salaries And Wages": 7388000.0,
        "Gross Profit": 3993000.0,
        "Cost Of Revenue": 34387000.0,
        "Total Revenue": 38380000.0,
        "Operating Revenue": 36423000.0
    },
    "2022-06-30": {
        "Tax Effect Of Unusual Items": 0.0,
        "Tax Rate For Calcs": 0.4,
        "Normalized EBITDA": -7493000.0,
        "Total Unusual Items": NaN,
        "Total Unusual Items Excluding Goodwill": NaN,
        "Net Income From Continuing Operation Net Minority Interest": -15495000.0,
        "Reconciled Depreciation": 2773000.0,
        "Reconciled Cost Of Revenue": 35140000.0,
        "EBITDA": -7493000.0,
        "EBIT": -10266000.0,
        "Net Interest Income": -3473000.0,
        "Interest Expense": 3534000.0,
        "Interest Income": 61000.0,
        "Normalized Income": -15495000.0,
        "Net Income From Continuing And Discontinued Operation": -15495000.0,
        "Total Expenses": 50880000.0,
        "Rent Expense Supplemental": 1417000.0,
        "Total Operating Income As Reported": -10459000.0,
        "Diluted Average Shares": 16083000.0,
        "Basic Average Shares": 16083000.0,
        "Diluted EPS": -0.96,
        "Basic EPS": -0.96,
        "Diluted NI Availto Com Stockholders": -15495000.0,
        "Net Income Common Stockholders": -15495000.0,
        "Net Income": -15495000.0,
        "Minority Interests": -174000.0,
        "Net Income Including Noncontrolling Interests": -15321000.0,
        "Net Income Continuous Operations": -15321000.0,
        "Tax Provision": 1521000.0,
        "Pretax Income": -13800000.0,
        "Other Income Expense": 132000.0,
        "Other Non Operating Income Expenses": 132000.0,
        "Special Income Charges": NaN,
        "Gain On Sale Of Business": NaN,
        "Other Special Charges": NaN,
        "Gain On Sale Of Security": NaN,
        "Net Non Operating Interest Income Expense": -3473000.0,
        "Interest Expense Non Operating": 3534000.0,
        "Interest Income Non Operating": 61000.0,
        "Operating Income": -10459000.0,
        "Operating Expense": 14525000.0,
        "Depreciation Amortization Depletion Income Statement": 1558000.0,
        "Depreciation And Amortization In Income Statement": 1558000.0,
        "Amortization": 1284000.0,
        "Amortization Of Intangibles Income Statement": 1284000.0,
        "Depreciation Income Statement": 274000.0,
        "Selling General And Administration": 12967000.0,
        "Selling And Marketing Expense": 785000.0,
        "General And Administrative Expense": 12182000.0,
        "Other Gand A": 4469000.0,
        "Rent And Landing Fees": 1417000.0,
        "Salaries And Wages": 6296000.0,
        "Gross Profit": 4066000.0,
        "Cost Of Revenue": 36355000.0,
        "Total Revenue": 40421000.0,
        "Operating Revenue": 37812000.0
    },
    "2022-03-31": {
        "Diluted EPS": -0.76,
        "Total Revenue": 40,
        "Gross Profit": 6,
        "Operating Income": -8,
        "EBIT": -4,
        "Net Income": -12
    },
    "2021-12-31": {
        "Diluted EPS": 4.46,
        "Total Revenue": 39,
        "Gross Profit": 2,
        "Operating Income": 76,
        "EBIT": 81,
        "Net Income": 71
    },
    "2021-09-30": {
        "Diluted EPS": -1.15,
        "Total Revenue": 43,
        "Gross Profit": 3,
        "Operating Income": -14,
        "EBIT": -8,
        "Net Income": -18
    },
    "2021-06-30": {
        "Diluted EPS": -1.17,
        "Total Revenue": 46,
        "Gross Profit": 2,
        "Operating Income": -15,
        "EBIT": -8,
        "Net Income": -18
    },
    "2021-03-31": {
        "Diluted EPS": -1.4,
        "Total Revenue": 50,
        "Gross Profit": 0,
        "Operating Income": -19,
        "EBIT": -12,
        "Net Income": -22
    },
    "2020-12-31": {
        "Diluted EPS": -0.46,
        "Total Revenue": 60,
        "Gross Profit": 5,
        "Operating Income": -16,
        "EBIT": -6,
        "Net Income": -7
    },
    "2020-09-30": {
        "Diluted EPS": -0.85,
        "Total Revenue": 89,
        "Gross Profit": 16,
        "Operating Income": -7,
        "EBIT": 4,
        "Net Income": -13
    },
    "2020-06-30": {
        "Diluted EPS": -2.25,
        "Total Revenue": 95,
        "Gross Profit": 13,
        "Operating Income": -18,
        "EBIT": -8,
        "Net Income": -35
    },
    "2020-03-31": {
        "Diluted EPS": -0.75,
        "Total Revenue": 121,
        "Gross Profit": 27,
        "Operating Income": -4,
        "EBIT": 7,
        "Net Income": -12
    },
    "2019-12-31": {
        "Diluted EPS": -19.14,
        "Total Revenue": 141,
        "Gross Profit": 35,
        "Operating Income": -6,
        "EBIT": 10,
        "Net Income": -306
    },
    "2019-09-30": {
        "Diluted EPS": 0.44,
        "Total Revenue": 141,
        "Gross Profit": 31,
        "Operating Income": 20,
        "EBIT": 29,
        "Net Income": 7
    },
    "2019-06-30": {
        "Diluted EPS": -0.36,
        "Total Revenue": 197,
        "Gross Profit": 44,
        "Operating Income": 5,
        "EBIT": 17,
        "Net Income": -6
    },
    "2019-03-31": {
        "Diluted EPS": -0.2,
        "Total Revenue": 170,
        "Gross Profit": 46,
        "Operating Income": -1,
        "EBIT": 18,
        "Net Income": -3
    },
    "2018-12-31": {
        "Diluted EPS": -0.66,
        "Total Revenue": 218,
        "Gross Profit": 53,
        "Operating Income": 2,
        "EBIT": 18,
        "Net Income": -11
    },
    "2018-09-30": {
        "Diluted EPS": 0.49,
        "Total Revenue": 205,
        "Gross Profit": 57,
        "Operating Income": 21,
        "EBIT": 36,
        "Net Income": 9
    },
    "2018-06-30": {
        "Diluted EPS": 0.09,
        "Total Revenue": 219,
        "Gross Profit": 55,
        "Operating Income": 12,
        "EBIT": 29,
        "Net Income": 2
    },
    "2018-03-31": {
        "Diluted EPS": -0.24,
        "Total Revenue": 197,
        "Gross Profit": 50,
        "Operating Income": 7,
        "EBIT": 23,
        "Net Income": -4
    },
    "2017-12-31": {
        "Diluted EPS": 15.33,
        "Total Revenue": 216,
        "Gross Profit": 54,
        "Operating Income": 9,
        "EBIT": 26,
        "Net Income": 286
    },
    "2017-09-30": {
        "Diluted EPS": 0.38,
        "Total Revenue": 235,
        "Gross Profit": 60,
        "Operating Income": 13,
        "EBIT": 31,
        "Net Income": 7
    },
    "2017-06-30": {
        "Diluted EPS": 0.48,
        "Total Revenue": 251,
        "Gross Profit": 65,
        "Operating Income": 13,
        "EBIT": 31,
        "Net Income": 9
    },
    "2017-03-31": {
        "Diluted EPS": 0.34,
        "Total Revenue": 240,
        "Gross Profit": 63,
        "Operating Income": 15,
        "EBIT": 34,
        "Net Income": 7
    },
    "2016-12-31": {
        "Diluted EPS": -1.02,
        "Total Revenue": 239,
        "Gross Profit": 66,
        "Operating Income": -15,
        "EBIT": 6,
        "Net Income": -20
    },
    "2016-09-30": {
        "Diluted EPS": 0.54,
        "Total Revenue": 253,
        "Gross Profit": 79,
        "Operating Income": 25,
        "EBIT": 46,
        "Net Income": 11
    },
    "2016-06-30": {
        "Diluted EPS": 1.02,
        "Total Revenue": 256,
        "Gross Profit": 81,
        "Operating Income": 27,
        "EBIT": 49,
        "Net Income": 20
    },
    "2016-03-31": {
        "Diluted EPS": 0.92,
        "Total Revenue": 250,
        "Gross Profit": 81,
        "Operating Income": 28,
        "EBIT": 50,
        "Net Income": 18
    },
    "2015-12-31": {
        "Diluted EPS": -2.2,
        "Total Revenue": 270,
        "Gross Profit": 97,
        "Operating Income": -40,
        "EBIT": -18,
        "Net Income": -45
    },
    "2015-09-30": {
        "Diluted EPS": 1.82,
        "Total Revenue": 273,
        "Gross Profit": 99,
        "Operating Income": 48,
        "EBIT": 67,
        "Net Income": 37
    },
    "2015-06-30": {
        "Diluted EPS": 2.22,
        "Total Revenue": 268,
        "Gross Profit": 100,
        "Operating Income": 56,
        "EBIT": 75,
        "Net Income": 46
    },
    "2015-03-31": {
        "Diluted EPS": 0.18,
        "Total Revenue": 240,
        "Gross Profit": 68,
        "Operating Income": 15,
        "EBIT": 33,
        "Net Income": 4
    },
    "2014-12-31": {
        "Diluted EPS": 0.05,
        "Total Revenue": 256,
        "Gross Profit": 69,
        "Operating Income": 7,
        "EBIT": -13,
        "Net Income": -2
    },
    "2014-09-30": {
        "Diluted EPS": 1.79,
        "Total Revenue": 288,
        "Gross Profit": 99,
        "Operating Income": 52,
        "EBIT": 70,
        "Net Income": 42
    },
    "2014-06-30": {
        "Diluted EPS": 2.24,
        "Total Revenue": 296,
        "Gross Profit": 112,
        "Operating Income": 63,
        "EBIT": 118,
        "Net Income": 54
    },
    "2014-03-31": {
        "Diluted EPS": 1.61,
        "Total Revenue": 239,
        "Gross Profit": 91,
        "Operating Income": 48,
        "EBIT": 64,
        "Net Income": 40
    },
    "2013-12-31": {
        "Diluted EPS": 1.42,
        "Total Revenue": 223,
        "Gross Profit": 78,
        "Operating Income": 45,
        "EBIT": 59,
        "Net Income": 36
    },
    "2013-09-30": {
        "Diluted EPS": 1.42,
        "Total Revenue": 211,
        "Gross Profit": 77,
        "Operating Income": 45,
        "EBIT": 58,
        "Net Income": 36
    },
    "2013-06-30": {
        "Diluted EPS": 1.25,
        "Total Revenue": 186,
        "Gross Profit": 69,
        "Operating Income": 39,
        "EBIT": 53,
        "Net Income": 31
    },
    "2013-03-31": {
        "Diluted EPS": 1.1,
        "Total Revenue": 149,
        "Gross Profit": 52,
        "Operating Income": 33,
        "EBIT": 39,
        "Net Income": 28
    },
    "2012-12-31": {
        "Diluted EPS": 1.2,
        "Total Revenue": 141,
        "Gross Profit": 54,
        "Operating Income": 33,
        "EBIT": 38,
        "Net Income": 30
    },
    "2012-09-30": {
        "Diluted EPS": 1.08,
        "Total Revenue": 144,
        "Gross Profit": 50,
        "Operating Income": 31,
        "EBIT": 36,
        "Net Income": 27
    },
    "2012-06-30": {
        "Diluted EPS": 1.13,
        "Total Revenue": 144,
        "Gross Profit": 51,
        "Operating Income": 32,
        "EBIT": 37,
        "Net Income": 28
    },
    "2012-03-31": {
        "Diluted EPS": 1.02,
        "Total Revenue": 139,
        "Gross Profit": 47,
        "Operating Income": 30,
        "EBIT": 34,
        "Net Income": 25
    },
    "2011-12-31": {
        "Diluted EPS": 1.01,
        "Total Revenue": 132,
        "Gross Profit": 47,
        "Operating Income": 31,
        "EBIT": 34,
        "Net Income": 26
    },
    "2011-09-30": {
        "Diluted EPS": 0.67,
        "Total Revenue": 110,
        "Gross Profit": 36,
        "Operating Income": 21,
        "EBIT": 25,
        "Net Income": 17
    },
    "2011-06-30": {
        "Diluted EPS": 0.52,
        "Total Revenue": 93,
        "Gross Profit": 30,
        "Operating Income": 16,
        "EBIT": 20,
        "Net Income": 13
    },
    "2011-03-31": {
        "Diluted EPS": 0.57,
        "Total Revenue": 89,
        "Gross Profit": 34,
        "Operating Income": 17,
        "EBIT": 21,
        "Net Income": 15
    },
    "2010-12-31": {
        "Diluted EPS": 0.64,
        "Total Revenue": 91,
        "Gross Profit": 35,
        "Operating Income": 17,
        "EBIT": 23,
        "Net Income": 17
    },
    "2010-09-30": {
        "Diluted EPS": 0.37,
        "Total Revenue": 78,
        "Gross Profit": 29,
        "Operating Income": 14,
        "EBIT": 17,
        "Net Income": 10
    },
    "2010-06-30": {
        "Diluted EPS": 0.62,
        "Total Revenue": 71,
        "Gross Profit": 27,
        "Operating Income": 14,
        "EBIT": 18,
        "Net Income": 16
    },
    "2010-03-31": {
        "Diluted EPS": 0.25,
        "Total Revenue": 61,
        "Gross Profit": 22,
        "Operating Income": 10,
        "EBIT": 12,
        "Net Income": 6
    },
    "2009-12-31": {
        "Diluted EPS": 0.24,
        "Total Revenue": 56,
        "Gross Profit": 21,
        "Operating Income": 9,
        "EBIT": 11,
        "Net Income": 6
    },
    "2009-09-30": {
        "Diluted EPS": 0.36,
        "Total Revenue": 54,
        "Gross Profit": 21,
        "Operating Income": 10,
        "EBIT": 12,
        "Net Income": 9
    },
    "2009-06-30": {
        "Diluted EPS": 0.29,
        "Total Revenue": 50,
        "Gross Profit": 19,
        "Operating Income": 11,
        "EBIT": 13,
        "Net Income": 7
    },
    "2009-03-31": {
        "Diluted EPS": 0.18,
        "Total Revenue": 43,
        "Gross Profit": 15,
        "Operating Income": 7,
        "EBIT": 9,
        "Net Income": 4
    },
    "2023-09-30": {
        "Tax Effect Of Unusual Items": 454860.0,
        "Tax Rate For Calcs": 0.21,
        "Normalized EBITDA": -785000.0,
        "Total Unusual Items": 2166000.0,
        "Total Unusual Items Excluding Goodwill": 2166000.0,
        "Net Income From Continuing Operation Net Minority Interest": -11342000.0,
        "Reconciled Depreciation": 2353000.0,
        "Reconciled Cost Of Revenue": 28152000.0,
        "EBITDA": 1381000.0,
        "EBIT": -972000.0,
        "Net Interest Income": -9628000.0,
        "Interest Expense": 9890000.0,
        "Interest Income": 262000.0,
        "Normalized Income": -13053140.0,
        "Net Income From Continuing And Discontinued Operation": -11342000.0,
        "Total Expenses": 39758000.0,
        "Rent Expense Supplemental": 1266000.0,
        "Total Operating Income As Reported": -3545000.0,
        "Diluted Average Shares": 22181000.0,
        "Basic Average Shares": 22181000.0,
        "Diluted EPS": -0.51,
        "Basic EPS": -0.51,
        "Diluted NI Availto Com Stockholders": -11342000.0,
        "Net Income Common Stockholders": -11342000.0,
        "Net Income": -11342000.0,
        "Minority Interests": -62000.0,
        "Net Income Including Noncontrolling Interests": -11280000.0,
        "Net Income Continuous Operations": -11280000.0,
        "Tax Provision": 418000.0,
        "Pretax Income": -10862000.0,
        "Other Income Expense": 2311000.0,
        "Other Non Operating Income Expenses": 145000.0,
        "Special Income Charges": -59000.0,
        "Gain On Sale Of Business": NaN,
        "Other Special Charges": 59000.0,
        "Gain On Sale Of Security": 2225000.0,
        "Net Non Operating Interest Income Expense": -9628000.0,
        "Interest Expense Non Operating": 9890000.0,
        "Interest Income Non Operating": 262000.0,
        "Operating Income": -3545000.0,
        "Operating Expense": 10734000.0,
        "Depreciation Amortization Depletion Income Statement": 1481000.0,
        "Depreciation And Amortization In Income Statement": 1481000.0,
        "Amortization": 1352000.0,
        "Amortization Of Intangibles Income Statement": 1352000.0,
        "Depreciation Income Statement": 129000.0,
        "Selling General And Administration": 9253000.0,
        "Selling And Marketing Expense": 440000.0,
        "General And Administrative Expense": 8813000.0,
        "Other Gand A": 2641000.0,
        "Rent And Landing Fees": 1266000.0,
        "Salaries And Wages": 4906000.0,
        "Gross Profit": 7189000.0,
        "Cost Of Revenue": 29024000.0,
        "Total Revenue": 36213000.0,
        "Operating Revenue": 34174000.0
    }
}