{
    "2023-03-31": {
        "Tax Effect Of Unusual Items": -3455959.0,
        "Tax Rate For Calcs": 0.377,
        "Normalized EBITDA": 11032000.0,
        "Total Unusual Items": -9167000.0,
        "Total Unusual Items Excluding Goodwill": -9167000.0,
        "Net Income From Continuing Operation Net Minority Interest": -3484000.0,
        "Reconciled Depreciation": 6484000.0,
        "Reconciled Cost Of Revenue": 5267000.0,
        "EBITDA": 1865000.0,
        "EBIT": -4619000.0,
        "Net Interest Income": -11040000.0,
        "Interest Expense": 975000.0,
        "Normalized Income": 2227041.0,
        "Net Income From Continuing And Discontinued Operation": -3484000.0,
        "Total Expenses": 28655000.0,
        "Total Operating Income As Reported": 4644000.0,
        "Diluted NI Availto Com Stockholders": -3484000.0,
        "Net Income Common Stockholders": -3484000.0,
        "Net Income": -3484000.0,
        "Net Income Including Noncontrolling Interests": -3484000.0,
        "Net Income Continuous Operations": -3484000.0,
        "Tax Provision": -2110000.0,
        "Pretax Income": -5594000.0,
        "Other Income Expense": -8365000.0,
        "Other Non Operating Income Expenses": 802000.0,
        "Special Income Charges": -9167000.0,
        "Impairment Of Capital Assets": NaN,
        "Restructuring And Mergern Acquisition": 9167000.0,
        "Net Non Operating Interest Income Expense": -11040000.0,
        "Total Other Finance Cost": 10065000.0,
        "Interest Expense Non Operating": 975000.0,
        "Operating Income": 13811000.0,
        "Operating Expense": 23188000.0,
        "Depreciation Amortization Depletion Income Statement": 6284000.0,
        "Depreciation And Amortization In Income Statement": 6284000.0,
        "Amortization": 6284000.0,
        "Amortization Of Intangibles Income Statement": 6284000.0,
        "Research And Development": NaN,
        "Selling General And Administration": 16904000.0,
        "Gross Profit": 36999000.0,
        "Cost Of Revenue": 5467000.0,
        "Total Revenue": 42466000.0,
        "Operating Revenue": 42466000.0
    },
    "2022-12-31": {
        "Tax Effect Of Unusual Items": -2486820.0,
        "Tax Rate For Calcs": 0.21,
        "Normalized EBITDA": 29988000.0,
        "Total Unusual Items": -11842000.0,
        "Total Unusual Items Excluding Goodwill": -11842000.0,
        "Net Income From Continuing Operation Net Minority Interest": 88553000.0,
        "Reconciled Depreciation": 8363000.0,
        "Reconciled Cost Of Revenue": 5821000.0,
        "EBITDA": 18146000.0,
        "EBIT": 9783000.0,
        "Net Interest Income": -1313000.0,
        "Interest Expense": 1205000.0,
        "Normalized Income": 97908180.0,
        "Net Income From Continuing And Discontinued Operation": 88553000.0,
        "Total Expenses": 27886000.0,
        "Total Operating Income As Reported": 10622000.0,
        "Diluted NI Availto Com Stockholders": 88066000.0,
        "Net Income Common Stockholders": 88553000.0,
        "Net Income": 88553000.0,
        "Net Income Including Noncontrolling Interests": 88553000.0,
        "Net Income Continuous Operations": 88553000.0,
        "Tax Provision": -79975000.0,
        "Pretax Income": 8578000.0,
        "Other Income Expense": -12573000.0,
        "Other Non Operating Income Expenses": -731000.0,
        "Special Income Charges": -11842000.0,
        "Impairment Of Capital Assets": NaN,
        "Restructuring And Mergern Acquisition": 11842000.0,
        "Net Non Operating Interest Income Expense": -1313000.0,
        "Total Other Finance Cost": 108000.0,
        "Interest Expense Non Operating": 1205000.0,
        "Operating Income": 22464000.0,
        "Operating Expense": 21872000.0,
        "Depreciation Amortization Depletion Income Statement": 8170000.0,
        "Depreciation And Amortization In Income Statement": 8170000.0,
        "Amortization": 8170000.0,
        "Amortization Of Intangibles Income Statement": 8170000.0,
        "Research And Development": NaN,
        "Selling General And Administration": 13702000.0,
        "Gross Profit": 44336000.0,
        "Cost Of Revenue": 6014000.0,
        "Total Revenue": 50350000.0,
        "Operating Revenue": 50350000.0
    },
    "2022-09-30": {
        "Tax Effect Of Unusual Items": -187200.0,
        "Tax Rate For Calcs": 0.048,
        "Normalized EBITDA": 18378000.0,
        "Total Unusual Items": -3900000.0,
        "Total Unusual Items Excluding Goodwill": -3900000.0,
        "Net Income From Continuing Operation Net Minority Interest": 4174000.0,
        "Reconciled Depreciation": 8122000.0,
        "Reconciled Cost Of Revenue": 3856000.0,
        "EBITDA": 14478000.0,
        "EBIT": 6356000.0,
        "Net Interest Income": -2052000.0,
        "Interest Expense": 1972000.0,
        "Normalized Income": 7886800.0,
        "Net Income From Continuing And Discontinued Operation": 4174000.0,
        "Total Expenses": 23878000.0,
        "Total Operating Income As Reported": 6434000.0,
        "Diluted Average Shares": 57386000.0,
        "Basic Average Shares": 48180000.0,
        "Diluted EPS": 0.08,
        "Basic EPS": 0.09,
        "Diluted NI Availto Com Stockholders": 4671000.0,
        "Average Dilution Earnings": 497000.0,
        "Net Income Common Stockholders": 4174000.0,
        "Net Income": 4174000.0,
        "Net Income Including Noncontrolling Interests": 4174000.0,
        "Net Income Continuous Operations": 4174000.0,
        "Tax Provision": 210000.0,
        "Pretax Income": 4384000.0,
        "Other Income Expense": -3898000.0,
        "Other Non Operating Income Expenses": 2000.0,
        "Special Income Charges": -3900000.0,
        "Other Special Charges": NaN,
        "Impairment Of Capital Assets": NaN,
        "Restructuring And Mergern Acquisition": 3900000.0,
        "Net Non Operating Interest Income Expense": -2052000.0,
        "Total Other Finance Cost": 80000.0,
        "Interest Expense Non Operating": 1972000.0,
        "Operating Income": 10334000.0,
        "Operating Expense": 19869000.0,
        "Depreciation Amortization Depletion Income Statement": 7969000.0,
        "Depreciation And Amortization In Income Statement": 7969000.0,
        "Amortization": 7969000.0,
        "Amortization Of Intangibles Income Statement": 7969000.0,
        "Research And Development": NaN,
        "Selling General And Administration": 11900000.0,
        "Gross Profit": 30203000.0,
        "Cost Of Revenue": 4009000.0,
        "Total Revenue": 34212000.0,
        "Operating Revenue": 34752000.0
    },
    "2022-06-30": {
        "Tax Effect Of Unusual Items": -91479.767414,
        "Tax Rate For Calcs": 0.070369,
        "Normalized EBITDA": 19965000.0,
        "Total Unusual Items": -1300000.0,
        "Total Unusual Items Excluding Goodwill": -1300000.0,
        "Net Income From Continuing Operation Net Minority Interest": 7834000.0,
        "Reconciled Depreciation": 7969000.0,
        "Reconciled Cost Of Revenue": 4528000.0,
        "EBITDA": 18665000.0,
        "EBIT": 10696000.0,
        "Net Interest Income": -2269000.0,
        "Interest Expense": 2269000.0,
        "Normalized Income": 9042520.232586,
        "Net Income From Continuing And Discontinued Operation": 7834000.0,
        "Total Expenses": 23040000.0,
        "Total Operating Income As Reported": 10791000.0,
        "Diluted Average Shares": 47579000.0,
        "Basic Average Shares": 46274000.0,
        "Diluted EPS": 0.16,
        "Basic EPS": 0.17,
        "Diluted NI Availto Com Stockholders": 7834000.0,
        "Average Dilution Earnings": NaN,
        "Net Income Common Stockholders": 7834000.0,
        "Net Income": 7834000.0,
        "Net Income Including Noncontrolling Interests": 7834000.0,
        "Net Income Continuous Operations": 7834000.0,
        "Tax Provision": 593000.0,
        "Pretax Income": 8427000.0,
        "Other Income Expense": -1395000.0,
        "Other Non Operating Income Expenses": -95000.0,
        "Special Income Charges": -1300000.0,
        "Other Special Charges": NaN,
        "Restructuring And Mergern Acquisition": 1300000.0,
        "Net Non Operating Interest Income Expense": -2269000.0,
        "Total Other Finance Cost": NaN,
        "Interest Expense Non Operating": 2269000.0,
        "Operating Income": 12091000.0,
        "Operating Expense": 18512000.0,
        "Depreciation Amortization Depletion Income Statement": 7969000.0,
        "Depreciation And Amortization In Income Statement": 7969000.0,
        "Amortization": 7969000.0,
        "Amortization Of Intangibles Income Statement": 7969000.0,
        "Research And Development": NaN,
        "Selling General And Administration": 10543000.0,
        "Gross Profit": 30603000.0,
        "Cost Of Revenue": 4528000.0,
        "Total Revenue": 35131000.0,
        "Operating Revenue": 35881000.0
    },
    "2022-03-31": {
        "Diluted EPS": 0.2,
        "Total Revenue": 37,
        "Gross Profit": 32,
        "Operating Income": 12,
        "EBIT": 20,
        "Net Income": 9
    },
    "2021-12-31": {
        "Diluted EPS": 0.09,
        "Total Revenue": 33,
        "Gross Profit": 28,
        "Operating Income": 8,
        "EBIT": 15,
        "Net Income": 5
    },
    "2021-09-30": {
        "Diluted EPS": 0.08,
        "Total Revenue": 25,
        "Gross Profit": 22,
        "Operating Income": 6,
        "EBIT": 13,
        "Net Income": 4
    },
    "2021-06-30": {
        "Diluted EPS": -0.32,
        "Total Revenue": 25,
        "Gross Profit": 21,
        "Operating Income": -12,
        "EBIT": -4,
        "Net Income": -14
    },
    "2021-03-31": {
        "Diluted EPS": 0.12,
        "Total Revenue": 27,
        "Gross Profit": 23,
        "Operating Income": 8,
        "EBIT": 14,
        "Net Income": 5
    },
    "2020-12-31": {
        "Diluted EPS": -1.36,
        "Total Revenue": 30,
        "Gross Profit": 23,
        "Operating Income": -33,
        "EBIT": -26,
        "Net Income": -24
    },
    "2020-09-30": {
        "Diluted EPS": -0.35,
        "Total Revenue": 35,
        "Gross Profit": 28,
        "Operating Income": -7,
        "EBIT": 0,
        "Net Income": -11
    },
    "2020-06-30": {
        "Diluted EPS": -1.4,
        "Total Revenue": 21,
        "Gross Profit": 15,
        "Operating Income": -26,
        "EBIT": -20,
        "Net Income": -34
    },
    "2020-03-31": {
        "Diluted EPS": 2.04,
        "Total Revenue": 21,
        "Gross Profit": 20,
        "Operating Income": -17,
        "EBIT": -3,
        "Net Income": 41
    },
    "2019-12-31": {
        "Diluted EPS": -10.76,
        "Total Revenue": 59,
        "Gross Profit": 57,
        "Operating Income": -191,
        "EBIT": -160,
        "Net Income": -193
    },
    "2019-09-30": {
        "Diluted EPS": 0.2,
        "Total Revenue": 55,
        "Gross Profit": 53,
        "Operating Income": -10,
        "EBIT": 21,
        "Net Income": 3
    },
    "2019-06-30": {
        "Diluted EPS": -0.84,
        "Total Revenue": 57,
        "Gross Profit": 55,
        "Operating Income": 4,
        "EBIT": 35,
        "Net Income": -14
    },
    "2019-03-31": {
        "Diluted EPS": -0.88,
        "Total Revenue": 58,
        "Gross Profit": 55,
        "Operating Income": 3,
        "EBIT": 35,
        "Net Income": -14
    },
    "2018-12-31": {
        "Diluted EPS": -0.92,
        "Total Revenue": 43,
        "Gross Profit": 42,
        "Operating Income": -13,
        "EBIT": 18,
        "Net Income": -24
    },
    "2018-09-30": {
        "Diluted EPS": 2.6,
        "Total Revenue": 77,
        "Gross Profit": 75,
        "Operating Income": 10,
        "EBIT": 42,
        "Net Income": 48
    },
    "2018-06-30": {
        "Diluted EPS": -1.32,
        "Total Revenue": 63,
        "Gross Profit": 61,
        "Operating Income": -4,
        "EBIT": 28,
        "Net Income": -21
    },
    "2018-03-31": {
        "Diluted EPS": 1.92,
        "Total Revenue": 128,
        "Gross Profit": 116,
        "Operating Income": 51,
        "EBIT": 84,
        "Net Income": 34
    },
    "2017-12-31": {
        "Diluted EPS": -2.08,
        "Total Revenue": 94,
        "Gross Profit": 77,
        "Operating Income": -33,
        "EBIT": -1,
        "Net Income": -33
    },
    "2017-09-30": {
        "Diluted EPS": -1.0,
        "Total Revenue": 95,
        "Gross Profit": 78,
        "Operating Income": 1,
        "EBIT": 32,
        "Net Income": -16
    },
    "2017-06-30": {
        "Diluted EPS": -1.72,
        "Total Revenue": 100,
        "Gross Profit": 81,
        "Operating Income": -4,
        "EBIT": 27,
        "Net Income": -27
    },
    "2017-03-31": {
        "Diluted EPS": -1.72,
        "Total Revenue": 90,
        "Gross Profit": 73,
        "Operating Income": -7,
        "EBIT": 24,
        "Net Income": -27
    },
    "2016-12-31": {
        "Diluted EPS": -2.92,
        "Total Revenue": 124,
        "Gross Profit": 101,
        "Operating Income": 18,
        "EBIT": 49,
        "Net Income": -44
    },
    "2016-09-30": {
        "Diluted EPS": -0.84,
        "Total Revenue": 111,
        "Gross Profit": 90,
        "Operating Income": 1,
        "EBIT": 33,
        "Net Income": -13
    },
    "2016-06-30": {
        "Diluted EPS": -0.68,
        "Total Revenue": 117,
        "Gross Profit": 96,
        "Operating Income": 10,
        "EBIT": 42,
        "Net Income": -11
    },
    "2016-03-31": {
        "Diluted EPS": -1.36,
        "Total Revenue": 105,
        "Gross Profit": 81,
        "Operating Income": -4,
        "EBIT": 28,
        "Net Income": -21
    },
    "2015-12-31": {
        "Diluted EPS": -2.0,
        "Total Revenue": 111,
        "Gross Profit": 90,
        "Operating Income": -27,
        "EBIT": 5,
        "Net Income": -31
    },
    "2015-09-30": {
        "Diluted EPS": -0.8,
        "Total Revenue": 105,
        "Gross Profit": 84,
        "Operating Income": 3,
        "EBIT": 35,
        "Net Income": -12
    },
    "2015-06-30": {
        "Diluted EPS": -1.44,
        "Total Revenue": 95,
        "Gross Profit": 72,
        "Operating Income": -17,
        "EBIT": 14,
        "Net Income": -22
    },
    "2015-03-31": {
        "Diluted EPS": -0.8,
        "Total Revenue": 32,
        "Gross Profit": 29,
        "Operating Income": -10,
        "EBIT": -3,
        "Net Income": -12
    },
    "2014-12-31": {
        "Diluted EPS": 5.72,
        "Total Revenue": 195,
        "Gross Profit": 191,
        "Operating Income": 158,
        "EBIT": 164,
        "Net Income": 95
    },
    "2014-09-30": {
        "Diluted EPS": 0.44,
        "Total Revenue": 51,
        "Gross Profit": 48,
        "Operating Income": 17,
        "EBIT": 21,
        "Net Income": 6
    },
    "2014-06-30": {
        "Diluted EPS": 0.84,
        "Total Revenue": 68,
        "Gross Profit": 63,
        "Operating Income": 27,
        "EBIT": 30,
        "Net Income": 13
    },
    "2014-03-31": {
        "Diluted EPS": 1.2,
        "Total Revenue": 77,
        "Gross Profit": 73,
        "Operating Income": 36,
        "EBIT": 39,
        "Net Income": 18
    },
    "2013-12-31": {
        "Diluted EPS": 2.92,
        "Total Revenue": 41,
        "Gross Profit": 38,
        "Operating Income": 7,
        "EBIT": 11,
        "Net Income": 42
    },
    "2013-09-30": {
        "Diluted EPS": 0.44,
        "Total Revenue": 37,
        "Gross Profit": 36,
        "Operating Income": 7,
        "EBIT": 8,
        "Net Income": 7
    },
    "2013-06-30": {
        "Diluted EPS": 0.04,
        "Total Revenue": 30,
        "Gross Profit": 28,
        "Operating Income": 1,
        "EBIT": 2,
        "Net Income": 0
    },
    "2013-03-31": {
        "Diluted EPS": -0.4,
        "Total Revenue": 26,
        "Gross Profit": 25,
        "Operating Income": -6,
        "EBIT": -4,
        "Net Income": -5
    },
    "2012-12-31": {
        "Diluted EPS": -0.24,
        "Total Revenue": 27,
        "Gross Profit": 24,
        "Operating Income": -4,
        "EBIT": -3,
        "Net Income": -4
    },
    "2012-09-30": {
        "Diluted EPS": -0.12,
        "Total Revenue": 33,
        "Gross Profit": 32,
        "Operating Income": -2,
        "EBIT": -1,
        "Net Income": -1
    },
    "2012-06-30": {
        "Diluted EPS": -1.12,
        "Total Revenue": 14,
        "Gross Profit": 13,
        "Operating Income": -16,
        "EBIT": -15,
        "Net Income": -16
    },
    "2012-03-31": {
        "Diluted EPS": -0.64,
        "Total Revenue": 17,
        "Gross Profit": 16,
        "Operating Income": -9,
        "EBIT": -9,
        "Net Income": -9
    },
    "2011-12-31": {
        "Diluted EPS": -1.0,
        "Total Revenue": 12,
        "Gross Profit": 12,
        "Operating Income": -13,
        "EBIT": -13,
        "Net Income": -14
    },
    "2011-09-30": {
        "Diluted EPS": -0.6,
        "Total Revenue": 17,
        "Gross Profit": 15,
        "Operating Income": -9,
        "EBIT": -9,
        "Net Income": -9
    },
    "2011-06-30": {
        "Diluted EPS": -0.44,
        "Total Revenue": 21,
        "Gross Profit": 19,
        "Operating Income": -6,
        "EBIT": -6,
        "Net Income": -6
    },
    "2011-03-31": {
        "Diluted EPS": 7.08,
        "Total Revenue": 83,
        "Gross Profit": 81,
        "Operating Income": 99,
        "EBIT": 99,
        "Net Income": 99
    },
    "2010-12-31": {
        "Diluted EPS": 0.08,
        "Total Revenue": 21,
        "Gross Profit": 20,
        "Operating Income": 1,
        "EBIT": 1,
        "Net Income": 2
    },
    "2010-09-30": {
        "Diluted EPS": 0.16,
        "Total Revenue": 20,
        "Gross Profit": 18,
        "Operating Income": 2,
        "EBIT": 2,
        "Net Income": 2
    },
    "2010-06-30": {
        "Diluted EPS": 0.32,
        "Total Revenue": 24,
        "Gross Profit": 21,
        "Operating Income": 4,
        "EBIT": 4,
        "Net Income": 4
    },
    "2010-03-31": {
        "Diluted EPS": -0.28,
        "Total Revenue": 15,
        "Gross Profit": 14,
        "Operating Income": -4,
        "EBIT": -4,
        "Net Income": -4
    },
    "2009-12-31": {
        "Diluted EPS": -0.28,
        "Total Revenue": 13,
        "Gross Profit": 12,
        "Operating Income": -4,
        "EBIT": -4,
        "Net Income": -4
    },
    "2009-09-30": {
        "Diluted EPS": 0.12,
        "Total Revenue": 23,
        "Gross Profit": 22,
        "Operating Income": 1,
        "EBIT": 2,
        "Net Income": 1
    },
    "2009-06-30": {
        "Diluted EPS": -0.76,
        "Total Revenue": 12,
        "Gross Profit": 10,
        "Operating Income": -10,
        "EBIT": -9,
        "Net Income": -10
    },
    "2009-03-31": {
        "Diluted EPS": -0.8,
        "Total Revenue": 10,
        "Gross Profit": 9,
        "Operating Income": -10,
        "EBIT": -10,
        "Net Income": -10
    },
    "2023-06-30": {
        "Tax Effect Of Unusual Items": -75433.0,
        "Tax Rate For Calcs": 0.313,
        "Normalized EBITDA": 19701000.0,
        "Total Unusual Items": -241000.0,
        "Total Unusual Items Excluding Goodwill": -241000.0,
        "Net Income From Continuing Operation Net Minority Interest": 8470000.0,
        "Reconciled Depreciation": 6480000.0,
        "Reconciled Cost Of Revenue": 4576000.0,
        "EBITDA": 19460000.0,
        "EBIT": 12980000.0,
        "Net Interest Income": -751000.0,
        "Interest Expense": 650000.0,
        "Normalized Income": 8635567.0,
        "Net Income From Continuing And Discontinued Operation": 8470000.0,
        "Total Expenses": 28330000.0,
        "Total Operating Income As Reported": 12420000.0,
        "Diluted NI Availto Com Stockholders": 8470000.0,
        "Net Income Common Stockholders": 8470000.0,
        "Net Income": 8470000.0,
        "Net Income Including Noncontrolling Interests": 8470000.0,
        "Net Income Continuous Operations": 8470000.0,
        "Tax Provision": 3860000.0,
        "Pretax Income": 12330000.0,
        "Other Income Expense": 420000.0,
        "Other Non Operating Income Expenses": 661000.0,
        "Special Income Charges": -241000.0,
        "Impairment Of Capital Assets": NaN,
        "Restructuring And Mergern Acquisition": 241000.0,
        "Net Non Operating Interest Income Expense": -751000.0,
        "Total Other Finance Cost": 101000.0,
        "Interest Expense Non Operating": 650000.0,
        "Operating Income": 12661000.0,
        "Operating Expense": 23558000.0,
        "Depreciation Amortization Depletion Income Statement": 6284000.0,
        "Depreciation And Amortization In Income Statement": 6284000.0,
        "Amortization": 6284000.0,
        "Amortization Of Intangibles Income Statement": 6284000.0,
        "Research And Development": 503000.0,
        "Selling General And Administration": 16771000.0,
        "Gross Profit": 36219000.0,
        "Cost Of Revenue": 4772000.0,
        "Total Revenue": 40991000.0,
        "Operating Revenue": 40806000.0
    },
    "2023-09-30": {
        "Tax Effect Of Unusual Items": -47109930.0,
        "Tax Rate For Calcs": 0.21,
        "Normalized EBITDA": 6455000.0,
        "Total Unusual Items": -224333000.0,
        "Total Unusual Items Excluding Goodwill": -224333000.0,
        "Net Income From Continuing Operation Net Minority Interest": -279544000.0,
        "Reconciled Depreciation": 10357000.0,
        "Reconciled Cost Of Revenue": 6887000.0,
        "EBITDA": -217878000.0,
        "EBIT": -228235000.0,
        "Net Interest Income": -752000.0,
        "Interest Expense": 650000.0,
        "Normalized Income": -102320930.0,
        "Net Income From Continuing And Discontinued Operation": -279544000.0,
        "Total Expenses": 39565000.0,
        "Total Operating Income As Reported": -228271000.0,
        "Diluted NI Availto Com Stockholders": -279544000.0,
        "Net Income Common Stockholders": -279544000.0,
        "Net Income": -279544000.0,
        "Net Income Including Noncontrolling Interests": -279544000.0,
        "Net Income Continuous Operations": -279544000.0,
        "Tax Provision": 50659000.0,
        "Pretax Income": -228885000.0,
        "Other Income Expense": -224195000.0,
        "Other Non Operating Income Expenses": 138000.0,
        "Special Income Charges": -224333000.0,
        "Impairment Of Capital Assets": 238831000.0,
        "Restructuring And Mergern Acquisition": -14498000.0,
        "Net Non Operating Interest Income Expense": -752000.0,
        "Total Other Finance Cost": 102000.0,
        "Interest Expense Non Operating": 650000.0,
        "Operating Income": -3938000.0,
        "Operating Expense": 32505000.0,
        "Depreciation Amortization Depletion Income Statement": 10184000.0,
        "Depreciation And Amortization In Income Statement": 10184000.0,
        "Amortization": 10184000.0,
        "Amortization Of Intangibles Income Statement": 10184000.0,
        "Research And Development": 1316000.0,
        "Selling General And Administration": 21005000.0,
        "Gross Profit": 28567000.0,
        "Cost Of Revenue": 7060000.0,
        "Total Revenue": 35627000.0,
        "Operating Revenue": 35627000.0
    }
}