{
    "2023-06-30": {
        "Tax Effect Of Unusual Items": 0.0,
        "Tax Rate For Calcs": 0.245968,
        "Total Unusual Items": NaN,
        "Total Unusual Items Excluding Goodwill": NaN,
        "Net Income From Continuing Operation Net Minority Interest": -187000.0,
        "Reconciled Depreciation": 536000.0,
        "Net Interest Income": 9110000.0,
        "Interest Expense": 5769000.0,
        "Interest Income": 14879000.0,
        "Normalized Income": -187000.0,
        "Net Income From Continuing And Discontinued Operation": -187000.0,
        "Diluted Average Shares": 17147000.0,
        "Basic Average Shares": 17147000.0,
        "Diluted EPS": -0.01,
        "Basic EPS": -0.01,
        "Diluted NI Availto Com Stockholders": -187000.0,
        "Net Income Common Stockholders": -187000.0,
        "Net Income": -187000.0,
        "Net Income Including Noncontrolling Interests": -187000.0,
        "Net Income Continuous Operations": -187000.0,
        "Tax Provision": -61000.0,
        "Pretax Income": -248000.0,
        "Special Income Charges": NaN,
        "Restructuring And Mergern Acquisition": NaN,
        "Gain On Sale Of Security": 0.0,
        "Selling General And Administration": 7903000.0,
        "General And Administrative Expense": 7903000.0,
        "Other Gand A": NaN,
        "Insurance And Claims": 175000.0,
        "Salaries And Wages": 7728000.0,
        "Total Revenue": 12972000.0,
        "Operating Revenue": 12972000.0,
        "Occupancy And Equipment": 1135000.0,
        "Professional Expense And Contract Services Expense": 1907000.0,
        "Other Non Interest Expense": 2232000.0
    },
    "2023-03-31": {
        "Tax Effect Of Unusual Items": 0.0,
        "Tax Rate For Calcs": 0.197,
        "Total Unusual Items": NaN,
        "Total Unusual Items Excluding Goodwill": NaN,
        "Net Income From Continuing Operation Net Minority Interest": 1515000.0,
        "Reconciled Depreciation": 534000.0,
        "Net Interest Income": 9522000.0,
        "Interest Expense": 5052000.0,
        "Interest Income": 14574000.0,
        "Normalized Income": 1515000.0,
        "Net Income From Continuing And Discontinued Operation": 1515000.0,
        "Diluted Average Shares": 17155000.0,
        "Basic Average Shares": 17131000.0,
        "Diluted EPS": 0.09,
        "Basic EPS": 0.09,
        "Diluted NI Availto Com Stockholders": 1515000.0,
        "Net Income Common Stockholders": 1515000.0,
        "Net Income": 1515000.0,
        "Net Income Including Noncontrolling Interests": 1515000.0,
        "Net Income Continuous Operations": 1515000.0,
        "Tax Provision": 372000.0,
        "Pretax Income": 1887000.0,
        "Special Income Charges": NaN,
        "Restructuring And Mergern Acquisition": NaN,
        "Gain On Sale Of Security": 1748000.0,
        "Selling General And Administration": 7300000.0,
        "General And Administrative Expense": 7300000.0,
        "Other Gand A": NaN,
        "Insurance And Claims": 125000.0,
        "Salaries And Wages": 7175000.0,
        "Total Revenue": 15029000.0,
        "Operating Revenue": 15029000.0,
        "Occupancy And Equipment": 1187000.0,
        "Professional Expense And Contract Services Expense": 1308000.0,
        "Other Non Interest Expense": 2168000.0
    },
    "2022-12-31": {
        "Tax Effect Of Unusual Items": NaN,
        "Tax Rate For Calcs": NaN,
        "Total Unusual Items": 0.0,
        "Total Unusual Items Excluding Goodwill": 0.0,
        "Net Income From Continuing Operation Net Minority Interest": NaN,
        "Reconciled Depreciation": NaN,
        "Net Interest Income": NaN,
        "Interest Expense": NaN,
        "Interest Income": NaN,
        "Normalized Income": NaN,
        "Net Income From Continuing And Discontinued Operation": NaN,
        "Diluted Average Shares": NaN,
        "Basic Average Shares": NaN,
        "Diluted EPS": NaN,
        "Basic EPS": NaN,
        "Diluted NI Availto Com Stockholders": NaN,
        "Net Income Common Stockholders": NaN,
        "Net Income": NaN,
        "Net Income Including Noncontrolling Interests": NaN,
        "Net Income Continuous Operations": NaN,
        "Tax Provision": NaN,
        "Pretax Income": NaN,
        "Special Income Charges": 0.0,
        "Restructuring And Mergern Acquisition": 0.0,
        "Gain On Sale Of Security": NaN,
        "Selling General And Administration": NaN,
        "General And Administrative Expense": NaN,
        "Other Gand A": 170000.0,
        "Insurance And Claims": NaN,
        "Salaries And Wages": NaN,
        "Total Revenue": NaN,
        "Operating Revenue": NaN,
        "Occupancy And Equipment": NaN,
        "Professional Expense And Contract Services Expense": NaN,
        "Other Non Interest Expense": NaN
    },
    "2022-09-30": {
        "Tax Effect Of Unusual Items": NaN,
        "Tax Rate For Calcs": NaN,
        "Total Unusual Items": 0.0,
        "Total Unusual Items Excluding Goodwill": 0.0,
        "Net Income From Continuing Operation Net Minority Interest": NaN,
        "Reconciled Depreciation": NaN,
        "Net Interest Income": NaN,
        "Interest Expense": NaN,
        "Interest Income": NaN,
        "Normalized Income": NaN,
        "Net Income From Continuing And Discontinued Operation": NaN,
        "Diluted Average Shares": NaN,
        "Basic Average Shares": NaN,
        "Diluted EPS": NaN,
        "Basic EPS": NaN,
        "Diluted NI Availto Com Stockholders": NaN,
        "Net Income Common Stockholders": NaN,
        "Net Income": NaN,
        "Net Income Including Noncontrolling Interests": NaN,
        "Net Income Continuous Operations": NaN,
        "Tax Provision": NaN,
        "Pretax Income": NaN,
        "Special Income Charges": 0.0,
        "Restructuring And Mergern Acquisition": 0.0,
        "Gain On Sale Of Security": NaN,
        "Selling General And Administration": NaN,
        "General And Administrative Expense": NaN,
        "Other Gand A": 172000.0,
        "Insurance And Claims": NaN,
        "Salaries And Wages": NaN,
        "Total Revenue": NaN,
        "Operating Revenue": NaN
    },
    "2022-06-30": {
        "Tax Effect Of Unusual Items": 0.0,
        "Tax Rate For Calcs": 0.2,
        "Total Unusual Items": 0.0,
        "Total Unusual Items Excluding Goodwill": 0.0,
        "Net Income From Continuing Operation Net Minority Interest": 1981000.0,
        "Reconciled Depreciation": 529000.0,
        "Net Interest Income": 10124000.0,
        "Interest Expense": 1403000.0,
        "Interest Income": 11527000.0,
        "Normalized Income": 1981000.0,
        "Net Income From Continuing And Discontinued Operation": 1981000.0,
        "Diluted Average Shares": 17149000.0,
        "Basic Average Shares": 17109000.0,
        "Diluted EPS": 0.12,
        "Basic EPS": 0.12,
        "Diluted NI Availto Com Stockholders": 1981000.0,
        "Net Income Common Stockholders": 1981000.0,
        "Net Income": 1981000.0,
        "Net Income Including Noncontrolling Interests": 1981000.0,
        "Net Income Continuous Operations": 1981000.0,
        "Tax Provision": 496000.0,
        "Pretax Income": 2477000.0,
        "Special Income Charges": 0.0,
        "Restructuring And Mergern Acquisition": 0.0,
        "Gain On Sale Of Security": 0.0,
        "Selling General And Administration": 7093000.0,
        "General And Administrative Expense": 7093000.0,
        "Other Gand A": 144000.0,
        "Insurance And Claims": 130000.0,
        "Salaries And Wages": 6963000.0,
        "Total Revenue": 14262000.0,
        "Operating Revenue": 14262000.0
    },
    "2022-03-31": {
        "Diluted EPS": 0.14,
        "Total Revenue": 15,
        "Gross Profit": 14,
        "Operating Income": 3,
        "EBIT": NaN,
        "Net Income": 2
    },
    "2021-12-31": {
        "Diluted EPS": 0.11,
        "Total Revenue": 16,
        "Gross Profit": 15,
        "Operating Income": 2,
        "EBIT": NaN,
        "Net Income": 2
    },
    "2021-09-30": {
        "Diluted EPS": 0.08,
        "Total Revenue": 16,
        "Gross Profit": 14,
        "Operating Income": 2,
        "EBIT": NaN,
        "Net Income": 1
    },
    "2021-06-30": {
        "Diluted EPS": 0.1,
        "Total Revenue": 16,
        "Gross Profit": 14,
        "Operating Income": 2,
        "EBIT": NaN,
        "Net Income": 2
    },
    "2021-03-31": {
        "Diluted EPS": 0.12,
        "Total Revenue": 16,
        "Gross Profit": 14,
        "Operating Income": 3,
        "EBIT": NaN,
        "Net Income": 2
    },
    "2020-12-31": {
        "Diluted EPS": 0.05,
        "Total Revenue": 16,
        "Gross Profit": 14,
        "Operating Income": 1,
        "EBIT": NaN,
        "Net Income": 1
    },
    "2020-09-30": {
        "Diluted EPS": 0.06,
        "Total Revenue": 16,
        "Gross Profit": 13,
        "Operating Income": 1,
        "EBIT": NaN,
        "Net Income": 1
    },
    "2020-06-30": {
        "Diluted EPS": 0.08,
        "Total Revenue": 16,
        "Gross Profit": 13,
        "Operating Income": 2,
        "EBIT": NaN,
        "Net Income": 1
    },
    "2020-03-31": {
        "Diluted EPS": 0.08,
        "Total Revenue": 16,
        "Gross Profit": 13,
        "Operating Income": 2,
        "EBIT": NaN,
        "Net Income": 1
    },
    "2019-12-31": {
        "Diluted EPS": 0.04,
        "Total Revenue": 16,
        "Gross Profit": 12,
        "Operating Income": 1,
        "EBIT": NaN,
        "Net Income": 1
    },
    "2019-09-30": {
        "Diluted EPS": 0.1,
        "Total Revenue": 17,
        "Gross Profit": 13,
        "Operating Income": 2,
        "EBIT": NaN,
        "Net Income": 2
    },
    "2019-06-30": {
        "Diluted EPS": 0.1,
        "Total Revenue": 16,
        "Gross Profit": 13,
        "Operating Income": 2,
        "EBIT": NaN,
        "Net Income": 2
    },
    "2019-03-31": {
        "Diluted EPS": 0.11,
        "Total Revenue": 16,
        "Gross Profit": 12,
        "Operating Income": 2,
        "EBIT": NaN,
        "Net Income": 2
    },
    "2018-12-31": {
        "Diluted EPS": 0.1,
        "Total Revenue": 15,
        "Gross Profit": 12,
        "Operating Income": 2,
        "EBIT": NaN,
        "Net Income": 2
    },
    "2018-09-30": {
        "Diluted EPS": 0.13,
        "Total Revenue": 16,
        "Gross Profit": 13,
        "Operating Income": 3,
        "EBIT": NaN,
        "Net Income": 2
    },
    "2018-06-30": {
        "Diluted EPS": 0.1,
        "Total Revenue": 15,
        "Gross Profit": 13,
        "Operating Income": 2,
        "EBIT": NaN,
        "Net Income": 2
    },
    "2018-03-31": {
        "Diluted EPS": 0.1,
        "Total Revenue": 15,
        "Gross Profit": 12,
        "Operating Income": 2,
        "EBIT": NaN,
        "Net Income": 2
    },
    "2017-12-31": {
        "Diluted EPS": -0.04,
        "Total Revenue": 15,
        "Gross Profit": 13,
        "Operating Income": 2,
        "EBIT": NaN,
        "Net Income": -1
    },
    "2017-09-30": {
        "Diluted EPS": 0.08,
        "Total Revenue": 15,
        "Gross Profit": 13,
        "Operating Income": 2,
        "EBIT": NaN,
        "Net Income": 2
    },
    "2017-06-30": {
        "Diluted EPS": 0.07,
        "Total Revenue": 15,
        "Gross Profit": 13,
        "Operating Income": 2,
        "EBIT": NaN,
        "Net Income": 1
    },
    "2017-03-31": {
        "Diluted EPS": 0.07,
        "Total Revenue": 14,
        "Gross Profit": 12,
        "Operating Income": 2,
        "EBIT": NaN,
        "Net Income": 1
    },
    "2016-12-31": {
        "Diluted EPS": 0.06,
        "Total Revenue": 14,
        "Gross Profit": 12,
        "Operating Income": 2,
        "EBIT": NaN,
        "Net Income": 1
    },
    "2016-09-30": {
        "Diluted EPS": 0.06,
        "Total Revenue": 14,
        "Gross Profit": 12,
        "Operating Income": 2,
        "EBIT": NaN,
        "Net Income": 1
    },
    "2016-06-30": {
        "Diluted EPS": 0.07,
        "Total Revenue": 14,
        "Gross Profit": 12,
        "Operating Income": 2,
        "EBIT": NaN,
        "Net Income": 1
    },
    "2016-03-31": {
        "Diluted EPS": -0.07,
        "Total Revenue": 14,
        "Gross Profit": 12,
        "Operating Income": -2,
        "EBIT": NaN,
        "Net Income": -1
    },
    "2015-12-31": {
        "Diluted EPS": 0.08,
        "Total Revenue": 14,
        "Gross Profit": 12,
        "Operating Income": 2,
        "EBIT": NaN,
        "Net Income": 1
    },
    "2015-09-30": {
        "Diluted EPS": 0.09,
        "Total Revenue": 15,
        "Gross Profit": 13,
        "Operating Income": 3,
        "EBIT": NaN,
        "Net Income": 2
    },
    "2015-06-30": {
        "Diluted EPS": 0.07,
        "Total Revenue": 14,
        "Gross Profit": 12,
        "Operating Income": 2,
        "EBIT": NaN,
        "Net Income": 1
    },
    "2015-03-31": {
        "Diluted EPS": 0.07,
        "Total Revenue": 14,
        "Gross Profit": 13,
        "Operating Income": 2,
        "EBIT": NaN,
        "Net Income": 1
    },
    "2014-12-31": {
        "Diluted EPS": 0.03,
        "Total Revenue": 14,
        "Gross Profit": 12,
        "Operating Income": 2,
        "EBIT": NaN,
        "Net Income": 1
    },
    "2014-09-30": {
        "Diluted EPS": 0.02,
        "Total Revenue": 14,
        "Gross Profit": 12,
        "Operating Income": 1,
        "EBIT": NaN,
        "Net Income": 0
    },
    "2014-06-30": {
        "Diluted EPS": 0.05,
        "Total Revenue": 14,
        "Gross Profit": 12,
        "Operating Income": 1,
        "EBIT": NaN,
        "Net Income": 1
    },
    "2014-03-31": {
        "Diluted EPS": 0.05,
        "Total Revenue": 14,
        "Gross Profit": 12,
        "Operating Income": 1,
        "EBIT": NaN,
        "Net Income": 1
    },
    "2013-12-31": {
        "Diluted EPS": 0.1,
        "Total Revenue": 14,
        "Gross Profit": 12,
        "Operating Income": 3,
        "EBIT": NaN,
        "Net Income": 2
    },
    "2013-09-30": {
        "Diluted EPS": 0.06,
        "Total Revenue": 14,
        "Gross Profit": 12,
        "Operating Income": 2,
        "EBIT": NaN,
        "Net Income": 1
    },
    "2013-06-30": {
        "Diluted EPS": 0.05,
        "Total Revenue": 14,
        "Gross Profit": 12,
        "Operating Income": 2,
        "EBIT": NaN,
        "Net Income": 1
    },
    "2013-03-31": {
        "Diluted EPS": 0.05,
        "Total Revenue": 14,
        "Gross Profit": 12,
        "Operating Income": 1,
        "EBIT": NaN,
        "Net Income": 1
    },
    "2012-12-31": {
        "Diluted EPS": 0.04,
        "Total Revenue": 14,
        "Gross Profit": 12,
        "Operating Income": 1,
        "EBIT": NaN,
        "Net Income": 1
    },
    "2012-09-30": {
        "Diluted EPS": 0.05,
        "Total Revenue": 14,
        "Gross Profit": 12,
        "Operating Income": 2,
        "EBIT": NaN,
        "Net Income": 1
    },
    "2012-06-30": {
        "Diluted EPS": 0.06,
        "Total Revenue": 14,
        "Gross Profit": 12,
        "Operating Income": 2,
        "EBIT": NaN,
        "Net Income": 1
    },
    "2012-03-31": {
        "Diluted EPS": 0.06,
        "Total Revenue": 14,
        "Gross Profit": 12,
        "Operating Income": 2,
        "EBIT": NaN,
        "Net Income": 1
    },
    "2011-12-31": {
        "Diluted EPS": 0.06,
        "Total Revenue": 14,
        "Gross Profit": 12,
        "Operating Income": 2,
        "EBIT": NaN,
        "Net Income": 2
    },
    "2011-09-30": {
        "Diluted EPS": 0.05,
        "Total Revenue": 14,
        "Gross Profit": 12,
        "Operating Income": 2,
        "EBIT": NaN,
        "Net Income": 1
    },
    "2011-06-30": {
        "Diluted EPS": 0.08,
        "Total Revenue": 14,
        "Gross Profit": 12,
        "Operating Income": 3,
        "EBIT": NaN,
        "Net Income": 2
    },
    "2011-03-31": {
        "Diluted EPS": 0.05,
        "Total Revenue": 14,
        "Gross Profit": 11,
        "Operating Income": 2,
        "EBIT": NaN,
        "Net Income": 1
    },
    "2010-12-31": {
        "Diluted EPS": 0.04,
        "Total Revenue": 15,
        "Gross Profit": 12,
        "Operating Income": 1,
        "EBIT": NaN,
        "Net Income": 1
    },
    "2010-09-30": {
        "Diluted EPS": 0.02,
        "Total Revenue": 15,
        "Gross Profit": 12,
        "Operating Income": 1,
        "EBIT": NaN,
        "Net Income": 0
    },
    "2010-06-30": {
        "Diluted EPS": 0.01,
        "Total Revenue": 15,
        "Gross Profit": 12,
        "Operating Income": 1,
        "EBIT": NaN,
        "Net Income": 0
    },
    "2010-03-31": {
        "Diluted EPS": -0.06,
        "Total Revenue": 15,
        "Gross Profit": 11,
        "Operating Income": -1,
        "EBIT": NaN,
        "Net Income": -1
    },
    "2009-12-31": {
        "Diluted EPS": -0.09,
        "Total Revenue": 15,
        "Gross Profit": 12,
        "Operating Income": -3,
        "EBIT": NaN,
        "Net Income": -2
    },
    "2009-09-30": {
        "Diluted EPS": -0.15,
        "Total Revenue": 15,
        "Gross Profit": 11,
        "Operating Income": -4,
        "EBIT": NaN,
        "Net Income": -3
    },
    "2009-06-30": {
        "Diluted EPS": -0.06,
        "Total Revenue": 16,
        "Gross Profit": 12,
        "Operating Income": -1,
        "EBIT": NaN,
        "Net Income": -1
    },
    "2009-03-31": {
        "Diluted EPS": 0.01,
        "Total Revenue": 15,
        "Gross Profit": 12,
        "Operating Income": 1,
        "EBIT": NaN,
        "Net Income": 0
    },
    "2023-09-30": {
        "Tax Effect Of Unusual Items": 0.0,
        "Tax Rate For Calcs": 0.161,
        "Total Unusual Items": NaN,
        "Total Unusual Items Excluding Goodwill": NaN,
        "Net Income From Continuing Operation Net Minority Interest": 647000.0,
        "Reconciled Depreciation": 494000.0,
        "Net Interest Income": 8799000.0,
        "Interest Expense": 6640000.0,
        "Interest Income": 15439000.0,
        "Normalized Income": 647000.0,
        "Net Income From Continuing And Discontinued Operation": 647000.0,
        "Diluted Average Shares": 17147000.0,
        "Basic Average Shares": 17147000.0,
        "Diluted EPS": 0.04,
        "Basic EPS": 0.04,
        "Diluted NI Availto Com Stockholders": 647000.0,
        "Net Income Common Stockholders": 647000.0,
        "Net Income": 647000.0,
        "Net Income Including Noncontrolling Interests": 647000.0,
        "Net Income Continuous Operations": 647000.0,
        "Tax Provision": 124000.0,
        "Pretax Income": 771000.0,
        "Special Income Charges": NaN,
        "Restructuring And Mergern Acquisition": NaN,
        "Gain On Sale Of Security": 0.0,
        "Selling General And Administration": 7553000.0,
        "General And Administrative Expense": 7553000.0,
        "Other Gand A": NaN,
        "Insurance And Claims": 195000.0,
        "Salaries And Wages": 7358000.0,
        "Total Revenue": 13055000.0,
        "Operating Revenue": 13055000.0,
        "Occupancy And Equipment": 1095000.0,
        "Professional Expense And Contract Services Expense": 1146000.0,
        "Other Non Interest Expense": 2301000.0
    },
    "2023-12-31": {
        "Tax Effect Of Unusual Items": 0.0,
        "Tax Rate For Calcs": 0.21727,
        "Total Unusual Items": NaN,
        "Total Unusual Items Excluding Goodwill": NaN,
        "Net Income From Continuing Operation Net Minority Interest": -5321000.0,
        "Reconciled Depreciation": 510000.0,
        "Net Interest Income": 8589000.0,
        "Interest Expense": 7379000.0,
        "Interest Income": 15968000.0,
        "Normalized Income": -5321000.0,
        "Net Income From Continuing And Discontinued Operation": -5321000.0,
        "Diluted Average Shares": 17147000.0,
        "Basic Average Shares": 17147000.0,
        "Diluted EPS": -0.31,
        "Basic EPS": -0.31,
        "Diluted NI Availto Com Stockholders": -5321000.0,
        "Net Income Common Stockholders": -5321000.0,
        "Net Income": -5321000.0,
        "Net Income Including Noncontrolling Interests": -5321000.0,
        "Net Income Continuous Operations": -5321000.0,
        "Tax Provision": -1477000.0,
        "Pretax Income": -6798000.0,
        "Special Income Charges": NaN,
        "Restructuring And Mergern Acquisition": NaN,
        "Gain On Sale Of Security": -922000.0,
        "Selling General And Administration": 7587000.0,
        "General And Administrative Expense": 7587000.0,
        "Other Gand A": NaN,
        "Insurance And Claims": 220000.0,
        "Salaries And Wages": 7367000.0,
        "Total Revenue": 11353000.0,
        "Operating Revenue": 11353000.0,
        "Occupancy And Equipment": 1123000.0,
        "Professional Expense And Contract Services Expense": 956000.0,
        "Other Non Interest Expense": 2467000.0
    },
    "2024-03-31": {
        "Tax Effect Of Unusual Items": 0.0,
        "Tax Rate For Calcs": 0.202,
        "Total Unusual Items": NaN,
        "Total Unusual Items Excluding Goodwill": NaN,
        "Net Income From Continuing Operation Net Minority Interest": 1904000.0,
        "Reconciled Depreciation": 515000.0,
        "Net Interest Income": 8747000.0,
        "Interest Expense": 7477000.0,
        "Interest Income": 16224000.0,
        "Normalized Income": 1904000.0,
        "Net Income From Continuing And Discontinued Operation": 1904000.0,
        "Diluted Average Shares": 17147000.0,
        "Basic Average Shares": 17147000.0,
        "Diluted EPS": 0.11,
        "Basic EPS": 0.11,
        "Diluted NI Availto Com Stockholders": 1904000.0,
        "Net Income Common Stockholders": 1904000.0,
        "Net Income": 1904000.0,
        "Net Income Including Noncontrolling Interests": 1904000.0,
        "Net Income Continuous Operations": 1904000.0,
        "Tax Provision": 483000.0,
        "Pretax Income": 2387000.0,
        "Special Income Charges": NaN,
        "Restructuring And Mergern Acquisition": NaN,
        "Gain On Sale Of Security": 0.0,
        "Selling General And Administration": 7372000.0,
        "General And Administrative Expense": 7372000.0,
        "Other Gand A": NaN,
        "Insurance And Claims": 255000.0,
        "Salaries And Wages": 7117000.0,
        "Total Revenue": 13694000.0,
        "Operating Revenue": 13694000.0,
        "Occupancy And Equipment": 1177000.0,
        "Professional Expense And Contract Services Expense": 1002000.0,
        "Other Non Interest Expense": 2313000.0
    },
    "2024-06-30": {
        "Tax Effect Of Unusual Items": 0.0,
        "Tax Rate For Calcs": 0.225207,
        "Total Unusual Items": NaN,
        "Total Unusual Items Excluding Goodwill": NaN,
        "Net Income From Continuing Operation Net Minority Interest": -375000.0,
        "Reconciled Depreciation": 521000.0,
        "Net Interest Income": 8875000.0,
        "Interest Expense": 7635000.0,
        "Interest Income": 16510000.0,
        "Normalized Income": -375000.0,
        "Net Income From Continuing And Discontinued Operation": -375000.0,
        "Diluted Average Shares": 17030000.0,
        "Basic Average Shares": 17030000.0,
        "Diluted EPS": -0.02,
        "Basic EPS": -0.02,
        "Diluted NI Availto Com Stockholders": -375000.0,
        "Net Income Common Stockholders": -375000.0,
        "Net Income": -375000.0,
        "Net Income Including Noncontrolling Interests": -375000.0,
        "Net Income Continuous Operations": -375000.0,
        "Tax Provision": -109000.0,
        "Pretax Income": -484000.0,
        "Special Income Charges": NaN,
        "Restructuring And Mergern Acquisition": NaN,
        "Gain On Sale Of Security": 0.0,
        "Selling General And Administration": 7358000.0,
        "General And Administrative Expense": 7358000.0,
        "Other Gand A": NaN,
        "Insurance And Claims": 250000.0,
        "Salaries And Wages": 7108000.0,
        "Total Revenue": 13247000.0,
        "Operating Revenue": 13247000.0,
        "Occupancy And Equipment": 1121000.0,
        "Professional Expense And Contract Services Expense": 2094000.0,
        "Other Non Interest Expense": 2724000.0
    }
}