{
    "2023-03-31": {
        "Tax Effect Of Unusual Items": -987900.0,
        "Tax Rate For Calcs": 0.267,
        "Normalized EBITDA": 28500000.0,
        "Total Unusual Items": -3700000.0,
        "Total Unusual Items Excluding Goodwill": -3700000.0,
        "Net Income From Continuing Operation Net Minority Interest": 12100000.0,
        "Reconciled Depreciation": 6300000.0,
        "Reconciled Cost Of Revenue": 258700000.0,
        "EBITDA": 24800000.0,
        "EBIT": 18500000.0,
        "Net Interest Income": -1500000.0,
        "Interest Expense": 2000000.0,
        "Interest Income": 500000.0,
        "Normalized Income": 14812100.0,
        "Net Income From Continuing And Discontinued Operation": 12100000.0,
        "Total Expenses": 326600000.0,
        "Total Operating Income As Reported": 17600000.0,
        "Diluted Average Shares": 22742937.0,
        "Basic Average Shares": 22655821.0,
        "Diluted EPS": 0.53,
        "Basic EPS": 0.53,
        "Diluted NI Availto Com Stockholders": 12100000.0,
        "Net Income Common Stockholders": 12100000.0,
        "Net Income": 12100000.0,
        "Minority Interests": 0.0,
        "Net Income Including Noncontrolling Interests": 12100000.0,
        "Net Income Continuous Operations": 12100000.0,
        "Tax Provision": 4400000.0,
        "Pretax Income": 16500000.0,
        "Other Income Expense": -3300000.0,
        "Other Non Operating Income Expenses": 400000.0,
        "Special Income Charges": -3700000.0,
        "Gain On Sale Of Ppe": 3400000.0,
        "Impairment Of Capital Assets": NaN,
        "Restructuring And Mergern Acquisition": 7100000.0,
        "Net Non Operating Interest Income Expense": -1500000.0,
        "Interest Expense Non Operating": 2000000.0,
        "Interest Income Non Operating": 500000.0,
        "Operating Income": 21300000.0,
        "Operating Expense": 67900000.0,
        "Research And Development": NaN,
        "Selling General And Administration": 67900000.0,
        "Gross Profit": 89200000.0,
        "Cost Of Revenue": 258700000.0,
        "Total Revenue": 347900000.0,
        "Operating Revenue": 347900000.0
    },
    "2022-12-31": {
        "Tax Effect Of Unusual Items": -1323000.0,
        "Tax Rate For Calcs": 0.21,
        "Normalized EBITDA": 17100000.0,
        "Total Unusual Items": -6300000.0,
        "Total Unusual Items Excluding Goodwill": -6300000.0,
        "Net Income From Continuing Operation Net Minority Interest": -1000000.0,
        "Reconciled Depreciation": 7000000.0,
        "Reconciled Cost Of Revenue": 278900000.0,
        "EBITDA": 10800000.0,
        "EBIT": 3800000.0,
        "Net Interest Income": -600000.0,
        "Interest Expense": 900000.0,
        "Interest Income": 300000.0,
        "Normalized Income": 3977000.0,
        "Net Income From Continuing And Discontinued Operation": -1000000.0,
        "Total Expenses": 342100000.0,
        "Total Operating Income As Reported": 3300000.0,
        "Diluted Average Shares": 22692000.0,
        "Basic Average Shares": 22692000.0,
        "Diluted EPS": -0.04,
        "Basic EPS": -0.04,
        "Diluted NI Availto Com Stockholders": -1000000.0,
        "Net Income Common Stockholders": -1000000.0,
        "Net Income": -1000000.0,
        "Minority Interests": -700000.0,
        "Net Income Including Noncontrolling Interests": -1300000.0,
        "Net Income Continuous Operations": -1300000.0,
        "Tax Provision": 4200000.0,
        "Pretax Income": 2900000.0,
        "Other Income Expense": -4300000.0,
        "Other Non Operating Income Expenses": 2000000.0,
        "Special Income Charges": -4500000.0,
        "Gain On Sale Of Ppe": 300000.0,
        "Impairment Of Capital Assets": 100000.0,
        "Restructuring And Mergern Acquisition": 4700000.0,
        "Net Non Operating Interest Income Expense": -600000.0,
        "Interest Expense Non Operating": 900000.0,
        "Interest Income Non Operating": 300000.0,
        "Operating Income": 7800000.0,
        "Operating Expense": 63200000.0,
        "Research And Development": 8500000.0,
        "Selling General And Administration": 31700000.0,
        "Gross Profit": 71000000.0,
        "Cost Of Revenue": 278900000.0,
        "Total Revenue": 349900000.0,
        "Operating Revenue": 349900000.0
    },
    "2022-09-30": {
        "Tax Effect Of Unusual Items": -21000.0,
        "Tax Rate For Calcs": 0.21,
        "Normalized EBITDA": 9200000.0,
        "Total Unusual Items": -100000.0,
        "Total Unusual Items Excluding Goodwill": -100000.0,
        "Net Income From Continuing Operation Net Minority Interest": 700000.0,
        "Reconciled Depreciation": 7300000.0,
        "Reconciled Cost Of Revenue": 249800000.0,
        "EBITDA": 9100000.0,
        "EBIT": 1800000.0,
        "Net Interest Income": -600000.0,
        "Interest Expense": 600000.0,
        "Interest Income": 300000.0,
        "Normalized Income": 779000.0,
        "Net Income From Continuing And Discontinued Operation": 700000.0,
        "Total Expenses": 313300000.0,
        "Total Operating Income As Reported": 1800000.0,
        "Diluted Average Shares": 22916000.0,
        "Basic Average Shares": 22837000.0,
        "Diluted EPS": 0.03,
        "Basic EPS": 0.03,
        "Diluted NI Availto Com Stockholders": 700000.0,
        "Net Income Common Stockholders": 700000.0,
        "Net Income": 700000.0,
        "Minority Interests": -200000.0,
        "Net Income Including Noncontrolling Interests": 500000.0,
        "Net Income Continuous Operations": 500000.0,
        "Tax Provision": 700000.0,
        "Pretax Income": 1200000.0,
        "Other Income Expense": -100000.0,
        "Other Non Operating Income Expenses": -300000.0,
        "Special Income Charges": -100000.0,
        "Gain On Sale Of Ppe": 400000.0,
        "Impairment Of Capital Assets": 400000.0,
        "Restructuring And Mergern Acquisition": 100000.0,
        "Net Non Operating Interest Income Expense": -600000.0,
        "Interest Expense Non Operating": 600000.0,
        "Interest Income Non Operating": 300000.0,
        "Operating Income": 1900000.0,
        "Operating Expense": 63500000.0,
        "Research And Development": 8500000.0,
        "Selling General And Administration": 55000000.0,
        "Gross Profit": 65400000.0,
        "Cost Of Revenue": 249800000.0,
        "Total Revenue": 315200000.0,
        "Operating Revenue": 315200000.0
    },
    "2022-06-30": {
        "Tax Effect Of Unusual Items": -578000.0,
        "Tax Rate For Calcs": 0.17,
        "Normalized EBITDA": 6200000.0,
        "Total Unusual Items": -3400000.0,
        "Total Unusual Items Excluding Goodwill": -3400000.0,
        "Net Income From Continuing Operation Net Minority Interest": -3900000.0,
        "Reconciled Depreciation": 6900000.0,
        "Reconciled Cost Of Revenue": 257600000.0,
        "EBITDA": 2800000.0,
        "EBIT": -4100000.0,
        "Net Interest Income": -600000.0,
        "Interest Expense": 600000.0,
        "Interest Income": 200000.0,
        "Normalized Income": -1078000.0,
        "Net Income From Continuing And Discontinued Operation": -3900000.0,
        "Total Expenses": 318800000.0,
        "Total Operating Income As Reported": -4000000.0,
        "Diluted Average Shares": 22850515.0,
        "Basic Average Shares": 22850515.0,
        "Diluted EPS": -0.17,
        "Basic EPS": -0.17,
        "Diluted NI Availto Com Stockholders": -3900000.0,
        "Net Income Common Stockholders": -3900000.0,
        "Net Income": -3900000.0,
        "Minority Interests": 0.0,
        "Net Income Including Noncontrolling Interests": -3900000.0,
        "Net Income Continuous Operations": -3900000.0,
        "Tax Provision": -800000.0,
        "Pretax Income": -4700000.0,
        "Other Income Expense": -3500000.0,
        "Other Non Operating Income Expenses": -100000.0,
        "Special Income Charges": -3400000.0,
        "Gain On Sale Of Ppe": 0.0,
        "Impairment Of Capital Assets": 3000000.0,
        "Restructuring And Mergern Acquisition": 3400000.0,
        "Net Non Operating Interest Income Expense": -600000.0,
        "Interest Expense Non Operating": 600000.0,
        "Interest Income Non Operating": 200000.0,
        "Operating Income": -600000.0,
        "Operating Expense": 61200000.0,
        "Research And Development": 7500000.0,
        "Selling General And Administration": 53700000.0,
        "Gross Profit": 60600000.0,
        "Cost Of Revenue": 257600000.0,
        "Total Revenue": 318200000.0,
        "Operating Revenue": 318200000.0
    },
    "2023-06-30": {
        "Tax Effect Of Unusual Items": -187000.0,
        "Tax Rate For Calcs": 0.17,
        "Normalized EBITDA": 25200000.0,
        "Total Unusual Items": -1100000.0,
        "Total Unusual Items Excluding Goodwill": -1100000.0,
        "Net Income From Continuing Operation Net Minority Interest": 13100000.0,
        "Reconciled Depreciation": 6200000.0,
        "Reconciled Cost Of Revenue": 267100000.0,
        "EBITDA": 24100000.0,
        "EBIT": 17900000.0,
        "Net Interest Income": -1500000.0,
        "Interest Expense": 2000000.0,
        "Interest Income": 500000.0,
        "Normalized Income": 14013000.0,
        "Net Income From Continuing And Discontinued Operation": 13100000.0,
        "Total Expenses": 331600000.0,
        "Total Operating Income As Reported": 17300000.0,
        "Diluted Average Shares": 22769447.0,
        "Basic Average Shares": 22723748.0,
        "Diluted EPS": 0.58,
        "Basic EPS": 0.58,
        "Diluted NI Availto Com Stockholders": 13100000.0,
        "Net Income Common Stockholders": 13100000.0,
        "Net Income": 13100000.0,
        "Minority Interests": 100000.0,
        "Net Income Including Noncontrolling Interests": 13200000.0,
        "Net Income Continuous Operations": 13200000.0,
        "Tax Provision": 2700000.0,
        "Pretax Income": 15900000.0,
        "Other Income Expense": -1000000.0,
        "Other Non Operating Income Expenses": 100000.0,
        "Special Income Charges": -1100000.0,
        "Gain On Sale Of Ppe": 100000.0,
        "Impairment Of Capital Assets": 800000.0,
        "Restructuring And Mergern Acquisition": 400000.0,
        "Net Non Operating Interest Income Expense": -1500000.0,
        "Interest Expense Non Operating": 2000000.0,
        "Interest Income Non Operating": 500000.0,
        "Operating Income": 18400000.0,
        "Operating Expense": 64500000.0,
        "Research And Development": NaN,
        "Selling General And Administration": 64500000.0,
        "Gross Profit": 82900000.0,
        "Cost Of Revenue": 267100000.0,
        "Total Revenue": 350000000.0,
        "Operating Revenue": 350000000.0
    },
    "2022-03-31": {
        "Diluted EPS": 0.18,
        "Total Revenue": 291,
        "Gross Profit": 65,
        "Operating Income": 4,
        "EBIT": 11,
        "Net Income": 4
    },
    "2021-12-31": {
        "Diluted EPS": -0.43,
        "Total Revenue": 267,
        "Gross Profit": 53,
        "Operating Income": -6,
        "EBIT": 1,
        "Net Income": -10
    },
    "2021-09-30": {
        "Diluted EPS": 0.39,
        "Total Revenue": 267,
        "Gross Profit": 62,
        "Operating Income": 6,
        "EBIT": 14,
        "Net Income": 9
    },
    "2021-06-30": {
        "Diluted EPS": 0.36,
        "Total Revenue": 278,
        "Gross Profit": 66,
        "Operating Income": 10,
        "EBIT": 18,
        "Net Income": 8
    },
    "2021-03-31": {
        "Diluted EPS": 0.37,
        "Total Revenue": 284,
        "Gross Profit": 68,
        "Operating Income": 10,
        "EBIT": 17,
        "Net Income": 9
    },
    "2020-12-31": {
        "Diluted EPS": 0.62,
        "Total Revenue": 239,
        "Gross Profit": 54,
        "Operating Income": 15,
        "EBIT": 23,
        "Net Income": 15
    },
    "2020-09-30": {
        "Diluted EPS": 0.07,
        "Total Revenue": 231,
        "Gross Profit": 50,
        "Operating Income": -1,
        "EBIT": 6,
        "Net Income": 2
    },
    "2020-06-30": {
        "Diluted EPS": 0.41,
        "Total Revenue": 265,
        "Gross Profit": 60,
        "Operating Income": 11,
        "EBIT": 17,
        "Net Income": 9
    },
    "2020-03-31": {
        "Diluted EPS": 0.91,
        "Total Revenue": 289,
        "Gross Profit": 73,
        "Operating Income": 15,
        "EBIT": 21,
        "Net Income": 21
    },
    "2019-12-31": {
        "Diluted EPS": -0.81,
        "Total Revenue": 283,
        "Gross Profit": 27,
        "Operating Income": -27,
        "EBIT": -20,
        "Net Income": -18
    },
    "2019-09-30": {
        "Diluted EPS": 0.13,
        "Total Revenue": 256,
        "Gross Profit": 52,
        "Operating Income": 3,
        "EBIT": 10,
        "Net Income": 3
    },
    "2019-06-30": {
        "Diluted EPS": 1.03,
        "Total Revenue": 305,
        "Gross Profit": 83,
        "Operating Income": 30,
        "EBIT": 37,
        "Net Income": 23
    },
    "2019-03-31": {
        "Diluted EPS": 0.63,
        "Total Revenue": 326,
        "Gross Profit": 77,
        "Operating Income": 18,
        "EBIT": 25,
        "Net Income": 14
    },
    "2018-12-31": {
        "Diluted EPS": -2.05,
        "Total Revenue": 317,
        "Gross Profit": -2,
        "Operating Income": -69,
        "EBIT": -62,
        "Net Income": -47
    },
    "2018-09-30": {
        "Diluted EPS": 0.3,
        "Total Revenue": 257,
        "Gross Profit": 58,
        "Operating Income": 7,
        "EBIT": 14,
        "Net Income": 7
    },
    "2018-06-30": {
        "Diluted EPS": -1.76,
        "Total Revenue": 273,
        "Gross Profit": 1,
        "Operating Income": -50,
        "EBIT": -43,
        "Net Income": -41
    },
    "2018-03-31": {
        "Diluted EPS": 0.87,
        "Total Revenue": 325,
        "Gross Profit": 78,
        "Operating Income": 26,
        "EBIT": 33,
        "Net Income": 20
    },
    "2017-12-31": {
        "Diluted EPS": 0.48,
        "Total Revenue": 312,
        "Gross Profit": 63,
        "Operating Income": 18,
        "EBIT": 25,
        "Net Income": 11
    },
    "2017-09-30": {
        "Diluted EPS": -0.12,
        "Total Revenue": 252,
        "Gross Profit": 39,
        "Operating Income": -6,
        "EBIT": 0,
        "Net Income": -3
    },
    "2017-06-30": {
        "Diluted EPS": 0.62,
        "Total Revenue": 302,
        "Gross Profit": 66,
        "Operating Income": 21,
        "EBIT": 28,
        "Net Income": 14
    },
    "2017-03-31": {
        "Diluted EPS": 0.65,
        "Total Revenue": 318,
        "Gross Profit": 76,
        "Operating Income": 23,
        "EBIT": 29,
        "Net Income": 15
    },
    "2016-12-31": {
        "Diluted EPS": 0.52,
        "Total Revenue": 327,
        "Gross Profit": 64,
        "Operating Income": 19,
        "EBIT": 26,
        "Net Income": 12
    },
    "2016-09-30": {
        "Diluted EPS": 0.3,
        "Total Revenue": 248,
        "Gross Profit": 55,
        "Operating Income": 11,
        "EBIT": 18,
        "Net Income": 7
    },
    "2016-06-30": {
        "Diluted EPS": 0.79,
        "Total Revenue": 294,
        "Gross Profit": 73,
        "Operating Income": 28,
        "EBIT": 34,
        "Net Income": 18
    },
    "2016-03-31": {
        "Diluted EPS": 0.77,
        "Total Revenue": 279,
        "Gross Profit": 72,
        "Operating Income": 28,
        "EBIT": 34,
        "Net Income": 18
    },
    "2015-12-31": {
        "Diluted EPS": 0.16,
        "Total Revenue": 215,
        "Gross Profit": 45,
        "Operating Income": 5,
        "EBIT": 11,
        "Net Income": 4
    },
    "2015-09-30": {
        "Diluted EPS": 0.1,
        "Total Revenue": 211,
        "Gross Profit": 45,
        "Operating Income": 4,
        "EBIT": 10,
        "Net Income": 2
    },
    "2015-06-30": {
        "Diluted EPS": 0.51,
        "Total Revenue": 268,
        "Gross Profit": 62,
        "Operating Income": 19,
        "EBIT": 25,
        "Net Income": 12
    },
    "2015-03-31": {
        "Diluted EPS": 0.65,
        "Total Revenue": 289,
        "Gross Profit": 66,
        "Operating Income": 22,
        "EBIT": 28,
        "Net Income": 15
    },
    "2014-12-31": {
        "Diluted EPS": 0.37,
        "Total Revenue": 240,
        "Gross Profit": 53,
        "Operating Income": 12,
        "EBIT": 18,
        "Net Income": 9
    },
    "2014-09-30": {
        "Diluted EPS": 0.08,
        "Total Revenue": 220,
        "Gross Profit": 43,
        "Operating Income": 4,
        "EBIT": 11,
        "Net Income": 2
    },
    "2014-06-30": {
        "Diluted EPS": 0.63,
        "Total Revenue": 277,
        "Gross Profit": 62,
        "Operating Income": 22,
        "EBIT": 28,
        "Net Income": 14
    },
    "2014-03-31": {
        "Diluted EPS": 0.41,
        "Total Revenue": 239,
        "Gross Profit": 57,
        "Operating Income": 13,
        "EBIT": 19,
        "Net Income": 10
    },
    "2013-12-31": {
        "Diluted EPS": 0.36,
        "Total Revenue": 224,
        "Gross Profit": 47,
        "Operating Income": 11,
        "EBIT": 16,
        "Net Income": 8
    },
    "2013-09-30": {
        "Diluted EPS": 0.28,
        "Total Revenue": 213,
        "Gross Profit": 46,
        "Operating Income": 9,
        "EBIT": 15,
        "Net Income": 7
    },
    "2013-06-30": {
        "Diluted EPS": 0.48,
        "Total Revenue": 248,
        "Gross Profit": 55,
        "Operating Income": 18,
        "EBIT": 23,
        "Net Income": 11
    },
    "2013-03-31": {
        "Diluted EPS": 0.57,
        "Total Revenue": 248,
        "Gross Profit": 59,
        "Operating Income": 18,
        "EBIT": 24,
        "Net Income": 13
    },
    "2012-12-31": {
        "Diluted EPS": 0.49,
        "Total Revenue": 228,
        "Gross Profit": 49,
        "Operating Income": 9,
        "EBIT": 15,
        "Net Income": 11
    },
    "2012-09-30": {
        "Diluted EPS": 0.3,
        "Total Revenue": 218,
        "Gross Profit": 47,
        "Operating Income": 9,
        "EBIT": 15,
        "Net Income": 7
    },
    "2012-06-30": {
        "Diluted EPS": 0.45,
        "Total Revenue": 238,
        "Gross Profit": 53,
        "Operating Income": 15,
        "EBIT": 20,
        "Net Income": 10
    },
    "2012-03-31": {
        "Diluted EPS": 0.53,
        "Total Revenue": 252,
        "Gross Profit": 59,
        "Operating Income": 18,
        "EBIT": 24,
        "Net Income": 12
    },
    "2011-12-31": {
        "Diluted EPS": 0.37,
        "Total Revenue": 216,
        "Gross Profit": 48,
        "Operating Income": 13,
        "EBIT": 18,
        "Net Income": 9
    },
    "2011-09-30": {
        "Diluted EPS": 0.34,
        "Total Revenue": 215,
        "Gross Profit": 46,
        "Operating Income": 9,
        "EBIT": 14,
        "Net Income": 8
    },
    "2011-06-30": {
        "Diluted EPS": 0.61,
        "Total Revenue": 248,
        "Gross Profit": 62,
        "Operating Income": 21,
        "EBIT": 26,
        "Net Income": 14
    },
    "2011-03-31": {
        "Diluted EPS": 0.44,
        "Total Revenue": 230,
        "Gross Profit": 55,
        "Operating Income": 15,
        "EBIT": 20,
        "Net Income": 10
    },
    "2010-12-31": {
        "Diluted EPS": 0.26,
        "Total Revenue": 157,
        "Gross Profit": 40,
        "Operating Income": 10,
        "EBIT": 14,
        "Net Income": 6
    },
    "2010-09-30": {
        "Diluted EPS": 0.32,
        "Total Revenue": 178,
        "Gross Profit": 42,
        "Operating Income": 10,
        "EBIT": 15,
        "Net Income": 7
    },
    "2010-06-30": {
        "Diluted EPS": 0.45,
        "Total Revenue": 209,
        "Gross Profit": 47,
        "Operating Income": 16,
        "EBIT": 21,
        "Net Income": 10
    },
    "2010-03-31": {
        "Diluted EPS": 0.39,
        "Total Revenue": 193,
        "Gross Profit": 46,
        "Operating Income": 13,
        "EBIT": 18,
        "Net Income": 9
    },
    "2009-12-31": {
        "Diluted EPS": -0.68,
        "Total Revenue": 178,
        "Gross Profit": 31,
        "Operating Income": -18,
        "EBIT": -13,
        "Net Income": -15
    },
    "2009-09-30": {
        "Diluted EPS": 0.15,
        "Total Revenue": 166,
        "Gross Profit": 35,
        "Operating Income": 4,
        "EBIT": 9,
        "Net Income": 3
    },
    "2009-06-30": {
        "Diluted EPS": 0.34,
        "Total Revenue": 189,
        "Gross Profit": 43,
        "Operating Income": 11,
        "EBIT": 16,
        "Net Income": 8
    },
    "2009-03-31": {
        "Diluted EPS": 0.33,
        "Total Revenue": 205,
        "Gross Profit": 44,
        "Operating Income": 12,
        "EBIT": 17,
        "Net Income": 7
    },
    "2023-09-30": {
        "Tax Effect Of Unusual Items": -42500.0,
        "Tax Rate For Calcs": 0.085,
        "Normalized EBITDA": 2900000.0,
        "Total Unusual Items": -500000.0,
        "Total Unusual Items Excluding Goodwill": -500000.0,
        "Net Income From Continuing Operation Net Minority Interest": -6600000.0,
        "Reconciled Depreciation": 7100000.0,
        "Reconciled Cost Of Revenue": 233500000.0,
        "EBITDA": 2400000.0,
        "EBIT": -4700000.0,
        "Net Interest Income": -1900000.0,
        "Interest Expense": 2400000.0,
        "Interest Income": 500000.0,
        "Normalized Income": -6142500.0,
        "Net Income From Continuing And Discontinued Operation": -6600000.0,
        "Total Expenses": 307800000.0,
        "Total Operating Income As Reported": -5200000.0,
        "Diluted Average Shares": 22746783.0,
        "Basic Average Shares": 22746783.0,
        "Diluted EPS": -0.29,
        "Basic EPS": -0.29,
        "Diluted NI Availto Com Stockholders": -6600000.0,
        "Net Income Common Stockholders": -6600000.0,
        "Net Income": -6600000.0,
        "Minority Interests": -100000.0,
        "Net Income Including Noncontrolling Interests": -6500000.0,
        "Net Income Continuous Operations": -6500000.0,
        "Tax Provision": -600000.0,
        "Pretax Income": -7100000.0,
        "Other Income Expense": -500000.0,
        "Other Non Operating Income Expenses": 500000.0,
        "Special Income Charges": -500000.0,
        "Gain On Sale Of Ppe": -400000.0,
        "Impairment Of Capital Assets": 0.0,
        "Restructuring And Mergern Acquisition": 100000.0,
        "Net Non Operating Interest Income Expense": -1900000.0,
        "Interest Expense Non Operating": 2400000.0,
        "Interest Income Non Operating": 500000.0,
        "Operating Income": -4700000.0,
        "Operating Expense": 74300000.0,
        "Research And Development": NaN,
        "Selling General And Administration": 74300000.0,
        "Gross Profit": 69600000.0,
        "Cost Of Revenue": 233500000.0,
        "Total Revenue": 303100000.0,
        "Operating Revenue": 303100000.0
    }
}