{
    "2023-03-31": {
        "Tax Effect Of Unusual Items": NaN,
        "Tax Rate For Calcs": NaN,
        "Normalized EBITDA": NaN,
        "Total Unusual Items": NaN,
        "Total Unusual Items Excluding Goodwill": NaN,
        "Net Income From Continuing Operation Net Minority Interest": NaN,
        "Reconciled Depreciation": NaN,
        "Reconciled Cost Of Revenue": NaN,
        "EBITDA": NaN,
        "EBIT": NaN,
        "Net Interest Income": NaN,
        "Interest Expense": NaN,
        "Interest Income": 349000.0,
        "Normalized Income": NaN,
        "Net Income From Continuing And Discontinued Operation": NaN,
        "Total Expenses": NaN,
        "Total Operating Income As Reported": NaN,
        "Diluted Average Shares": 21041000.0,
        "Basic Average Shares": 20347000.0,
        "Diluted EPS": 0.02,
        "Basic EPS": 0.02,
        "Diluted NI Availto Com Stockholders": NaN,
        "Net Income Common Stockholders": NaN,
        "Net Income": NaN,
        "Net Income Including Noncontrolling Interests": NaN,
        "Net Income Continuous Operations": NaN,
        "Tax Provision": NaN,
        "Pretax Income": NaN,
        "Other Income Expense": 83000.0,
        "Other Non Operating Income Expenses": 83000.0,
        "Special Income Charges": NaN,
        "Other Special Charges": NaN,
        "Net Non Operating Interest Income Expense": NaN,
        "Interest Expense Non Operating": NaN,
        "Interest Income Non Operating": 349000.0,
        "Operating Income": NaN,
        "Operating Expense": NaN,
        "Depreciation Amortization Depletion Income Statement": NaN,
        "Depreciation And Amortization In Income Statement": NaN,
        "Amortization": NaN,
        "Amortization Of Intangibles Income Statement": NaN,
        "Research And Development": NaN,
        "Selling General And Administration": NaN,
        "Selling And Marketing Expense": NaN,
        "General And Administrative Expense": NaN,
        "Other Gand A": NaN,
        "Gross Profit": NaN,
        "Cost Of Revenue": NaN,
        "Total Revenue": NaN,
        "Operating Revenue": NaN
    },
    "2022-12-31": {
        "Tax Effect Of Unusual Items": NaN,
        "Tax Rate For Calcs": NaN,
        "Normalized EBITDA": NaN,
        "Total Unusual Items": -180000.0,
        "Total Unusual Items Excluding Goodwill": -180000.0,
        "Net Income From Continuing Operation Net Minority Interest": NaN,
        "Reconciled Depreciation": NaN,
        "Reconciled Cost Of Revenue": NaN,
        "EBITDA": NaN,
        "EBIT": NaN,
        "Net Interest Income": NaN,
        "Interest Expense": NaN,
        "Interest Income": NaN,
        "Normalized Income": NaN,
        "Net Income From Continuing And Discontinued Operation": NaN,
        "Total Expenses": NaN,
        "Total Operating Income As Reported": NaN,
        "Diluted Average Shares": 20379000.0,
        "Basic Average Shares": 20379000.0,
        "Diluted EPS": -0.05,
        "Basic EPS": -0.05,
        "Diluted NI Availto Com Stockholders": NaN,
        "Net Income Common Stockholders": NaN,
        "Net Income": NaN,
        "Net Income Including Noncontrolling Interests": NaN,
        "Net Income Continuous Operations": NaN,
        "Tax Provision": NaN,
        "Pretax Income": NaN,
        "Other Income Expense": NaN,
        "Other Non Operating Income Expenses": NaN,
        "Special Income Charges": -180000.0,
        "Other Special Charges": NaN,
        "Net Non Operating Interest Income Expense": NaN,
        "Interest Expense Non Operating": NaN,
        "Interest Income Non Operating": NaN,
        "Operating Income": NaN,
        "Operating Expense": NaN,
        "Depreciation Amortization Depletion Income Statement": NaN,
        "Depreciation And Amortization In Income Statement": NaN,
        "Amortization": NaN,
        "Amortization Of Intangibles Income Statement": NaN,
        "Research And Development": NaN,
        "Selling General And Administration": NaN,
        "Selling And Marketing Expense": NaN,
        "General And Administrative Expense": NaN,
        "Other Gand A": NaN,
        "Gross Profit": NaN,
        "Cost Of Revenue": NaN,
        "Total Revenue": NaN,
        "Operating Revenue": NaN
    },
    "2022-09-30": {
        "Tax Effect Of Unusual Items": NaN,
        "Tax Rate For Calcs": NaN,
        "Normalized EBITDA": NaN,
        "Total Unusual Items": 0.0,
        "Total Unusual Items Excluding Goodwill": 0.0,
        "Net Income From Continuing Operation Net Minority Interest": NaN,
        "Reconciled Depreciation": NaN,
        "Reconciled Cost Of Revenue": NaN,
        "EBITDA": NaN,
        "EBIT": NaN,
        "Net Interest Income": NaN,
        "Interest Expense": NaN,
        "Interest Income": NaN,
        "Normalized Income": NaN,
        "Net Income From Continuing And Discontinued Operation": NaN,
        "Total Expenses": NaN,
        "Total Operating Income As Reported": NaN,
        "Diluted Average Shares": NaN,
        "Basic Average Shares": NaN,
        "Diluted EPS": NaN,
        "Basic EPS": NaN,
        "Diluted NI Availto Com Stockholders": NaN,
        "Net Income Common Stockholders": NaN,
        "Net Income": NaN,
        "Net Income Including Noncontrolling Interests": NaN,
        "Net Income Continuous Operations": NaN,
        "Tax Provision": NaN,
        "Pretax Income": NaN,
        "Other Income Expense": NaN,
        "Other Non Operating Income Expenses": NaN,
        "Special Income Charges": 0.0,
        "Other Special Charges": NaN,
        "Net Non Operating Interest Income Expense": NaN,
        "Interest Expense Non Operating": NaN,
        "Interest Income Non Operating": NaN,
        "Operating Income": NaN,
        "Operating Expense": NaN,
        "Depreciation Amortization Depletion Income Statement": NaN,
        "Depreciation And Amortization In Income Statement": NaN,
        "Amortization": NaN,
        "Amortization Of Intangibles Income Statement": NaN,
        "Research And Development": NaN,
        "Selling General And Administration": NaN,
        "Selling And Marketing Expense": NaN,
        "General And Administrative Expense": NaN,
        "Other Gand A": NaN,
        "Gross Profit": NaN,
        "Cost Of Revenue": NaN,
        "Total Revenue": NaN,
        "Operating Revenue": NaN
    },
    "2022-06-30": {
        "Tax Effect Of Unusual Items": 0.0,
        "Tax Rate For Calcs": 0.4,
        "Normalized EBITDA": 346000.0,
        "Total Unusual Items": NaN,
        "Total Unusual Items Excluding Goodwill": NaN,
        "Net Income From Continuing Operation Net Minority Interest": -5860000.0,
        "Reconciled Depreciation": 5047000.0,
        "Reconciled Cost Of Revenue": 6344000.0,
        "EBITDA": 346000.0,
        "EBIT": -4701000.0,
        "Net Interest Income": -1085000.0,
        "Interest Expense": 1085000.0,
        "Normalized Income": -5860000.0,
        "Net Income From Continuing And Discontinued Operation": -5860000.0,
        "Total Expenses": 26148000.0,
        "Total Operating Income As Reported": -5848000.0,
        "Diluted Average Shares": 20106000.0,
        "Basic Average Shares": 20106000.0,
        "Diluted EPS": -0.29,
        "Basic EPS": -0.29,
        "Diluted NI Availto Com Stockholders": -5860000.0,
        "Net Income Common Stockholders": -5860000.0,
        "Net Income": -5860000.0,
        "Net Income Including Noncontrolling Interests": -5860000.0,
        "Net Income Continuous Operations": -5860000.0,
        "Tax Provision": 74000.0,
        "Pretax Income": -5786000.0,
        "Other Income Expense": 1147000.0,
        "Other Non Operating Income Expenses": 1147000.0,
        "Special Income Charges": NaN,
        "Net Non Operating Interest Income Expense": -1085000.0,
        "Interest Expense Non Operating": 1085000.0,
        "Operating Income": -5848000.0,
        "Operating Expense": 18109000.0,
        "Depreciation Amortization Depletion Income Statement": 3352000.0,
        "Depreciation And Amortization In Income Statement": 3352000.0,
        "Amortization": 3352000.0,
        "Amortization Of Intangibles Income Statement": 3352000.0,
        "Research And Development": 1472000.0,
        "Selling General And Administration": 13285000.0,
        "Selling And Marketing Expense": 4589000.0,
        "General And Administrative Expense": 8696000.0,
        "Other Gand A": 8696000.0,
        "Gross Profit": 12261000.0,
        "Cost Of Revenue": 8039000.0,
        "Total Revenue": 20300000.0,
        "Operating Revenue": 20300000.0
    },
    "2022-03-31": {
        "Diluted EPS": -0.15,
        "Total Revenue": 24,
        "Gross Profit": 15,
        "Operating Income": -2,
        "EBIT": 3,
        "Net Income": -3
    },
    "2021-12-31": {
        "Diluted EPS": -0.24,
        "Total Revenue": 21,
        "Gross Profit": 13,
        "Operating Income": -3,
        "EBIT": 2,
        "Net Income": -4
    },
    "2021-09-30": {
        "Diluted EPS": 0.28,
        "Total Revenue": 18,
        "Gross Profit": 11,
        "Operating Income": -4,
        "EBIT": 0,
        "Net Income": 5
    },
    "2021-06-30": {
        "Diluted EPS": 0.2,
        "Total Revenue": 17,
        "Gross Profit": 10,
        "Operating Income": -4,
        "EBIT": 0,
        "Net Income": 4
    },
    "2021-03-31": {
        "Diluted EPS": -0.08,
        "Total Revenue": 20,
        "Gross Profit": 12,
        "Operating Income": -1,
        "EBIT": 3,
        "Net Income": -2
    },
    "2020-12-31": {
        "Diluted EPS": -0.37,
        "Total Revenue": 16,
        "Gross Profit": 10,
        "Operating Income": -5,
        "EBIT": -1,
        "Net Income": -6
    },
    "2020-09-30": {
        "Diluted EPS": -0.3,
        "Total Revenue": 16,
        "Gross Profit": 9,
        "Operating Income": -5,
        "EBIT": 0,
        "Net Income": -5
    },
    "2020-06-30": {
        "Diluted EPS": -0.25,
        "Total Revenue": 14,
        "Gross Profit": 8,
        "Operating Income": -4,
        "EBIT": 1,
        "Net Income": -4
    },
    "2020-03-31": {
        "Diluted EPS": -0.11,
        "Total Revenue": 19,
        "Gross Profit": 11,
        "Operating Income": -2,
        "EBIT": 2,
        "Net Income": -2
    },
    "2019-12-31": {
        "Diluted EPS": 2.66,
        "Total Revenue": 18,
        "Gross Profit": 8,
        "Operating Income": -44,
        "EBIT": -2,
        "Net Income": 41
    },
    "2019-09-30": {
        "Diluted EPS": -0.22,
        "Total Revenue": 18,
        "Gross Profit": 11,
        "Operating Income": -3,
        "EBIT": 1,
        "Net Income": -3
    },
    "2019-06-30": {
        "Diluted EPS": -0.32,
        "Total Revenue": 17,
        "Gross Profit": 10,
        "Operating Income": -3,
        "EBIT": 1,
        "Net Income": -5
    },
    "2019-03-31": {
        "Diluted EPS": -0.19,
        "Total Revenue": 20,
        "Gross Profit": 14,
        "Operating Income": 0,
        "EBIT": 4,
        "Net Income": -3
    },
    "2018-12-31": {
        "Diluted EPS": 0.14,
        "Total Revenue": -1,
        "Gross Profit": -4,
        "Operating Income": -8,
        "EBIT": -3,
        "Net Income": 2
    },
    "2018-09-30": {
        "Diluted EPS": -0.24,
        "Total Revenue": 23,
        "Gross Profit": 15,
        "Operating Income": -2,
        "EBIT": 2,
        "Net Income": -4
    },
    "2018-06-30": {
        "Diluted EPS": -0.29,
        "Total Revenue": 22,
        "Gross Profit": 15,
        "Operating Income": -1,
        "EBIT": 2,
        "Net Income": -4
    },
    "2018-03-31": {
        "Diluted EPS": -0.15,
        "Total Revenue": 19,
        "Gross Profit": 14,
        "Operating Income": 0,
        "EBIT": 2,
        "Net Income": -2
    },
    "2017-12-31": {
        "Diluted EPS": -0.13,
        "Total Revenue": 15,
        "Gross Profit": 11,
        "Operating Income": 0,
        "EBIT": 1,
        "Net Income": -2
    },
    "2017-09-30": {
        "Diluted EPS": -0.1,
        "Total Revenue": 16,
        "Gross Profit": 12,
        "Operating Income": 0,
        "EBIT": 2,
        "Net Income": -1
    },
    "2017-06-30": {
        "Diluted EPS": -0.18,
        "Total Revenue": 13,
        "Gross Profit": 10,
        "Operating Income": -1,
        "EBIT": 1,
        "Net Income": -2
    },
    "2017-03-31": {
        "Diluted EPS": -0.12,
        "Total Revenue": 11,
        "Gross Profit": 8,
        "Operating Income": 0,
        "EBIT": 1,
        "Net Income": -1
    },
    "2016-12-31": {
        "Diluted EPS": 0.03,
        "Total Revenue": 10,
        "Gross Profit": 8,
        "Operating Income": 1,
        "EBIT": 2,
        "Net Income": 0
    },
    "2016-09-30": {
        "Diluted EPS": 0.05,
        "Total Revenue": 9,
        "Gross Profit": 7,
        "Operating Income": 1,
        "EBIT": 2,
        "Net Income": 0
    },
    "2016-06-30": {
        "Diluted EPS": 0.02,
        "Total Revenue": 10,
        "Gross Profit": 7,
        "Operating Income": 1,
        "EBIT": 2,
        "Net Income": 0
    },
    "2016-03-31": {
        "Diluted EPS": -0.25,
        "Total Revenue": 7,
        "Gross Profit": 5,
        "Operating Income": -1,
        "EBIT": -1,
        "Net Income": -2
    },
    "2015-12-31": {
        "Diluted EPS": -0.13,
        "Total Revenue": 7,
        "Gross Profit": 5,
        "Operating Income": 0,
        "EBIT": 0,
        "Net Income": -1
    },
    "2015-09-30": {
        "Diluted EPS": -0.09,
        "Total Revenue": 7,
        "Gross Profit": 5,
        "Operating Income": 0,
        "EBIT": 1,
        "Net Income": -1
    },
    "2015-06-30": {
        "Diluted EPS": 0.02,
        "Total Revenue": 7,
        "Gross Profit": 5,
        "Operating Income": 0,
        "EBIT": 1,
        "Net Income": 0
    },
    "2015-03-31": {
        "Diluted EPS": -0.08,
        "Total Revenue": 6,
        "Gross Profit": 5,
        "Operating Income": 0,
        "EBIT": 1,
        "Net Income": 0
    },
    "2014-12-31": {
        "Diluted EPS": 0.02,
        "Total Revenue": 7,
        "Gross Profit": 5,
        "Operating Income": 0,
        "EBIT": 1,
        "Net Income": 0
    },
    "2014-09-30": {
        "Diluted EPS": 0.03,
        "Total Revenue": 7,
        "Gross Profit": 5,
        "Operating Income": 1,
        "EBIT": 1,
        "Net Income": 0
    },
    "2014-06-30": {
        "Diluted EPS": 0.0,
        "Total Revenue": 7,
        "Gross Profit": 5,
        "Operating Income": 0,
        "EBIT": 1,
        "Net Income": 0
    },
    "2014-03-31": {
        "Diluted EPS": -0.09,
        "Total Revenue": 7,
        "Gross Profit": 5,
        "Operating Income": 0,
        "EBIT": 1,
        "Net Income": -1
    },
    "2013-12-31": {
        "Diluted EPS": 0.0,
        "Total Revenue": 7,
        "Gross Profit": 5,
        "Operating Income": 1,
        "EBIT": 1,
        "Net Income": 0
    },
    "2013-09-30": {
        "Diluted EPS": 0.02,
        "Total Revenue": 6,
        "Gross Profit": 5,
        "Operating Income": 0,
        "EBIT": 1,
        "Net Income": 0
    },
    "2013-06-30": {
        "Diluted EPS": -0.1,
        "Total Revenue": 6,
        "Gross Profit": 5,
        "Operating Income": 0,
        "EBIT": 1,
        "Net Income": -1
    },
    "2013-03-31": {
        "Diluted EPS": -0.21,
        "Total Revenue": 6,
        "Gross Profit": 4,
        "Operating Income": 0,
        "EBIT": 1,
        "Net Income": -1
    },
    "2012-12-31": {
        "Diluted EPS": -0.13,
        "Total Revenue": 6,
        "Gross Profit": 4,
        "Operating Income": 0,
        "EBIT": 1,
        "Net Income": -1
    },
    "2012-09-30": {
        "Diluted EPS": -0.23,
        "Total Revenue": 6,
        "Gross Profit": 5,
        "Operating Income": -1,
        "EBIT": 0,
        "Net Income": -1
    },
    "2012-06-30": {
        "Diluted EPS": -0.06,
        "Total Revenue": 4,
        "Gross Profit": 3,
        "Operating Income": 0,
        "EBIT": 0,
        "Net Income": 0
    },
    "2012-03-31": {
        "Diluted EPS": -0.18,
        "Total Revenue": 4,
        "Gross Profit": 3,
        "Operating Income": 0,
        "EBIT": 1,
        "Net Income": -1
    },
    "2011-12-31": {
        "Diluted EPS": -0.15,
        "Total Revenue": 4,
        "Gross Profit": 3,
        "Operating Income": 0,
        "EBIT": 0,
        "Net Income": -1
    },
    "2011-09-30": {
        "Diluted EPS": 0.01,
        "Total Revenue": 3,
        "Gross Profit": 2,
        "Operating Income": 0,
        "EBIT": 0,
        "Net Income": 0
    },
    "2011-06-30": {
        "Diluted EPS": 0.01,
        "Total Revenue": 2,
        "Gross Profit": 2,
        "Operating Income": 0,
        "EBIT": 0,
        "Net Income": 0
    },
    "2011-03-31": {
        "Diluted EPS": -0.01,
        "Total Revenue": 2,
        "Gross Profit": 2,
        "Operating Income": 0,
        "EBIT": 0,
        "Net Income": 0
    },
    "2010-12-31": {
        "Diluted EPS": 0.01,
        "Total Revenue": 2,
        "Gross Profit": 2,
        "Operating Income": 0,
        "EBIT": 0,
        "Net Income": 0
    },
    "2010-09-30": {
        "Diluted EPS": 0.0,
        "Total Revenue": 3,
        "Gross Profit": 2,
        "Operating Income": 0,
        "EBIT": 0,
        "Net Income": 0
    },
    "2010-06-30": {
        "Diluted EPS": -0.22,
        "Total Revenue": 3,
        "Gross Profit": 2,
        "Operating Income": -1,
        "EBIT": -1,
        "Net Income": -1
    },
    "2010-03-31": {
        "Diluted EPS": -0.04,
        "Total Revenue": 2,
        "Gross Profit": 2,
        "Operating Income": 0,
        "EBIT": 0,
        "Net Income": 0
    },
    "2009-12-31": {
        "Diluted EPS": 0.0,
        "Total Revenue": NaN,
        "Gross Profit": NaN,
        "Operating Income": NaN,
        "EBIT": NaN,
        "Net Income": NaN
    },
    "2009-10-31": {
        "Diluted EPS": -0.33,
        "Total Revenue": 2,
        "Gross Profit": 2,
        "Operating Income": -1,
        "EBIT": -1,
        "Net Income": -2
    },
    "2009-09-30": {
        "Diluted EPS": -1.03,
        "Total Revenue": 2,
        "Gross Profit": 2,
        "Operating Income": -5,
        "EBIT": -5,
        "Net Income": -5
    },
    "2009-07-31": {
        "Diluted EPS": 0.0,
        "Total Revenue": NaN,
        "Gross Profit": NaN,
        "Operating Income": NaN,
        "EBIT": NaN,
        "Net Income": NaN
    },
    "2009-06-30": {
        "Diluted EPS": -0.54,
        "Total Revenue": 2,
        "Gross Profit": 2,
        "Operating Income": -2,
        "EBIT": -2,
        "Net Income": -3
    },
    "2009-04-30": {
        "Diluted EPS": -0.27,
        "Total Revenue": 2,
        "Gross Profit": 2,
        "Operating Income": -1,
        "EBIT": -1,
        "Net Income": -1
    },
    "2009-03-31": {
        "Diluted EPS": -0.29,
        "Total Revenue": 3,
        "Gross Profit": 2,
        "Operating Income": -1,
        "EBIT": -1,
        "Net Income": -1
    },
    "2009-01-31": {
        "Diluted EPS": -0.33,
        "Total Revenue": 2,
        "Gross Profit": 2,
        "Operating Income": -2,
        "EBIT": -2,
        "Net Income": -2
    },
    "2023-06-30": {
        "Tax Effect Of Unusual Items": 0.0,
        "Tax Rate For Calcs": 0.21,
        "Normalized EBITDA": 3809000.0,
        "Total Unusual Items": NaN,
        "Total Unusual Items Excluding Goodwill": NaN,
        "Net Income From Continuing Operation Net Minority Interest": -3765000.0,
        "Reconciled Depreciation": 5354000.0,
        "Reconciled Cost Of Revenue": 6342000.0,
        "EBITDA": 3809000.0,
        "EBIT": -1545000.0,
        "Net Interest Income": -1593000.0,
        "Interest Expense": 1593000.0,
        "Interest Income": NaN,
        "Normalized Income": -3765000.0,
        "Net Income From Continuing And Discontinued Operation": -3765000.0,
        "Total Expenses": 31872000.0,
        "Total Operating Income As Reported": -1452000.0,
        "Diluted Average Shares": 20651000.0,
        "Basic Average Shares": 20651000.0,
        "Diluted EPS": -0.18,
        "Basic EPS": -0.18,
        "Diluted NI Availto Com Stockholders": -3765000.0,
        "Net Income Common Stockholders": -3765000.0,
        "Net Income": -3765000.0,
        "Net Income Including Noncontrolling Interests": -3765000.0,
        "Net Income Continuous Operations": -3765000.0,
        "Tax Provision": 627000.0,
        "Pretax Income": -3138000.0,
        "Other Income Expense": -93000.0,
        "Other Non Operating Income Expenses": -93000.0,
        "Special Income Charges": NaN,
        "Other Special Charges": NaN,
        "Net Non Operating Interest Income Expense": -1593000.0,
        "Interest Expense Non Operating": 1593000.0,
        "Interest Income Non Operating": NaN,
        "Operating Income": -1452000.0,
        "Operating Expense": 23470000.0,
        "Depreciation Amortization Depletion Income Statement": 3294000.0,
        "Depreciation And Amortization In Income Statement": 3294000.0,
        "Amortization": 3294000.0,
        "Amortization Of Intangibles Income Statement": 3294000.0,
        "Research And Development": 1325000.0,
        "Selling General And Administration": 18851000.0,
        "Selling And Marketing Expense": 8515000.0,
        "General And Administrative Expense": 10336000.0,
        "Other Gand A": 10336000.0,
        "Gross Profit": 22018000.0,
        "Cost Of Revenue": 8402000.0,
        "Total Revenue": 30420000.0,
        "Operating Revenue": 30420000.0
    },
    "2023-09-30": {
        "Tax Effect Of Unusual Items": -80116.358952,
        "Tax Rate For Calcs": 0.052812,
        "Normalized EBITDA": 4892000.0,
        "Total Unusual Items": -1517000.0,
        "Total Unusual Items Excluding Goodwill": -1517000.0,
        "Net Income From Continuing Operation Net Minority Interest": -2206000.0,
        "Reconciled Depreciation": 4922000.0,
        "Reconciled Cost Of Revenue": 6465000.0,
        "EBITDA": 3375000.0,
        "EBIT": -1547000.0,
        "Net Interest Income": -782000.0,
        "Interest Expense": 782000.0,
        "Interest Income": NaN,
        "Normalized Income": -769116.358952,
        "Net Income From Continuing And Discontinued Operation": -2206000.0,
        "Total Expenses": 29081000.0,
        "Total Operating Income As Reported": 253000.0,
        "Diluted Average Shares": 22591000.0,
        "Basic Average Shares": 22591000.0,
        "Diluted EPS": -0.1,
        "Basic EPS": -0.1,
        "Diluted NI Availto Com Stockholders": -2206000.0,
        "Net Income Common Stockholders": -2206000.0,
        "Net Income": -2206000.0,
        "Net Income Including Noncontrolling Interests": -2206000.0,
        "Net Income Continuous Operations": -2206000.0,
        "Tax Provision": -123000.0,
        "Pretax Income": -2329000.0,
        "Other Income Expense": -1800000.0,
        "Other Non Operating Income Expenses": -283000.0,
        "Special Income Charges": -1517000.0,
        "Other Special Charges": 1517000.0,
        "Net Non Operating Interest Income Expense": -782000.0,
        "Interest Expense Non Operating": 782000.0,
        "Interest Income Non Operating": NaN,
        "Operating Income": 253000.0,
        "Operating Expense": 21027000.0,
        "Depreciation Amortization Depletion Income Statement": 3333000.0,
        "Depreciation And Amortization In Income Statement": 3333000.0,
        "Amortization": 3333000.0,
        "Amortization Of Intangibles Income Statement": 3333000.0,
        "Research And Development": 1803000.0,
        "Selling General And Administration": 15891000.0,
        "Selling And Marketing Expense": 6597000.0,
        "General And Administrative Expense": 9294000.0,
        "Other Gand A": 9294000.0,
        "Gross Profit": 21280000.0,
        "Cost Of Revenue": 8054000.0,
        "Total Revenue": 29334000.0,
        "Operating Revenue": 29334000.0
    },
    "2023-12-31": {
        "Tax Effect Of Unusual Items": 0.0,
        "Tax Rate For Calcs": 0.042246,
        "Normalized EBITDA": 1480000.0,
        "Total Unusual Items": 0.0,
        "Total Unusual Items Excluding Goodwill": 0.0,
        "Net Income From Continuing Operation Net Minority Interest": -3582000.0,
        "Reconciled Depreciation": 5244000.0,
        "Reconciled Cost Of Revenue": 6875000.0,
        "EBITDA": 1480000.0,
        "EBIT": -3764000.0,
        "Net Interest Income": 24000.0,
        "Interest Expense": -24000.0,
        "Interest Income": NaN,
        "Normalized Income": -3582000.0,
        "Net Income From Continuing And Discontinued Operation": -3582000.0,
        "Total Expenses": 30027000.0,
        "Total Operating Income As Reported": -3763000.0,
        "Diluted Average Shares": NaN,
        "Basic Average Shares": NaN,
        "Diluted EPS": NaN,
        "Basic EPS": NaN,
        "Diluted NI Availto Com Stockholders": -3582000.0,
        "Net Income Common Stockholders": -3582000.0,
        "Net Income": -3582000.0,
        "Net Income Including Noncontrolling Interests": -3582000.0,
        "Net Income Continuous Operations": -3582000.0,
        "Tax Provision": -158000.0,
        "Pretax Income": -3740000.0,
        "Other Income Expense": -1000.0,
        "Other Non Operating Income Expenses": -1000.0,
        "Special Income Charges": 0.0,
        "Other Special Charges": 0.0,
        "Net Non Operating Interest Income Expense": 24000.0,
        "Interest Expense Non Operating": -24000.0,
        "Interest Income Non Operating": NaN,
        "Operating Income": -3763000.0,
        "Operating Expense": 21602000.0,
        "Depreciation Amortization Depletion Income Statement": 3694000.0,
        "Depreciation And Amortization In Income Statement": 3694000.0,
        "Amortization": 3694000.0,
        "Amortization Of Intangibles Income Statement": 3694000.0,
        "Research And Development": 1739000.0,
        "Selling General And Administration": 16169000.0,
        "Selling And Marketing Expense": 6422000.0,
        "General And Administrative Expense": 9747000.0,
        "Other Gand A": 9747000.0,
        "Gross Profit": 17839000.0,
        "Cost Of Revenue": 8425000.0,
        "Total Revenue": 26264000.0,
        "Operating Revenue": 26264000.0
    },
    "2024-03-31": {
        "Tax Effect Of Unusual Items": 0.0,
        "Tax Rate For Calcs": 0.4,
        "Normalized EBITDA": 5100000.0,
        "Total Unusual Items": NaN,
        "Total Unusual Items Excluding Goodwill": NaN,
        "Net Income From Continuing Operation Net Minority Interest": -308000.0,
        "Reconciled Depreciation": 5195000.0,
        "Reconciled Cost Of Revenue": 7299000.0,
        "EBITDA": 5100000.0,
        "EBIT": -95000.0,
        "Net Interest Income": 156000.0,
        "Interest Expense": 180000.0,
        "Interest Income": 336000.0,
        "Normalized Income": -308000.0,
        "Net Income From Continuing And Discontinued Operation": -308000.0,
        "Total Expenses": 32093000.0,
        "Total Operating Income As Reported": -441000.0,
        "Diluted Average Shares": 25334000.0,
        "Basic Average Shares": 25334000.0,
        "Diluted EPS": -0.01,
        "Basic EPS": -0.01,
        "Diluted NI Availto Com Stockholders": -308000.0,
        "Net Income Common Stockholders": -308000.0,
        "Net Income": -308000.0,
        "Net Income Including Noncontrolling Interests": -308000.0,
        "Net Income Continuous Operations": -308000.0,
        "Tax Provision": 33000.0,
        "Pretax Income": -275000.0,
        "Other Income Expense": 10000.0,
        "Other Non Operating Income Expenses": 10000.0,
        "Special Income Charges": NaN,
        "Other Special Charges": NaN,
        "Net Non Operating Interest Income Expense": 156000.0,
        "Interest Expense Non Operating": 180000.0,
        "Interest Income Non Operating": 336000.0,
        "Operating Income": -441000.0,
        "Operating Expense": 23048000.0,
        "Depreciation Amortization Depletion Income Statement": 3449000.0,
        "Depreciation And Amortization In Income Statement": 3449000.0,
        "Amortization": 3449000.0,
        "Amortization Of Intangibles Income Statement": 3449000.0,
        "Research And Development": 1769000.0,
        "Selling General And Administration": 17830000.0,
        "Selling And Marketing Expense": 7767000.0,
        "General And Administrative Expense": 10063000.0,
        "Other Gand A": 10063000.0,
        "Gross Profit": 22607000.0,
        "Cost Of Revenue": 9045000.0,
        "Total Revenue": 31652000.0,
        "Operating Revenue": 31652000.0
    },
    "2024-06-30": {
        "Tax Effect Of Unusual Items": 0.0,
        "Tax Rate For Calcs": 0.21,
        "Normalized EBITDA": 1920000.0,
        "Total Unusual Items": NaN,
        "Total Unusual Items Excluding Goodwill": NaN,
        "Net Income From Continuing Operation Net Minority Interest": -4360000.0,
        "Reconciled Depreciation": 5841000.0,
        "Reconciled Cost Of Revenue": 7381000.0,
        "EBITDA": 1920000.0,
        "EBIT": -3921000.0,
        "Net Interest Income": 53000.0,
        "Interest Expense": 208000.0,
        "Interest Income": 261000.0,
        "Normalized Income": -4360000.0,
        "Net Income From Continuing And Discontinued Operation": -4360000.0,
        "Total Expenses": 32226000.0,
        "Total Operating Income As Reported": -4182000.0,
        "Diluted Average Shares": NaN,
        "Basic Average Shares": NaN,
        "Diluted EPS": NaN,
        "Basic EPS": NaN,
        "Diluted NI Availto Com Stockholders": -4360000.0,
        "Net Income Common Stockholders": -4360000.0,
        "Net Income": -4360000.0,
        "Net Income Including Noncontrolling Interests": -4360000.0,
        "Net Income Continuous Operations": -4360000.0,
        "Tax Provision": 231000.0,
        "Pretax Income": -4129000.0,
        "Other Income Expense": NaN,
        "Other Non Operating Income Expenses": NaN,
        "Special Income Charges": NaN,
        "Other Special Charges": NaN,
        "Net Non Operating Interest Income Expense": 53000.0,
        "Interest Expense Non Operating": 208000.0,
        "Interest Income Non Operating": 261000.0,
        "Operating Income": -4182000.0,
        "Operating Expense": 23050000.0,
        "Depreciation Amortization Depletion Income Statement": 4046000.0,
        "Depreciation And Amortization In Income Statement": 4046000.0,
        "Amortization": 4046000.0,
        "Amortization Of Intangibles Income Statement": 4046000.0,
        "Research And Development": 1962000.0,
        "Selling General And Administration": 17042000.0,
        "Selling And Marketing Expense": 6924000.0,
        "General And Administrative Expense": 10118000.0,
        "Other Gand A": 10118000.0,
        "Gross Profit": 18868000.0,
        "Cost Of Revenue": 9176000.0,
        "Total Revenue": 28044000.0,
        "Operating Revenue": 28044000.0
    }
}