{
    "2023-03-31": {
        "Tax Effect Of Unusual Items": NaN,
        "Tax Rate For Calcs": NaN,
        "Normalized EBITDA": NaN,
        "Total Unusual Items": NaN,
        "Total Unusual Items Excluding Goodwill": NaN,
        "Net Income From Continuing Operation Net Minority Interest": NaN,
        "Reconciled Depreciation": NaN,
        "Reconciled Cost Of Revenue": NaN,
        "EBITDA": NaN,
        "EBIT": NaN,
        "Net Interest Income": NaN,
        "Interest Expense": NaN,
        "Interest Income": NaN,
        "Normalized Income": NaN,
        "Net Income From Continuing And Discontinued Operation": NaN,
        "Total Expenses": NaN,
        "Total Operating Income As Reported": NaN,
        "Diluted Average Shares": 14157000.0,
        "Basic Average Shares": 14028000.0,
        "Diluted EPS": 0.23,
        "Basic EPS": 0.23,
        "Diluted NI Availto Com Stockholders": NaN,
        "Net Income Common Stockholders": NaN,
        "Net Income": NaN,
        "Net Income Including Noncontrolling Interests": NaN,
        "Net Income Continuous Operations": NaN,
        "Tax Provision": NaN,
        "Pretax Income": NaN,
        "Other Income Expense": NaN,
        "Other Non Operating Income Expenses": 13000.0,
        "Special Income Charges": NaN,
        "Gain On Sale Of Ppe": NaN,
        "Impairment Of Capital Assets": NaN,
        "Restructuring And Mergern Acquisition": NaN,
        "Gain On Sale Of Security": -168000.0,
        "Net Non Operating Interest Income Expense": NaN,
        "Total Other Finance Cost": 261000.0,
        "Interest Expense Non Operating": NaN,
        "Interest Income Non Operating": NaN,
        "Operating Income": NaN,
        "Operating Expense": NaN,
        "Research And Development": NaN,
        "Selling General And Administration": NaN,
        "General And Administrative Expense": NaN,
        "Other Gand A": NaN,
        "Salaries And Wages": NaN,
        "Gross Profit": NaN,
        "Cost Of Revenue": NaN,
        "Total Revenue": NaN,
        "Operating Revenue": NaN
    },
    "2022-12-31": {
        "Tax Effect Of Unusual Items": NaN,
        "Tax Rate For Calcs": NaN,
        "Normalized EBITDA": NaN,
        "Total Unusual Items": NaN,
        "Total Unusual Items Excluding Goodwill": NaN,
        "Net Income From Continuing Operation Net Minority Interest": NaN,
        "Reconciled Depreciation": NaN,
        "Reconciled Cost Of Revenue": NaN,
        "EBITDA": NaN,
        "EBIT": NaN,
        "Net Interest Income": NaN,
        "Interest Expense": NaN,
        "Interest Income": NaN,
        "Normalized Income": NaN,
        "Net Income From Continuing And Discontinued Operation": NaN,
        "Total Expenses": NaN,
        "Total Operating Income As Reported": NaN,
        "Diluted Average Shares": NaN,
        "Basic Average Shares": NaN,
        "Diluted EPS": NaN,
        "Basic EPS": NaN,
        "Diluted NI Availto Com Stockholders": NaN,
        "Net Income Common Stockholders": NaN,
        "Net Income": NaN,
        "Net Income Including Noncontrolling Interests": NaN,
        "Net Income Continuous Operations": NaN,
        "Tax Provision": NaN,
        "Pretax Income": NaN,
        "Other Income Expense": NaN,
        "Other Non Operating Income Expenses": -9000.0,
        "Special Income Charges": NaN,
        "Gain On Sale Of Ppe": NaN,
        "Impairment Of Capital Assets": NaN,
        "Restructuring And Mergern Acquisition": NaN,
        "Gain On Sale Of Security": -347000.0,
        "Net Non Operating Interest Income Expense": NaN,
        "Total Other Finance Cost": NaN,
        "Interest Expense Non Operating": NaN,
        "Interest Income Non Operating": NaN,
        "Operating Income": NaN,
        "Operating Expense": NaN,
        "Research And Development": NaN,
        "Selling General And Administration": NaN,
        "General And Administrative Expense": NaN,
        "Other Gand A": NaN,
        "Salaries And Wages": NaN,
        "Gross Profit": NaN,
        "Cost Of Revenue": NaN,
        "Total Revenue": NaN,
        "Operating Revenue": NaN
    },
    "2022-09-30": {
        "Tax Effect Of Unusual Items": NaN,
        "Tax Rate For Calcs": NaN,
        "Normalized EBITDA": NaN,
        "Total Unusual Items": NaN,
        "Total Unusual Items Excluding Goodwill": NaN,
        "Net Income From Continuing Operation Net Minority Interest": NaN,
        "Reconciled Depreciation": NaN,
        "Reconciled Cost Of Revenue": NaN,
        "EBITDA": NaN,
        "EBIT": NaN,
        "Net Interest Income": NaN,
        "Interest Expense": NaN,
        "Interest Income": NaN,
        "Normalized Income": NaN,
        "Net Income From Continuing And Discontinued Operation": NaN,
        "Total Expenses": NaN,
        "Total Operating Income As Reported": NaN,
        "Diluted Average Shares": NaN,
        "Basic Average Shares": NaN,
        "Diluted EPS": NaN,
        "Basic EPS": NaN,
        "Diluted NI Availto Com Stockholders": NaN,
        "Net Income Common Stockholders": NaN,
        "Net Income": NaN,
        "Net Income Including Noncontrolling Interests": NaN,
        "Net Income Continuous Operations": NaN,
        "Tax Provision": NaN,
        "Pretax Income": NaN,
        "Other Income Expense": NaN,
        "Other Non Operating Income Expenses": NaN,
        "Special Income Charges": NaN,
        "Gain On Sale Of Ppe": 0.0,
        "Impairment Of Capital Assets": NaN,
        "Restructuring And Mergern Acquisition": NaN,
        "Gain On Sale Of Security": NaN,
        "Net Non Operating Interest Income Expense": NaN,
        "Total Other Finance Cost": -872000.0,
        "Interest Expense Non Operating": NaN,
        "Interest Income Non Operating": NaN,
        "Operating Income": NaN,
        "Operating Expense": NaN,
        "Research And Development": NaN,
        "Selling General And Administration": NaN,
        "General And Administrative Expense": NaN,
        "Other Gand A": NaN,
        "Salaries And Wages": NaN,
        "Gross Profit": NaN,
        "Cost Of Revenue": NaN,
        "Total Revenue": NaN,
        "Operating Revenue": NaN
    },
    "2022-06-30": {
        "Tax Effect Of Unusual Items": 24340.949033,
        "Tax Rate For Calcs": 0.001953,
        "Normalized EBITDA": -14902000.0,
        "Total Unusual Items": 12465000.0,
        "Total Unusual Items Excluding Goodwill": 12465000.0,
        "Net Income From Continuing Operation Net Minority Interest": 10222000.0,
        "Reconciled Depreciation": 466000.0,
        "Reconciled Cost Of Revenue": 14064000.0,
        "EBITDA": -2437000.0,
        "EBIT": -2903000.0,
        "Net Interest Income": 680000.0,
        "Interest Expense": NaN,
        "Normalized Income": -2218659.050967,
        "Net Income From Continuing And Discontinued Operation": 10222000.0,
        "Total Expenses": 22867000.0,
        "Total Operating Income As Reported": 9562000.0,
        "Diluted Average Shares": 14026000.0,
        "Basic Average Shares": 13889000.0,
        "Diluted EPS": 0.73,
        "Basic EPS": 0.74,
        "Diluted NI Availto Com Stockholders": 10222000.0,
        "Net Income Common Stockholders": 10222000.0,
        "Net Income": 10222000.0,
        "Net Income Including Noncontrolling Interests": 10222000.0,
        "Net Income Continuous Operations": 10222000.0,
        "Tax Provision": 20000.0,
        "Pretax Income": 10242000.0,
        "Other Income Expense": 12465000.0,
        "Special Income Charges": 12465000.0,
        "Gain On Sale Of Ppe": 12465000.0,
        "Restructuring And Mergern Acquisition": 0.0,
        "Net Non Operating Interest Income Expense": 680000.0,
        "Total Other Finance Cost": -680000.0,
        "Interest Expense Non Operating": NaN,
        "Operating Income": -2903000.0,
        "Operating Expense": 8803000.0,
        "Research And Development": 1646000.0,
        "Selling General And Administration": 7157000.0,
        "General And Administrative Expense": NaN,
        "Other Gand A": NaN,
        "Salaries And Wages": NaN,
        "Gross Profit": 5900000.0,
        "Cost Of Revenue": 14064000.0,
        "Total Revenue": 19964000.0,
        "Operating Revenue": 19964000.0
    },
    "2022-03-31": {
        "Diluted EPS": 0.14,
        "Total Revenue": 28,
        "Gross Profit": 11,
        "Operating Income": 3,
        "EBIT": 3,
        "Net Income": 2
    },
    "2021-12-31": {
        "Diluted EPS": 0.07,
        "Total Revenue": 26,
        "Gross Profit": 10,
        "Operating Income": 1,
        "EBIT": 2,
        "Net Income": 1
    },
    "2021-09-30": {
        "Diluted EPS": 0.05,
        "Total Revenue": 24,
        "Gross Profit": 9,
        "Operating Income": 1,
        "EBIT": 2,
        "Net Income": 1
    },
    "2021-06-30": {
        "Diluted EPS": 0.03,
        "Total Revenue": 23,
        "Gross Profit": 10,
        "Operating Income": 1,
        "EBIT": 2,
        "Net Income": 0
    },
    "2021-03-31": {
        "Diluted EPS": -0.02,
        "Total Revenue": 20,
        "Gross Profit": 8,
        "Operating Income": 0,
        "EBIT": 0,
        "Net Income": 0
    },
    "2020-12-31": {
        "Diluted EPS": 0.05,
        "Total Revenue": 18,
        "Gross Profit": 8,
        "Operating Income": 1,
        "EBIT": 1,
        "Net Income": 1
    },
    "2020-09-30": {
        "Diluted EPS": -0.13,
        "Total Revenue": 15,
        "Gross Profit": 5,
        "Operating Income": -1,
        "EBIT": -1,
        "Net Income": -2
    },
    "2020-06-30": {
        "Diluted EPS": -0.01,
        "Total Revenue": 15,
        "Gross Profit": 6,
        "Operating Income": 0,
        "EBIT": 0,
        "Net Income": 0
    },
    "2020-03-31": {
        "Diluted EPS": -0.83,
        "Total Revenue": 14,
        "Gross Profit": 5,
        "Operating Income": -1,
        "EBIT": -1,
        "Net Income": -12
    },
    "2019-12-31": {
        "Diluted EPS": -0.14,
        "Total Revenue": 21,
        "Gross Profit": 8,
        "Operating Income": 2,
        "EBIT": 2,
        "Net Income": -2
    },
    "2019-09-30": {
        "Diluted EPS": 0.06,
        "Total Revenue": 20,
        "Gross Profit": 9,
        "Operating Income": 2,
        "EBIT": 2,
        "Net Income": 1
    },
    "2019-06-30": {
        "Diluted EPS": 0.14,
        "Total Revenue": 21,
        "Gross Profit": 8,
        "Operating Income": 1,
        "EBIT": 2,
        "Net Income": 2
    },
    "2019-03-31": {
        "Diluted EPS": -0.4,
        "Total Revenue": 21,
        "Gross Profit": 8,
        "Operating Income": 1,
        "EBIT": 2,
        "Net Income": -6
    },
    "2018-12-31": {
        "Diluted EPS": -0.16,
        "Total Revenue": 23,
        "Gross Profit": 9,
        "Operating Income": 1,
        "EBIT": 1,
        "Net Income": -2
    },
    "2018-09-30": {
        "Diluted EPS": -0.59,
        "Total Revenue": -23,
        "Gross Profit": -2,
        "Operating Income": -6,
        "EBIT": -6,
        "Net Income": -9
    },
    "2018-06-30": {
        "Diluted EPS": 0.33,
        "Total Revenue": 29,
        "Gross Profit": 10,
        "Operating Income": 3,
        "EBIT": 4,
        "Net Income": 5
    },
    "2018-03-31": {
        "Diluted EPS": 0.19,
        "Total Revenue": 21,
        "Gross Profit": 9,
        "Operating Income": 1,
        "EBIT": 2,
        "Net Income": 3
    },
    "2017-12-31": {
        "Diluted EPS": 0.42,
        "Total Revenue": 74,
        "Gross Profit": 20,
        "Operating Income": 8,
        "EBIT": 8,
        "Net Income": 6
    },
    "2017-09-30": {
        "Diluted EPS": 0.54,
        "Total Revenue": -27,
        "Gross Profit": -1,
        "Operating Income": 1,
        "EBIT": 2,
        "Net Income": 7
    },
    "2017-06-30": {
        "Diluted EPS": 0.25,
        "Total Revenue": 48,
        "Gross Profit": 16,
        "Operating Income": 4,
        "EBIT": 5,
        "Net Income": 3
    },
    "2017-03-31": {
        "Diluted EPS": -0.11,
        "Total Revenue": 33,
        "Gross Profit": 8,
        "Operating Income": -1,
        "EBIT": -1,
        "Net Income": -1
    },
    "2016-12-31": {
        "Diluted EPS": 0.0,
        "Total Revenue": 29,
        "Gross Profit": 8,
        "Operating Income": 0,
        "EBIT": 0,
        "Net Income": 0
    },
    "2016-09-30": {
        "Diluted EPS": -0.02,
        "Total Revenue": 42,
        "Gross Profit": 12,
        "Operating Income": 0,
        "EBIT": 1,
        "Net Income": 0
    },
    "2016-06-30": {
        "Diluted EPS": -0.09,
        "Total Revenue": 33,
        "Gross Profit": 10,
        "Operating Income": -1,
        "EBIT": 0,
        "Net Income": -1
    },
    "2016-03-31": {
        "Diluted EPS": -0.11,
        "Total Revenue": 22,
        "Gross Profit": 6,
        "Operating Income": -4,
        "EBIT": -3,
        "Net Income": -1
    },
    "2015-12-31": {
        "Diluted EPS": -0.31,
        "Total Revenue": 22,
        "Gross Profit": 6,
        "Operating Income": -4,
        "EBIT": -3,
        "Net Income": -4
    },
    "2015-09-30": {
        "Diluted EPS": 0.19,
        "Total Revenue": 28,
        "Gross Profit": 7,
        "Operating Income": -6,
        "EBIT": -5,
        "Net Income": 1
    },
    "2015-06-30": {
        "Diluted EPS": -0.12,
        "Total Revenue": 40,
        "Gross Profit": 10,
        "Operating Income": -1,
        "EBIT": 0,
        "Net Income": -2
    },
    "2015-03-31": {
        "Diluted EPS": -0.19,
        "Total Revenue": 24,
        "Gross Profit": 7,
        "Operating Income": -2,
        "EBIT": -1,
        "Net Income": -2
    },
    "2014-12-31": {
        "Diluted EPS": -0.53,
        "Total Revenue": 12,
        "Gross Profit": 3,
        "Operating Income": -5,
        "EBIT": -4,
        "Net Income": -5
    },
    "2014-09-30": {
        "Diluted EPS": -0.34,
        "Total Revenue": 20,
        "Gross Profit": 3,
        "Operating Income": -4,
        "EBIT": -4,
        "Net Income": -3
    },
    "2014-06-30": {
        "Diluted EPS": -0.53,
        "Total Revenue": 9,
        "Gross Profit": 2,
        "Operating Income": -4,
        "EBIT": -3,
        "Net Income": -5
    },
    "2014-03-31": {
        "Diluted EPS": -0.39,
        "Total Revenue": 13,
        "Gross Profit": 3,
        "Operating Income": -5,
        "EBIT": -4,
        "Net Income": -4
    },
    "2013-12-31": {
        "Diluted EPS": -0.08,
        "Total Revenue": 15,
        "Gross Profit": 5,
        "Operating Income": 0,
        "EBIT": 0,
        "Net Income": -1
    },
    "2013-09-30": {
        "Diluted EPS": -0.18,
        "Total Revenue": 7,
        "Gross Profit": 3,
        "Operating Income": -2,
        "EBIT": -1,
        "Net Income": -2
    },
    "2013-06-30": {
        "Diluted EPS": -1.27,
        "Total Revenue": 10,
        "Gross Profit": -3,
        "Operating Income": -10,
        "EBIT": -10,
        "Net Income": -12
    },
    "2013-03-31": {
        "Diluted EPS": -0.22,
        "Total Revenue": 8,
        "Gross Profit": 2,
        "Operating Income": -3,
        "EBIT": -3,
        "Net Income": -2
    },
    "2012-12-31": {
        "Diluted EPS": -0.44,
        "Total Revenue": 9,
        "Gross Profit": 1,
        "Operating Income": -5,
        "EBIT": -4,
        "Net Income": -4
    },
    "2012-09-30": {
        "Diluted EPS": -1.49,
        "Total Revenue": 11,
        "Gross Profit": -7,
        "Operating Income": -20,
        "EBIT": -19,
        "Net Income": -14
    },
    "2012-06-30": {
        "Diluted EPS": -0.31,
        "Total Revenue": 24,
        "Gross Profit": 5,
        "Operating Income": -5,
        "EBIT": -5,
        "Net Income": -3
    },
    "2012-03-31": {
        "Diluted EPS": -0.54,
        "Total Revenue": 22,
        "Gross Profit": 4,
        "Operating Income": -6,
        "EBIT": -5,
        "Net Income": -5
    },
    "2011-12-31": {
        "Diluted EPS": -0.09,
        "Total Revenue": 25,
        "Gross Profit": 7,
        "Operating Income": -2,
        "EBIT": -1,
        "Net Income": -1
    },
    "2011-09-30": {
        "Diluted EPS": 0.31,
        "Total Revenue": 60,
        "Gross Profit": 20,
        "Operating Income": 5,
        "EBIT": 6,
        "Net Income": 3
    },
    "2011-06-30": {
        "Diluted EPS": 0.74,
        "Total Revenue": 72,
        "Gross Profit": 26,
        "Operating Income": 12,
        "EBIT": 13,
        "Net Income": 7
    },
    "2011-03-31": {
        "Diluted EPS": 0.77,
        "Total Revenue": 61,
        "Gross Profit": 25,
        "Operating Income": 13,
        "EBIT": 13,
        "Net Income": 8
    },
    "2010-12-31": {
        "Diluted EPS": 0.52,
        "Total Revenue": 54,
        "Gross Profit": 20,
        "Operating Income": 8,
        "EBIT": 9,
        "Net Income": 5
    },
    "2010-09-30": {
        "Diluted EPS": 0.59,
        "Total Revenue": 45,
        "Gross Profit": 18,
        "Operating Income": 9,
        "EBIT": 9,
        "Net Income": 5
    },
    "2010-06-30": {
        "Diluted EPS": 0.42,
        "Total Revenue": 43,
        "Gross Profit": 16,
        "Operating Income": 6,
        "EBIT": 7,
        "Net Income": 4
    },
    "2010-03-31": {
        "Diluted EPS": 0.02,
        "Total Revenue": 16,
        "Gross Profit": 5,
        "Operating Income": 0,
        "EBIT": 1,
        "Net Income": 0
    },
    "2009-12-31": {
        "Diluted EPS": 0.01,
        "Total Revenue": 15,
        "Gross Profit": 5,
        "Operating Income": 0,
        "EBIT": 1,
        "Net Income": 0
    },
    "2009-09-30": {
        "Diluted EPS": -0.02,
        "Total Revenue": 12,
        "Gross Profit": 3,
        "Operating Income": 0,
        "EBIT": 0,
        "Net Income": 0
    },
    "2009-06-30": {
        "Diluted EPS": -0.03,
        "Total Revenue": 13,
        "Gross Profit": 4,
        "Operating Income": 0,
        "EBIT": 0,
        "Net Income": 0
    },
    "2009-03-31": {
        "Diluted EPS": -0.22,
        "Total Revenue": 11,
        "Gross Profit": 2,
        "Operating Income": -3,
        "EBIT": -2,
        "Net Income": -2
    },
    "2023-06-30": {
        "Tax Effect Of Unusual Items": NaN,
        "Tax Rate For Calcs": NaN,
        "Normalized EBITDA": NaN,
        "Total Unusual Items": NaN,
        "Total Unusual Items Excluding Goodwill": NaN,
        "Net Income From Continuing Operation Net Minority Interest": NaN,
        "Reconciled Depreciation": NaN,
        "Reconciled Cost Of Revenue": NaN,
        "EBITDA": NaN,
        "EBIT": NaN,
        "Net Interest Income": NaN,
        "Interest Expense": NaN,
        "Interest Income": NaN,
        "Normalized Income": NaN,
        "Net Income From Continuing And Discontinued Operation": NaN,
        "Total Expenses": NaN,
        "Total Operating Income As Reported": NaN,
        "Diluted Average Shares": 14058000.0,
        "Basic Average Shares": 14058000.0,
        "Diluted EPS": -0.07,
        "Basic EPS": -0.07,
        "Diluted NI Availto Com Stockholders": NaN,
        "Net Income Common Stockholders": NaN,
        "Net Income": NaN,
        "Net Income Including Noncontrolling Interests": NaN,
        "Net Income Continuous Operations": NaN,
        "Tax Provision": NaN,
        "Pretax Income": NaN,
        "Other Income Expense": NaN,
        "Other Non Operating Income Expenses": 15000.0,
        "Special Income Charges": NaN,
        "Gain On Sale Of Ppe": NaN,
        "Impairment Of Capital Assets": NaN,
        "Restructuring And Mergern Acquisition": NaN,
        "Gain On Sale Of Security": 456000.0,
        "Net Non Operating Interest Income Expense": NaN,
        "Total Other Finance Cost": -303000.0,
        "Interest Expense Non Operating": NaN,
        "Interest Income Non Operating": NaN,
        "Operating Income": NaN,
        "Operating Expense": NaN,
        "Research And Development": NaN,
        "Selling General And Administration": NaN,
        "General And Administrative Expense": 10300000.0,
        "Other Gand A": 10100000.0,
        "Salaries And Wages": 200000.0,
        "Gross Profit": NaN,
        "Cost Of Revenue": NaN,
        "Total Revenue": NaN,
        "Operating Revenue": NaN
    },
    "2023-09-30": {
        "Tax Effect Of Unusual Items": -188580.0,
        "Tax Rate For Calcs": 0.21,
        "Normalized EBITDA": -9307000.0,
        "Total Unusual Items": -898000.0,
        "Total Unusual Items Excluding Goodwill": -898000.0,
        "Net Income From Continuing Operation Net Minority Interest": -12015000.0,
        "Reconciled Depreciation": 1577000.0,
        "Reconciled Cost Of Revenue": 24913000.0,
        "EBITDA": -10205000.0,
        "EBIT": -11782000.0,
        "Net Interest Income": -128000.0,
        "Interest Expense": NaN,
        "Interest Income": NaN,
        "Normalized Income": -11305580.0,
        "Net Income From Continuing And Discontinued Operation": -12015000.0,
        "Total Expenses": 38588000.0,
        "Total Operating Income As Reported": -11690000.0,
        "Diluted Average Shares": NaN,
        "Basic Average Shares": NaN,
        "Diluted EPS": NaN,
        "Basic EPS": NaN,
        "Diluted NI Availto Com Stockholders": -12015000.0,
        "Net Income Common Stockholders": -12015000.0,
        "Net Income": -12015000.0,
        "Net Income Including Noncontrolling Interests": -12015000.0,
        "Net Income Continuous Operations": -12015000.0,
        "Tax Provision": 139000.0,
        "Pretax Income": -11876000.0,
        "Other Income Expense": -867000.0,
        "Other Non Operating Income Expenses": NaN,
        "Special Income Charges": -809000.0,
        "Gain On Sale Of Ppe": 0.0,
        "Impairment Of Capital Assets": NaN,
        "Restructuring And Mergern Acquisition": 265000.0,
        "Gain On Sale Of Security": NaN,
        "Net Non Operating Interest Income Expense": -128000.0,
        "Total Other Finance Cost": NaN,
        "Interest Expense Non Operating": NaN,
        "Interest Income Non Operating": NaN,
        "Operating Income": -10881000.0,
        "Operating Expense": 13675000.0,
        "Research And Development": 2597000.0,
        "Selling General And Administration": 11078000.0,
        "General And Administrative Expense": NaN,
        "Other Gand A": NaN,
        "Salaries And Wages": NaN,
        "Gross Profit": 2794000.0,
        "Cost Of Revenue": 24913000.0,
        "Total Revenue": 27707000.0,
        "Operating Revenue": 27707000.0
    },
    "2023-12-31": {
        "Tax Effect Of Unusual Items": -1508850.0,
        "Tax Rate For Calcs": 0.21,
        "Normalized EBITDA": -1065000.0,
        "Total Unusual Items": -7185000.0,
        "Total Unusual Items Excluding Goodwill": -7185000.0,
        "Net Income From Continuing Operation Net Minority Interest": -9358000.0,
        "Reconciled Depreciation": 852000.0,
        "Reconciled Cost Of Revenue": 16701000.0,
        "EBITDA": -8250000.0,
        "EBIT": -9102000.0,
        "Net Interest Income": -179000.0,
        "Interest Expense": 198000.0,
        "Interest Income": 19000.0,
        "Normalized Income": -3681850.0,
        "Net Income From Continuing And Discontinued Operation": -9358000.0,
        "Total Expenses": 26856000.0,
        "Total Operating Income As Reported": -8934000.0,
        "Diluted Average Shares": 14188000.0,
        "Basic Average Shares": 14188000.0,
        "Diluted EPS": -0.66,
        "Basic EPS": -0.66,
        "Diluted NI Availto Com Stockholders": -9358000.0,
        "Net Income Common Stockholders": -9358000.0,
        "Net Income": -9358000.0,
        "Net Income Including Noncontrolling Interests": -9358000.0,
        "Net Income Continuous Operations": -9358000.0,
        "Tax Provision": 58000.0,
        "Pretax Income": -9300000.0,
        "Other Income Expense": -7185000.0,
        "Other Non Operating Income Expenses": NaN,
        "Special Income Charges": -6998000.0,
        "Gain On Sale Of Ppe": 0.0,
        "Impairment Of Capital Assets": 6800000.0,
        "Restructuring And Mergern Acquisition": 198000.0,
        "Gain On Sale Of Security": -187000.0,
        "Net Non Operating Interest Income Expense": -179000.0,
        "Total Other Finance Cost": NaN,
        "Interest Expense Non Operating": 198000.0,
        "Interest Income Non Operating": 19000.0,
        "Operating Income": -1936000.0,
        "Operating Expense": 10155000.0,
        "Research And Development": 1588000.0,
        "Selling General And Administration": 8567000.0,
        "General And Administrative Expense": NaN,
        "Other Gand A": NaN,
        "Salaries And Wages": NaN,
        "Gross Profit": 8219000.0,
        "Cost Of Revenue": 16701000.0,
        "Total Revenue": 24920000.0,
        "Operating Revenue": 24920000.0
    },
    "2024-03-31": {
        "Tax Effect Of Unusual Items": 389735.959765,
        "Tax Rate For Calcs": 0.186924,
        "Normalized EBITDA": 21000.0,
        "Total Unusual Items": 2085000.0,
        "Total Unusual Items Excluding Goodwill": 2085000.0,
        "Net Income From Continuing Operation Net Minority Interest": 970000.0,
        "Reconciled Depreciation": 720000.0,
        "Reconciled Cost Of Revenue": 16982000.0,
        "EBITDA": 2106000.0,
        "EBIT": 1386000.0,
        "Net Interest Income": -179000.0,
        "Interest Expense": 193000.0,
        "Interest Income": 14000.0,
        "Normalized Income": -725264.040235,
        "Net Income From Continuing And Discontinued Operation": 970000.0,
        "Total Expenses": 26155000.0,
        "Total Operating Income As Reported": 1363000.0,
        "Diluted Average Shares": 14209000.0,
        "Basic Average Shares": 14197000.0,
        "Diluted EPS": 0.07,
        "Basic EPS": 0.07,
        "Diluted NI Availto Com Stockholders": 970000.0,
        "Net Income Common Stockholders": 970000.0,
        "Net Income": 970000.0,
        "Net Income Including Noncontrolling Interests": 970000.0,
        "Net Income Continuous Operations": 970000.0,
        "Tax Provision": 223000.0,
        "Pretax Income": 1193000.0,
        "Other Income Expense": 2094000.0,
        "Other Non Operating Income Expenses": 9000.0,
        "Special Income Charges": 2085000.0,
        "Gain On Sale Of Ppe": 2197000.0,
        "Impairment Of Capital Assets": 0.0,
        "Restructuring And Mergern Acquisition": 112000.0,
        "Gain On Sale Of Security": NaN,
        "Net Non Operating Interest Income Expense": -179000.0,
        "Total Other Finance Cost": NaN,
        "Interest Expense Non Operating": 193000.0,
        "Interest Income Non Operating": 14000.0,
        "Operating Income": -722000.0,
        "Operating Expense": 9173000.0,
        "Research And Development": 921000.0,
        "Selling General And Administration": 8252000.0,
        "General And Administrative Expense": NaN,
        "Other Gand A": NaN,
        "Salaries And Wages": NaN,
        "Gross Profit": 8451000.0,
        "Cost Of Revenue": 16982000.0,
        "Total Revenue": 25433000.0,
        "Operating Revenue": 25433000.0
    },
    "2024-06-30": {
        "Tax Effect Of Unusual Items": 29820.0,
        "Tax Rate For Calcs": 0.21,
        "Normalized EBITDA": 1598000.0,
        "Total Unusual Items": 142000.0,
        "Total Unusual Items Excluding Goodwill": 142000.0,
        "Net Income From Continuing Operation Net Minority Interest": 438000.0,
        "Reconciled Depreciation": 738000.0,
        "Reconciled Cost Of Revenue": 16991000.0,
        "EBITDA": 1740000.0,
        "EBIT": 1002000.0,
        "Net Interest Income": -105000.0,
        "Interest Expense": 107000.0,
        "Interest Income": 2000.0,
        "Normalized Income": 325820.0,
        "Net Income From Continuing And Discontinued Operation": 438000.0,
        "Total Expenses": 25893000.0,
        "Total Operating Income As Reported": 816000.0,
        "Diluted Average Shares": 14254000.0,
        "Basic Average Shares": 14209000.0,
        "Diluted EPS": 0.03,
        "Basic EPS": 0.03,
        "Diluted NI Availto Com Stockholders": 438000.0,
        "Net Income Common Stockholders": 438000.0,
        "Net Income": 438000.0,
        "Net Income Including Noncontrolling Interests": 438000.0,
        "Net Income Continuous Operations": 438000.0,
        "Tax Provision": 457000.0,
        "Pretax Income": 895000.0,
        "Other Income Expense": 144000.0,
        "Other Non Operating Income Expenses": 2000.0,
        "Special Income Charges": -40000.0,
        "Gain On Sale Of Ppe": 0.0,
        "Impairment Of Capital Assets": 0.0,
        "Restructuring And Mergern Acquisition": 40000.0,
        "Gain On Sale Of Security": 182000.0,
        "Net Non Operating Interest Income Expense": -105000.0,
        "Total Other Finance Cost": NaN,
        "Interest Expense Non Operating": 107000.0,
        "Interest Income Non Operating": 2000.0,
        "Operating Income": 856000.0,
        "Operating Expense": 8902000.0,
        "Research And Development": 693000.0,
        "Selling General And Administration": 8209000.0,
        "General And Administrative Expense": NaN,
        "Other Gand A": NaN,
        "Salaries And Wages": NaN,
        "Gross Profit": 9758000.0,
        "Cost Of Revenue": 16991000.0,
        "Total Revenue": 26749000.0,
        "Operating Revenue": 26749000.0
    },
    "2024-09-30": {
        "Tax Effect Of Unusual Items": -71400.0,
        "Tax Rate For Calcs": 0.21,
        "Normalized EBITDA": 819000.0,
        "Total Unusual Items": -340000.0,
        "Total Unusual Items Excluding Goodwill": -340000.0,
        "Net Income From Continuing Operation Net Minority Interest": -536000.0,
        "Reconciled Depreciation": 719000.0,
        "Reconciled Cost Of Revenue": 14309000.0,
        "EBITDA": 479000.0,
        "EBIT": -240000.0,
        "Net Interest Income": -37000.0,
        "Interest Expense": 59000.0,
        "Interest Income": 22000.0,
        "Normalized Income": -267400.0,
        "Net Income From Continuing And Discontinued Operation": -536000.0,
        "Total Expenses": 24086000.0,
        "Total Operating Income As Reported": 26000.0,
        "Diluted Average Shares": NaN,
        "Basic Average Shares": NaN,
        "Diluted EPS": NaN,
        "Basic EPS": NaN,
        "Diluted NI Availto Com Stockholders": -536000.0,
        "Net Income Common Stockholders": -536000.0,
        "Net Income": -536000.0,
        "Net Income Including Noncontrolling Interests": -536000.0,
        "Net Income Continuous Operations": -536000.0,
        "Tax Provision": 237000.0,
        "Pretax Income": -299000.0,
        "Other Income Expense": -288000.0,
        "Other Non Operating Income Expenses": 52000.0,
        "Special Income Charges": 0.0,
        "Gain On Sale Of Ppe": 0.0,
        "Impairment Of Capital Assets": 0.0,
        "Restructuring And Mergern Acquisition": 0.0,
        "Gain On Sale Of Security": -340000.0,
        "Net Non Operating Interest Income Expense": -37000.0,
        "Total Other Finance Cost": NaN,
        "Interest Expense Non Operating": 59000.0,
        "Interest Income Non Operating": 22000.0,
        "Operating Income": 26000.0,
        "Operating Expense": 9777000.0,
        "Research And Development": 991000.0,
        "Selling General And Administration": 8786000.0,
        "General And Administrative Expense": NaN,
        "Other Gand A": NaN,
        "Salaries And Wages": NaN,
        "Gross Profit": 9803000.0,
        "Cost Of Revenue": 14309000.0,
        "Total Revenue": 24112000.0,
        "Operating Revenue": 24112000.0
    },
    "2024-12-31": {
        "Tax Effect Of Unusual Items": 63840.0,
        "Tax Rate For Calcs": 0.21,
        "Normalized EBITDA": 1212000.0,
        "Total Unusual Items": 304000.0,
        "Total Unusual Items Excluding Goodwill": 304000.0,
        "Net Income From Continuing Operation Net Minority Interest": 312000.0,
        "Reconciled Depreciation": 752000.0,
        "Reconciled Cost Of Revenue": 15022000.0,
        "EBITDA": 1516000.0,
        "EBIT": 764000.0,
        "Net Interest Income": -2000.0,
        "Interest Expense": 7000.0,
        "Interest Income": 5000.0,
        "Normalized Income": 71840.0,
        "Net Income From Continuing And Discontinued Operation": 312000.0,
        "Total Expenses": 23949000.0,
        "Total Operating Income As Reported": 339000.0,
        "Diluted Average Shares": 14300000.0,
        "Basic Average Shares": 14272000.0,
        "Diluted EPS": 0.02,
        "Basic EPS": 0.02,
        "Diluted NI Availto Com Stockholders": 312000.0,
        "Net Income Common Stockholders": 312000.0,
        "Net Income": 312000.0,
        "Net Income Including Noncontrolling Interests": 312000.0,
        "Net Income Continuous Operations": 312000.0,
        "Tax Provision": 445000.0,
        "Pretax Income": 757000.0,
        "Other Income Expense": 323000.0,
        "Other Non Operating Income Expenses": 19000.0,
        "Special Income Charges": -97000.0,
        "Gain On Sale Of Ppe": -24000.0,
        "Impairment Of Capital Assets": 0.0,
        "Restructuring And Mergern Acquisition": 73000.0,
        "Gain On Sale Of Security": 401000.0,
        "Net Non Operating Interest Income Expense": -2000.0,
        "Total Other Finance Cost": NaN,
        "Interest Expense Non Operating": 7000.0,
        "Interest Income Non Operating": 5000.0,
        "Operating Income": 436000.0,
        "Operating Expense": 8927000.0,
        "Research And Development": 876000.0,
        "Selling General And Administration": 8051000.0,
        "General And Administrative Expense": NaN,
        "Other Gand A": NaN,
        "Salaries And Wages": NaN,
        "Gross Profit": 9363000.0,
        "Cost Of Revenue": 15022000.0,
        "Total Revenue": 24385000.0,
        "Operating Revenue": 24385000.0
    }
}