{
    "2023-03-31": {
        "Tax Effect Of Unusual Items": NaN,
        "Tax Rate For Calcs": NaN,
        "Normalized EBITDA": NaN,
        "Total Unusual Items": NaN,
        "Total Unusual Items Excluding Goodwill": NaN,
        "Net Income From Continuing Operation Net Minority Interest": NaN,
        "Reconciled Depreciation": NaN,
        "Reconciled Cost Of Revenue": NaN,
        "EBITDA": NaN,
        "EBIT": NaN,
        "Net Interest Income": NaN,
        "Interest Expense": NaN,
        "Normalized Income": NaN,
        "Net Income From Continuing And Discontinued Operation": NaN,
        "Total Expenses": NaN,
        "Total Operating Income As Reported": NaN,
        "Diluted Average Shares": 109751000.0,
        "Basic Average Shares": 109751000.0,
        "Diluted EPS": -0.4,
        "Basic EPS": -0.4,
        "Diluted NI Availto Com Stockholders": NaN,
        "Net Income Common Stockholders": NaN,
        "Net Income": NaN,
        "Net Income Including Noncontrolling Interests": NaN,
        "Net Income Continuous Operations": NaN,
        "Tax Provision": NaN,
        "Pretax Income": NaN,
        "Other Income Expense": NaN,
        "Other Non Operating Income Expenses": NaN,
        "Special Income Charges": NaN,
        "Other Special Charges": NaN,
        "Restructuring And Mergern Acquisition": NaN,
        "Net Non Operating Interest Income Expense": NaN,
        "Interest Expense Non Operating": NaN,
        "Operating Income": NaN,
        "Operating Expense": NaN,
        "Depreciation Amortization Depletion Income Statement": NaN,
        "Depreciation And Amortization In Income Statement": NaN,
        "Amortization": NaN,
        "Amortization Of Intangibles Income Statement": NaN,
        "Research And Development": NaN,
        "Selling General And Administration": NaN,
        "Gross Profit": NaN,
        "Cost Of Revenue": NaN,
        "Total Revenue": NaN,
        "Operating Revenue": NaN
    },
    "2022-12-31": {
        "Tax Effect Of Unusual Items": -67460.276999,
        "Tax Rate For Calcs": 0.009092,
        "Normalized EBITDA": -14376000.0,
        "Total Unusual Items": -7420000.0,
        "Total Unusual Items Excluding Goodwill": -7420000.0,
        "Net Income From Continuing Operation Net Minority Interest": -34986000.0,
        "Reconciled Depreciation": 12182000.0,
        "Reconciled Cost Of Revenue": 27845000.0,
        "EBITDA": -21796000.0,
        "EBIT": -33978000.0,
        "Net Interest Income": -1329000.0,
        "Interest Expense": 1329000.0,
        "Normalized Income": -27633460.276999,
        "Net Income From Continuing And Discontinued Operation": -34986000.0,
        "Total Expenses": 133551000.0,
        "Total Operating Income As Reported": -35027000.0,
        "Diluted Average Shares": 105858000.0,
        "Basic Average Shares": 105858000.0,
        "Diluted EPS": -0.33,
        "Basic EPS": -0.33,
        "Diluted NI Availto Com Stockholders": -34986000.0,
        "Net Income Common Stockholders": -34986000.0,
        "Net Income": -34986000.0,
        "Net Income Including Noncontrolling Interests": -34986000.0,
        "Net Income Continuous Operations": -34986000.0,
        "Tax Provision": -321000.0,
        "Pretax Income": -35307000.0,
        "Other Income Expense": -6371000.0,
        "Other Non Operating Income Expenses": 1049000.0,
        "Special Income Charges": -7420000.0,
        "Other Special Charges": 7314000.0,
        "Restructuring And Mergern Acquisition": 106000.0,
        "Net Non Operating Interest Income Expense": -1329000.0,
        "Interest Expense Non Operating": 1329000.0,
        "Operating Income": -27607000.0,
        "Operating Expense": 96458000.0,
        "Depreciation Amortization Depletion Income Statement": 2934000.0,
        "Depreciation And Amortization In Income Statement": 2934000.0,
        "Amortization": 2934000.0,
        "Amortization Of Intangibles Income Statement": 2934000.0,
        "Research And Development": 11604000.0,
        "Selling General And Administration": 81920000.0,
        "Gross Profit": 68851000.0,
        "Cost Of Revenue": 37093000.0,
        "Total Revenue": 105944000.0,
        "Operating Revenue": 105944000.0
    },
    "2022-09-30": {
        "Tax Effect Of Unusual Items": -1458800.0,
        "Tax Rate For Calcs": 0.4,
        "Normalized EBITDA": -20327000.0,
        "Total Unusual Items": -3647000.0,
        "Total Unusual Items Excluding Goodwill": -3647000.0,
        "Net Income From Continuing Operation Net Minority Interest": -36999000.0,
        "Reconciled Depreciation": 11611000.0,
        "Reconciled Cost Of Revenue": 21486000.0,
        "EBITDA": -23974000.0,
        "EBIT": -35585000.0,
        "Net Interest Income": -1285000.0,
        "Interest Expense": 1285000.0,
        "Normalized Income": -34810800.0,
        "Net Income From Continuing And Discontinued Operation": -36999000.0,
        "Total Expenses": 121162000.0,
        "Total Operating Income As Reported": -34970000.0,
        "Diluted Average Shares": 104804000.0,
        "Basic Average Shares": 104804000.0,
        "Diluted EPS": -0.35,
        "Basic EPS": -0.35,
        "Diluted NI Availto Com Stockholders": -36999000.0,
        "Net Income Common Stockholders": -36999000.0,
        "Net Income": -36999000.0,
        "Net Income Including Noncontrolling Interests": -36999000.0,
        "Net Income Continuous Operations": -36999000.0,
        "Tax Provision": 129000.0,
        "Pretax Income": -36870000.0,
        "Other Income Expense": -4262000.0,
        "Other Non Operating Income Expenses": -615000.0,
        "Special Income Charges": -3647000.0,
        "Other Special Charges": 3602000.0,
        "Restructuring And Mergern Acquisition": 45000.0,
        "Net Non Operating Interest Income Expense": -1285000.0,
        "Interest Expense Non Operating": 1285000.0,
        "Operating Income": -31323000.0,
        "Operating Expense": 90839000.0,
        "Depreciation Amortization Depletion Income Statement": 2774000.0,
        "Depreciation And Amortization In Income Statement": 2774000.0,
        "Amortization": 2774000.0,
        "Amortization Of Intangibles Income Statement": 2774000.0,
        "Research And Development": 12111000.0,
        "Selling General And Administration": 75954000.0,
        "Gross Profit": 59516000.0,
        "Cost Of Revenue": 30323000.0,
        "Total Revenue": 89839000.0,
        "Operating Revenue": 89839000.0
    },
    "2022-06-30": {
        "Tax Effect Of Unusual Items": -2313600.0,
        "Tax Rate For Calcs": 0.4,
        "Normalized EBITDA": -19641000.0,
        "Total Unusual Items": -5784000.0,
        "Total Unusual Items Excluding Goodwill": -5784000.0,
        "Net Income From Continuing Operation Net Minority Interest": -37320000.0,
        "Reconciled Depreciation": 10257000.0,
        "Reconciled Cost Of Revenue": 20595000.0,
        "EBITDA": -25425000.0,
        "EBIT": -35682000.0,
        "Net Interest Income": -1435000.0,
        "Interest Expense": 1435000.0,
        "Normalized Income": -33849600.0,
        "Net Income From Continuing And Discontinued Operation": -37320000.0,
        "Total Expenses": 114116000.0,
        "Total Operating Income As Reported": -35749000.0,
        "Diluted Average Shares": 102849000.0,
        "Basic Average Shares": 102849000.0,
        "Diluted EPS": -0.36,
        "Basic EPS": -0.36,
        "Diluted NI Availto Com Stockholders": -37320000.0,
        "Net Income Common Stockholders": -37320000.0,
        "Net Income": -37320000.0,
        "Net Income Including Noncontrolling Interests": -37320000.0,
        "Net Income Continuous Operations": -37320000.0,
        "Tax Provision": 203000.0,
        "Pretax Income": -37117000.0,
        "Other Income Expense": -5717000.0,
        "Other Non Operating Income Expenses": 67000.0,
        "Special Income Charges": -5784000.0,
        "Other Special Charges": 5495000.0,
        "Restructuring And Mergern Acquisition": 289000.0,
        "Net Non Operating Interest Income Expense": -1435000.0,
        "Interest Expense Non Operating": 1435000.0,
        "Operating Income": -29965000.0,
        "Operating Expense": 85441000.0,
        "Depreciation Amortization Depletion Income Statement": 2177000.0,
        "Depreciation And Amortization In Income Statement": 2177000.0,
        "Amortization": 2177000.0,
        "Amortization Of Intangibles Income Statement": 2177000.0,
        "Research And Development": 10596000.0,
        "Selling General And Administration": 72668000.0,
        "Gross Profit": 55476000.0,
        "Cost Of Revenue": 28675000.0,
        "Total Revenue": 84151000.0,
        "Operating Revenue": 84151000.0
    },
    "2022-03-31": {
        "Diluted EPS": -0.43,
        "Total Revenue": 71,
        "Gross Profit": 49,
        "Operating Income": -41,
        "EBIT": -31,
        "Net Income": -43
    },
    "2021-12-31": {
        "Diluted EPS": -0.42,
        "Total Revenue": 74,
        "Gross Profit": 45,
        "Operating Income": -38,
        "EBIT": -26,
        "Net Income": -40
    },
    "2021-09-30": {
        "Diluted EPS": -0.43,
        "Total Revenue": 63,
        "Gross Profit": 40,
        "Operating Income": -35,
        "EBIT": -27,
        "Net Income": -43
    },
    "2021-06-30": {
        "Diluted EPS": -0.39,
        "Total Revenue": 62,
        "Gross Profit": 41,
        "Operating Income": -36,
        "EBIT": -29,
        "Net Income": -38
    },
    "2021-03-31": {
        "Diluted EPS": -0.26,
        "Total Revenue": 44,
        "Gross Profit": 32,
        "Operating Income": -19,
        "EBIT": -14,
        "Net Income": -23
    },
    "2020-12-31": {
        "Diluted EPS": -0.36,
        "Total Revenue": 44,
        "Gross Profit": 31,
        "Operating Income": -17,
        "EBIT": -17,
        "Net Income": -27
    },
    "2020-09-30": {
        "Diluted EPS": -0.24,
        "Total Revenue": 41,
        "Gross Profit": 29,
        "Operating Income": -13,
        "EBIT": -7,
        "Net Income": -16
    },
    "2020-06-30": {
        "Diluted EPS": -0.25,
        "Total Revenue": 30,
        "Gross Profit": 21,
        "Operating Income": -11,
        "EBIT": -8,
        "Net Income": -16
    },
    "2020-03-31": {
        "Diluted EPS": -0.33,
        "Total Revenue": 30,
        "Gross Profit": 21,
        "Operating Income": -18,
        "EBIT": -15,
        "Net Income": -21
    },
    "2019-12-31": {
        "Diluted EPS": -0.27,
        "Total Revenue": 32,
        "Gross Profit": 22,
        "Operating Income": -14,
        "EBIT": -12,
        "Net Income": -17
    },
    "2019-09-30": {
        "Diluted EPS": -0.26,
        "Total Revenue": 29,
        "Gross Profit": 20,
        "Operating Income": -12,
        "EBIT": -9,
        "Net Income": -15
    },
    "2019-06-30": {
        "Diluted EPS": -0.27,
        "Total Revenue": 27,
        "Gross Profit": 19,
        "Operating Income": -10,
        "EBIT": -9,
        "Net Income": -12
    },
    "2019-03-31": {
        "Diluted EPS": -0.29,
        "Total Revenue": 25,
        "Gross Profit": 17,
        "Operating Income": -11,
        "EBIT": -9,
        "Net Income": -13
    },
    "2018-12-31": {
        "Diluted EPS": -0.68,
        "Total Revenue": 25,
        "Gross Profit": 17,
        "Operating Income": -8,
        "EBIT": -6,
        "Net Income": -24
    },
    "2018-09-30": {
        "Diluted EPS": -0.22,
        "Total Revenue": 23,
        "Gross Profit": 16,
        "Operating Income": -8,
        "EBIT": -6,
        "Net Income": -9
    },
    "2018-06-30": {
        "Diluted EPS": -0.21,
        "Total Revenue": 22,
        "Gross Profit": 16,
        "Operating Income": -7,
        "EBIT": -5,
        "Net Income": -7
    },
    "2018-03-31": {
        "Diluted EPS": -0.09,
        "Total Revenue": 21,
        "Gross Profit": 15,
        "Operating Income": -1,
        "EBIT": 1,
        "Net Income": -2
    },
    "2017-12-31": {
        "Diluted EPS": 0.0,
        "Total Revenue": 26,
        "Gross Profit": 21,
        "Operating Income": -4,
        "EBIT": -2,
        "Net Income": 9
    },
    "2017-09-30": {
        "Diluted EPS": -0.23,
        "Total Revenue": 23,
        "Gross Profit": 15,
        "Operating Income": -1,
        "EBIT": 1,
        "Net Income": -3
    },
    "2017-06-30": {
        "Diluted EPS": -0.24,
        "Total Revenue": 24,
        "Gross Profit": 16,
        "Operating Income": -1,
        "EBIT": 1,
        "Net Income": -3
    },
    "2017-03-31": {
        "Diluted EPS": -0.61,
        "Total Revenue": 28,
        "Gross Profit": 17,
        "Operating Income": -3,
        "EBIT": -2,
        "Net Income": -6
    },
    "2016-12-31": {
        "Diluted EPS": -0.49,
        "Total Revenue": 27,
        "Gross Profit": 15,
        "Operating Income": -7,
        "EBIT": -5,
        "Net Income": -4
    },
    "2016-09-30": {
        "Diluted EPS": -1.6,
        "Total Revenue": 27,
        "Gross Profit": 16,
        "Operating Income": -5,
        "EBIT": 0,
        "Net Income": -14
    },
    "2016-06-30": {
        "Diluted EPS": -0.62,
        "Total Revenue": 32,
        "Gross Profit": 21,
        "Operating Income": 0,
        "EBIT": 3,
        "Net Income": -5
    },
    "2016-03-31": {
        "Diluted EPS": -0.78,
        "Total Revenue": 34,
        "Gross Profit": 24,
        "Operating Income": -3,
        "EBIT": 0,
        "Net Income": -7
    },
    "2015-12-31": {
        "Diluted EPS": -1.1,
        "Total Revenue": 7,
        "Gross Profit": 6,
        "Operating Income": -9,
        "EBIT": -5,
        "Net Income": -10
    },
    "2015-09-30": {
        "Diluted EPS": -19.35,
        "Total Revenue": 32,
        "Gross Profit": 22,
        "Operating Income": -165,
        "EBIT": 5,
        "Net Income": -160
    },
    "2015-06-30": {
        "Diluted EPS": -0.48,
        "Total Revenue": 47,
        "Gross Profit": 28,
        "Operating Income": -3,
        "EBIT": 3,
        "Net Income": -4
    },
    "2015-03-31": {
        "Diluted EPS": -0.6,
        "Total Revenue": 49,
        "Gross Profit": 33,
        "Operating Income": 1,
        "EBIT": 5,
        "Net Income": -5
    },
    "2014-12-31": {
        "Diluted EPS": -0.22,
        "Total Revenue": 1,
        "Gross Profit": 4,
        "Operating Income": 3,
        "EBIT": 7,
        "Net Income": 0
    },
    "2014-09-30": {
        "Diluted EPS": -0.48,
        "Total Revenue": 51,
        "Gross Profit": 36,
        "Operating Income": 2,
        "EBIT": 6,
        "Net Income": -3
    },
    "2014-06-30": {
        "Diluted EPS": -0.36,
        "Total Revenue": 53,
        "Gross Profit": 36,
        "Operating Income": 2,
        "EBIT": 7,
        "Net Income": -3
    },
    "2014-03-31": {
        "Diluted EPS": -0.84,
        "Total Revenue": 49,
        "Gross Profit": 33,
        "Operating Income": -5,
        "EBIT": 0,
        "Net Income": -7
    },
    "2013-12-31": {
        "Diluted EPS": -7.44,
        "Total Revenue": 53,
        "Gross Profit": 35,
        "Operating Income": -56,
        "EBIT": -50,
        "Net Income": -60
    },
    "2013-09-30": {
        "Diluted EPS": -1.8,
        "Total Revenue": 50,
        "Gross Profit": 24,
        "Operating Income": -13,
        "EBIT": -6,
        "Net Income": -15
    },
    "2013-06-30": {
        "Diluted EPS": -0.6,
        "Total Revenue": 51,
        "Gross Profit": 32,
        "Operating Income": -3,
        "EBIT": 3,
        "Net Income": -5
    },
    "2013-03-31": {
        "Diluted EPS": -0.36,
        "Total Revenue": 50,
        "Gross Profit": 33,
        "Operating Income": -1,
        "EBIT": 5,
        "Net Income": -3
    },
    "2012-12-31": {
        "Diluted EPS": -0.72,
        "Total Revenue": 53,
        "Gross Profit": 32,
        "Operating Income": -4,
        "EBIT": 2,
        "Net Income": -5
    },
    "2012-09-30": {
        "Diluted EPS": -0.36,
        "Total Revenue": 47,
        "Gross Profit": 30,
        "Operating Income": -2,
        "EBIT": 4,
        "Net Income": -2
    },
    "2012-06-30": {
        "Diluted EPS": -0.84,
        "Total Revenue": 48,
        "Gross Profit": 30,
        "Operating Income": -4,
        "EBIT": 2,
        "Net Income": -6
    },
    "2012-03-31": {
        "Diluted EPS": -0.12,
        "Total Revenue": 48,
        "Gross Profit": 32,
        "Operating Income": 0,
        "EBIT": 6,
        "Net Income": -1
    },
    "2011-12-31": {
        "Diluted EPS": -2.28,
        "Total Revenue": 50,
        "Gross Profit": 25,
        "Operating Income": -16,
        "EBIT": -12,
        "Net Income": -16
    },
    "2011-09-30": {
        "Diluted EPS": -0.12,
        "Total Revenue": 48,
        "Gross Profit": 30,
        "Operating Income": -2,
        "EBIT": 3,
        "Net Income": -1
    },
    "2011-06-30": {
        "Diluted EPS": -0.36,
        "Total Revenue": 51,
        "Gross Profit": 30,
        "Operating Income": -3,
        "EBIT": 2,
        "Net Income": -3
    },
    "2011-03-31": {
        "Diluted EPS": -0.24,
        "Total Revenue": 50,
        "Gross Profit": 32,
        "Operating Income": -2,
        "EBIT": 3,
        "Net Income": -2
    },
    "2010-12-31": {
        "Diluted EPS": -0.12,
        "Total Revenue": 46,
        "Gross Profit": 32,
        "Operating Income": -2,
        "EBIT": 3,
        "Net Income": -3
    },
    "2010-09-30": {
        "Diluted EPS": -0.48,
        "Total Revenue": 45,
        "Gross Profit": 29,
        "Operating Income": -3,
        "EBIT": 1,
        "Net Income": -4
    },
    "2010-06-30": {
        "Diluted EPS": -0.48,
        "Total Revenue": 45,
        "Gross Profit": 29,
        "Operating Income": -3,
        "EBIT": 1,
        "Net Income": -3
    },
    "2010-03-31": {
        "Diluted EPS": -1.08,
        "Total Revenue": 35,
        "Gross Profit": 24,
        "Operating Income": -4,
        "EBIT": 0,
        "Net Income": -5
    },
    "2009-12-31": {
        "Diluted EPS": -0.36,
        "Total Revenue": 31,
        "Gross Profit": 21,
        "Operating Income": -1,
        "EBIT": 3,
        "Net Income": -1
    },
    "2009-09-30": {
        "Diluted EPS": -0.24,
        "Total Revenue": 30,
        "Gross Profit": 20,
        "Operating Income": -1,
        "EBIT": 2,
        "Net Income": -1
    },
    "2009-06-30": {
        "Diluted EPS": -1.56,
        "Total Revenue": 29,
        "Gross Profit": 20,
        "Operating Income": -6,
        "EBIT": -3,
        "Net Income": -6
    },
    "2009-03-31": {
        "Diluted EPS": -1.08,
        "Total Revenue": 31,
        "Gross Profit": 20,
        "Operating Income": -3,
        "EBIT": -1,
        "Net Income": -4
    },
    "2023-06-30": {
        "Tax Effect Of Unusual Items": -8837.0,
        "Tax Rate For Calcs": 0.001,
        "Normalized EBITDA": -24157000.0,
        "Total Unusual Items": -8837000.0,
        "Total Unusual Items Excluding Goodwill": -8837000.0,
        "Net Income From Continuing Operation Net Minority Interest": -51377000.0,
        "Reconciled Depreciation": 14541000.0,
        "Reconciled Cost Of Revenue": 41543000.0,
        "EBITDA": -32994000.0,
        "EBIT": -47535000.0,
        "Net Interest Income": -3892000.0,
        "Interest Expense": 3892000.0,
        "Normalized Income": -42548837.0,
        "Net Income From Continuing And Discontinued Operation": -51377000.0,
        "Total Expenses": 157942000.0,
        "Total Operating Income As Reported": -49859000.0,
        "Diluted Average Shares": 118719000.0,
        "Basic Average Shares": 118719000.0,
        "Diluted EPS": -0.43,
        "Basic EPS": -0.43,
        "Diluted NI Availto Com Stockholders": -51377000.0,
        "Net Income Common Stockholders": -51377000.0,
        "Net Income": -51377000.0,
        "Net Income Including Noncontrolling Interests": -51377000.0,
        "Net Income Continuous Operations": -51377000.0,
        "Tax Provision": -50000.0,
        "Pretax Income": -51427000.0,
        "Other Income Expense": -6513000.0,
        "Other Non Operating Income Expenses": 2324000.0,
        "Special Income Charges": -8837000.0,
        "Other Special Charges": 6908000.0,
        "Restructuring And Mergern Acquisition": 1929000.0,
        "Net Non Operating Interest Income Expense": -3892000.0,
        "Interest Expense Non Operating": 3892000.0,
        "Operating Income": -41022000.0,
        "Operating Expense": 105563000.0,
        "Depreciation Amortization Depletion Income Statement": 3705000.0,
        "Depreciation And Amortization In Income Statement": 3705000.0,
        "Amortization": 3705000.0,
        "Amortization Of Intangibles Income Statement": 3705000.0,
        "Research And Development": 14571000.0,
        "Selling General And Administration": 87287000.0,
        "Gross Profit": 64541000.0,
        "Cost Of Revenue": 52379000.0,
        "Total Revenue": 116920000.0,
        "Operating Revenue": 116920000.0
    },
    "2023-09-30": {
        "Tax Effect Of Unusual Items": -8540.225854,
        "Tax Rate For Calcs": 0.002735,
        "Normalized EBITDA": -19536000.0,
        "Total Unusual Items": -3122000.0,
        "Total Unusual Items Excluding Goodwill": -3122000.0,
        "Net Income From Continuing Operation Net Minority Interest": -42654000.0,
        "Reconciled Depreciation": 15654000.0,
        "Reconciled Cost Of Revenue": 26434000.0,
        "EBITDA": -22658000.0,
        "EBIT": -38312000.0,
        "Net Interest Income": -4459000.0,
        "Interest Expense": 4459000.0,
        "Normalized Income": -39540540.225854,
        "Net Income From Continuing And Discontinued Operation": -42654000.0,
        "Total Expenses": 153499000.0,
        "Total Operating Income As Reported": -38359000.0,
        "Diluted Average Shares": 122468000.0,
        "Basic Average Shares": 122468000.0,
        "Diluted EPS": -0.35,
        "Basic EPS": -0.35,
        "Diluted NI Availto Com Stockholders": -42654000.0,
        "Net Income Common Stockholders": -42654000.0,
        "Net Income": -42654000.0,
        "Net Income Including Noncontrolling Interests": -42654000.0,
        "Net Income Continuous Operations": -42654000.0,
        "Tax Provision": -117000.0,
        "Pretax Income": -42771000.0,
        "Other Income Expense": -3075000.0,
        "Other Non Operating Income Expenses": 47000.0,
        "Special Income Charges": -3122000.0,
        "Other Special Charges": 2715000.0,
        "Restructuring And Mergern Acquisition": 407000.0,
        "Net Non Operating Interest Income Expense": -4459000.0,
        "Interest Expense Non Operating": 4459000.0,
        "Operating Income": -35237000.0,
        "Operating Expense": 115284000.0,
        "Depreciation Amortization Depletion Income Statement": 3873000.0,
        "Depreciation And Amortization In Income Statement": 3873000.0,
        "Amortization": 3873000.0,
        "Amortization Of Intangibles Income Statement": 3873000.0,
        "Research And Development": 20000000.0,
        "Selling General And Administration": 91411000.0,
        "Gross Profit": 80047000.0,
        "Cost Of Revenue": 38215000.0,
        "Total Revenue": 118262000.0,
        "Operating Revenue": 118262000.0
    },
    "2023-12-31": {
        "Tax Effect Of Unusual Items": -24680.541441,
        "Tax Rate For Calcs": 0.00252,
        "Normalized EBITDA": -18029000.0,
        "Total Unusual Items": -9793000.0,
        "Total Unusual Items Excluding Goodwill": -9793000.0,
        "Net Income From Continuing Operation Net Minority Interest": -49078000.0,
        "Reconciled Depreciation": 16964000.0,
        "Reconciled Cost Of Revenue": 29639000.0,
        "EBITDA": -27822000.0,
        "EBIT": -44786000.0,
        "Net Interest Income": -4416000.0,
        "Interest Expense": 4416000.0,
        "Normalized Income": -39309680.541441,
        "Net Income From Continuing And Discontinued Operation": -49078000.0,
        "Total Expenses": 173007000.0,
        "Total Operating Income As Reported": -44830000.0,
        "Diluted Average Shares": 133750000.0,
        "Basic Average Shares": 133750000.0,
        "Diluted EPS": -0.37,
        "Basic EPS": -0.37,
        "Diluted NI Availto Com Stockholders": -49078000.0,
        "Net Income Common Stockholders": -49078000.0,
        "Net Income": -49078000.0,
        "Net Income Including Noncontrolling Interests": -49078000.0,
        "Net Income Continuous Operations": -49078000.0,
        "Tax Provision": -124000.0,
        "Pretax Income": -49202000.0,
        "Other Income Expense": -9749000.0,
        "Other Non Operating Income Expenses": 44000.0,
        "Special Income Charges": -9793000.0,
        "Other Special Charges": 9472000.0,
        "Restructuring And Mergern Acquisition": 321000.0,
        "Net Non Operating Interest Income Expense": -4416000.0,
        "Interest Expense Non Operating": 4416000.0,
        "Operating Income": -35037000.0,
        "Operating Expense": 130227000.0,
        "Depreciation Amortization Depletion Income Statement": 3823000.0,
        "Depreciation And Amortization In Income Statement": 3823000.0,
        "Amortization": 3823000.0,
        "Amortization Of Intangibles Income Statement": 3823000.0,
        "Research And Development": 22284000.0,
        "Selling General And Administration": 104120000.0,
        "Gross Profit": 95190000.0,
        "Cost Of Revenue": 42780000.0,
        "Total Revenue": 137970000.0,
        "Operating Revenue": 137970000.0
    },
    "2024-03-31": {
        "Tax Effect Of Unusual Items": -7138.6,
        "Tax Rate For Calcs": 0.0014,
        "Normalized EBITDA": -19208000.0,
        "Total Unusual Items": -5099000.0,
        "Total Unusual Items Excluding Goodwill": -5099000.0,
        "Net Income From Continuing Operation Net Minority Interest": -48495000.0,
        "Reconciled Depreciation": 18916000.0,
        "Reconciled Cost Of Revenue": 26064000.0,
        "EBITDA": -24307000.0,
        "EBIT": -43223000.0,
        "Net Interest Income": -5341000.0,
        "Interest Expense": 5341000.0,
        "Normalized Income": -43403138.6,
        "Net Income From Continuing And Discontinued Operation": -48495000.0,
        "Total Expenses": 176719000.0,
        "Total Operating Income As Reported": -43341000.0,
        "Diluted Average Shares": 140980000.0,
        "Basic Average Shares": 140980000.0,
        "Diluted EPS": -0.34,
        "Basic EPS": -0.34,
        "Diluted NI Availto Com Stockholders": -48495000.0,
        "Net Income Common Stockholders": -48495000.0,
        "Net Income": -48495000.0,
        "Net Income Including Noncontrolling Interests": -48495000.0,
        "Net Income Continuous Operations": -48495000.0,
        "Tax Provision": -69000.0,
        "Pretax Income": -48564000.0,
        "Other Income Expense": -4981000.0,
        "Other Non Operating Income Expenses": 118000.0,
        "Special Income Charges": -5099000.0,
        "Other Special Charges": 4428000.0,
        "Restructuring And Mergern Acquisition": 671000.0,
        "Net Non Operating Interest Income Expense": -5341000.0,
        "Interest Expense Non Operating": 5341000.0,
        "Operating Income": -38242000.0,
        "Operating Expense": 135593000.0,
        "Depreciation Amortization Depletion Income Statement": 3854000.0,
        "Depreciation And Amortization In Income Statement": 3854000.0,
        "Amortization": 3854000.0,
        "Amortization Of Intangibles Income Statement": 3854000.0,
        "Research And Development": 18012000.0,
        "Selling General And Administration": 113727000.0,
        "Gross Profit": 97351000.0,
        "Cost Of Revenue": 41126000.0,
        "Total Revenue": 138477000.0,
        "Operating Revenue": 138477000.0
    },
    "2024-06-30": {
        "Tax Effect Of Unusual Items": -15603.0,
        "Tax Rate For Calcs": 0.007,
        "Normalized EBITDA": -11851000.0,
        "Total Unusual Items": -2229000.0,
        "Total Unusual Items Excluding Goodwill": -2229000.0,
        "Net Income From Continuing Operation Net Minority Interest": -40680000.0,
        "Reconciled Depreciation": 21071000.0,
        "Reconciled Cost Of Revenue": 25744000.0,
        "EBITDA": -14080000.0,
        "EBIT": -35151000.0,
        "Net Interest Income": -5815000.0,
        "Interest Expense": 5815000.0,
        "Normalized Income": -38466603.0,
        "Net Income From Continuing And Discontinued Operation": -40680000.0,
        "Total Expenses": 178651000.0,
        "Total Operating Income As Reported": -35307000.0,
        "Diluted Average Shares": 142687000.0,
        "Basic Average Shares": 142687000.0,
        "Diluted EPS": -0.29,
        "Basic EPS": -0.29,
        "Diluted NI Availto Com Stockholders": -40680000.0,
        "Net Income Common Stockholders": -40680000.0,
        "Net Income": -40680000.0,
        "Net Income Including Noncontrolling Interests": -40680000.0,
        "Net Income Continuous Operations": -40680000.0,
        "Tax Provision": -286000.0,
        "Pretax Income": -40966000.0,
        "Other Income Expense": -2073000.0,
        "Other Non Operating Income Expenses": 156000.0,
        "Special Income Charges": -2229000.0,
        "Other Special Charges": 2090000.0,
        "Restructuring And Mergern Acquisition": 139000.0,
        "Net Non Operating Interest Income Expense": -5815000.0,
        "Interest Expense Non Operating": 5815000.0,
        "Operating Income": -33078000.0,
        "Operating Expense": 135672000.0,
        "Depreciation Amortization Depletion Income Statement": 3836000.0,
        "Depreciation And Amortization In Income Statement": 3836000.0,
        "Amortization": 3836000.0,
        "Amortization Of Intangibles Income Statement": 3836000.0,
        "Research And Development": 19105000.0,
        "Selling General And Administration": 112731000.0,
        "Gross Profit": 102594000.0,
        "Cost Of Revenue": 42979000.0,
        "Total Revenue": 145573000.0,
        "Operating Revenue": 145573000.0
    },
    "2024-09-30": {
        "Tax Effect Of Unusual Items": -2748.209422,
        "Tax Rate For Calcs": 0.000908,
        "Normalized EBITDA": -8131000.0,
        "Total Unusual Items": -3027000.0,
        "Total Unusual Items Excluding Goodwill": -3027000.0,
        "Net Income From Continuing Operation Net Minority Interest": -39616000.0,
        "Reconciled Depreciation": 21922000.0,
        "Reconciled Cost Of Revenue": 29916000.0,
        "EBITDA": -11158000.0,
        "EBIT": -33080000.0,
        "Net Interest Income": -6572000.0,
        "Interest Expense": 6572000.0,
        "Normalized Income": -36591748.209422,
        "Net Income From Continuing And Discontinued Operation": -39616000.0,
        "Total Expenses": 181395000.0,
        "Total Operating Income As Reported": -33703000.0,
        "Diluted Average Shares": 143492000.0,
        "Basic Average Shares": 143492000.0,
        "Diluted EPS": -0.28,
        "Basic EPS": -0.28,
        "Diluted NI Availto Com Stockholders": -39616000.0,
        "Net Income Common Stockholders": -39616000.0,
        "Net Income": -39616000.0,
        "Net Income Including Noncontrolling Interests": -39616000.0,
        "Net Income Continuous Operations": -39616000.0,
        "Tax Provision": -36000.0,
        "Pretax Income": -39652000.0,
        "Other Income Expense": -2404000.0,
        "Other Non Operating Income Expenses": 623000.0,
        "Special Income Charges": -3027000.0,
        "Other Special Charges": 2093000.0,
        "Restructuring And Mergern Acquisition": 934000.0,
        "Net Non Operating Interest Income Expense": -6572000.0,
        "Interest Expense Non Operating": 6572000.0,
        "Operating Income": -30676000.0,
        "Operating Expense": 133405000.0,
        "Depreciation Amortization Depletion Income Statement": 3848000.0,
        "Depreciation And Amortization In Income Statement": 3848000.0,
        "Amortization": 3848000.0,
        "Amortization Of Intangibles Income Statement": 3848000.0,
        "Research And Development": 20357000.0,
        "Selling General And Administration": 109200000.0,
        "Gross Profit": 102729000.0,
        "Cost Of Revenue": 47990000.0,
        "Total Revenue": 150719000.0,
        "Operating Revenue": 150719000.0
    }
}