{
    "2023-06-30": {
        "Tax Effect Of Unusual Items": NaN,
        "Tax Rate For Calcs": NaN,
        "Normalized EBITDA": NaN,
        "Net Income From Continuing Operation Net Minority Interest": NaN,
        "Reconciled Depreciation": NaN,
        "Reconciled Cost Of Revenue": NaN,
        "EBITDA": NaN,
        "EBIT": NaN,
        "Net Interest Income": NaN,
        "Interest Income": NaN,
        "Normalized Income": NaN,
        "Net Income From Continuing And Discontinued Operation": NaN,
        "Total Expenses": NaN,
        "Total Operating Income As Reported": NaN,
        "Diluted Average Shares": NaN,
        "Basic Average Shares": NaN,
        "Diluted EPS": NaN,
        "Basic EPS": NaN,
        "Diluted NI Availto Com Stockholders": NaN,
        "Net Income Common Stockholders": NaN,
        "Net Income": NaN,
        "Net Income Including Noncontrolling Interests": NaN,
        "Net Income Continuous Operations": NaN,
        "Tax Provision": NaN,
        "Pretax Income": NaN,
        "Other Income Expense": 1884000.0,
        "Other Non Operating Income Expenses": 1884000.0,
        "Net Non Operating Interest Income Expense": NaN,
        "Interest Income Non Operating": NaN,
        "Operating Income": NaN,
        "Operating Expense": NaN,
        "Research And Development": NaN,
        "Selling General And Administration": NaN,
        "Selling And Marketing Expense": NaN,
        "General And Administrative Expense": NaN,
        "Other Gand A": NaN,
        "Gross Profit": NaN,
        "Cost Of Revenue": NaN,
        "Total Revenue": NaN,
        "Operating Revenue": NaN
    },
    "2023-03-31": {
        "Tax Effect Of Unusual Items": NaN,
        "Tax Rate For Calcs": NaN,
        "Normalized EBITDA": NaN,
        "Net Income From Continuing Operation Net Minority Interest": NaN,
        "Reconciled Depreciation": NaN,
        "Reconciled Cost Of Revenue": NaN,
        "EBITDA": NaN,
        "EBIT": NaN,
        "Net Interest Income": NaN,
        "Interest Income": NaN,
        "Normalized Income": NaN,
        "Net Income From Continuing And Discontinued Operation": NaN,
        "Total Expenses": NaN,
        "Total Operating Income As Reported": NaN,
        "Diluted Average Shares": NaN,
        "Basic Average Shares": NaN,
        "Diluted EPS": NaN,
        "Basic EPS": NaN,
        "Diluted NI Availto Com Stockholders": NaN,
        "Net Income Common Stockholders": NaN,
        "Net Income": NaN,
        "Net Income Including Noncontrolling Interests": NaN,
        "Net Income Continuous Operations": NaN,
        "Tax Provision": NaN,
        "Pretax Income": NaN,
        "Other Income Expense": -2218000.0,
        "Other Non Operating Income Expenses": -2218000.0,
        "Net Non Operating Interest Income Expense": NaN,
        "Interest Income Non Operating": NaN,
        "Operating Income": NaN,
        "Operating Expense": NaN,
        "Research And Development": NaN,
        "Selling General And Administration": NaN,
        "Selling And Marketing Expense": NaN,
        "General And Administrative Expense": NaN,
        "Other Gand A": NaN,
        "Gross Profit": NaN,
        "Cost Of Revenue": NaN,
        "Total Revenue": NaN,
        "Operating Revenue": NaN
    },
    "2022-12-31": {
        "Tax Effect Of Unusual Items": 0.0,
        "Tax Rate For Calcs": 0.21,
        "Normalized EBITDA": 19412000.0,
        "Net Income From Continuing Operation Net Minority Interest": 18030000.0,
        "Reconciled Depreciation": 1842000.0,
        "Reconciled Cost Of Revenue": 15743000.0,
        "EBITDA": 19412000.0,
        "EBIT": 17570000.0,
        "Net Interest Income": -1099000.0,
        "Interest Income": 568000.0,
        "Normalized Income": 18030000.0,
        "Net Income From Continuing And Discontinued Operation": 18030000.0,
        "Total Expenses": 61368000.0,
        "Total Operating Income As Reported": 16266000.0,
        "Diluted Average Shares": 75392000.0,
        "Basic Average Shares": 73560000.0,
        "Diluted EPS": 0.24,
        "Basic EPS": 0.25,
        "Diluted NI Availto Com Stockholders": 18030000.0,
        "Net Income Common Stockholders": 18030000.0,
        "Net Income": 18030000.0,
        "Net Income Including Noncontrolling Interests": 18030000.0,
        "Net Income Continuous Operations": 18030000.0,
        "Tax Provision": -1659000.0,
        "Pretax Income": 16371000.0,
        "Other Income Expense": NaN,
        "Other Non Operating Income Expenses": NaN,
        "Net Non Operating Interest Income Expense": -1099000.0,
        "Interest Income Non Operating": 568000.0,
        "Operating Income": 16266000.0,
        "Operating Expense": 45625000.0,
        "Research And Development": 16915000.0,
        "Selling General And Administration": 28710000.0,
        "Selling And Marketing Expense": 22352000.0,
        "General And Administrative Expense": 6358000.0,
        "Other Gand A": 6358000.0,
        "Gross Profit": 61891000.0,
        "Cost Of Revenue": 15743000.0,
        "Total Revenue": 77634000.0,
        "Operating Revenue": 77634000.0
    },
    "2022-09-30": {
        "Tax Effect Of Unusual Items": NaN,
        "Tax Rate For Calcs": NaN,
        "Normalized EBITDA": NaN,
        "Net Income From Continuing Operation Net Minority Interest": NaN,
        "Reconciled Depreciation": NaN,
        "Reconciled Cost Of Revenue": NaN,
        "EBITDA": NaN,
        "EBIT": NaN,
        "Net Interest Income": NaN,
        "Interest Income": NaN,
        "Normalized Income": NaN,
        "Net Income From Continuing And Discontinued Operation": NaN,
        "Total Expenses": NaN,
        "Total Operating Income As Reported": NaN,
        "Diluted Average Shares": NaN,
        "Basic Average Shares": NaN,
        "Diluted EPS": NaN,
        "Basic EPS": NaN,
        "Diluted NI Availto Com Stockholders": NaN,
        "Net Income Common Stockholders": NaN,
        "Net Income": NaN,
        "Net Income Including Noncontrolling Interests": NaN,
        "Net Income Continuous Operations": NaN,
        "Tax Provision": NaN,
        "Pretax Income": NaN,
        "Other Income Expense": -871000.0,
        "Other Non Operating Income Expenses": -871000.0,
        "Net Non Operating Interest Income Expense": NaN,
        "Interest Income Non Operating": NaN,
        "Operating Income": NaN,
        "Operating Expense": NaN,
        "Research And Development": NaN,
        "Selling General And Administration": NaN,
        "Selling And Marketing Expense": NaN,
        "General And Administrative Expense": NaN,
        "Other Gand A": NaN,
        "Gross Profit": NaN,
        "Cost Of Revenue": NaN,
        "Total Revenue": NaN,
        "Operating Revenue": NaN
    },
    "2022-06-30": {
        "Tax Effect Of Unusual Items": 0.0,
        "Tax Rate For Calcs": 0.235691,
        "Normalized EBITDA": 13143000.0,
        "Net Income From Continuing Operation Net Minority Interest": 10416000.0,
        "Reconciled Depreciation": 1868000.0,
        "Reconciled Cost Of Revenue": 13485000.0,
        "EBITDA": 13143000.0,
        "EBIT": 13143000.0,
        "Net Interest Income": 184000.0,
        "Interest Expense": NaN,
        "Interest Income": 184000.0,
        "Normalized Income": 10416000.0,
        "Net Income From Continuing And Discontinued Operation": 10416000.0,
        "Total Expenses": 54830000.0,
        "Total Operating Income As Reported": 13143000.0,
        "Diluted Average Shares": 78306000.0,
        "Basic Average Shares": 75893000.0,
        "Diluted EPS": 0.13,
        "Basic EPS": 0.14,
        "Diluted NI Availto Com Stockholders": 10416000.0,
        "Net Income Common Stockholders": 10416000.0,
        "Net Income": 10416000.0,
        "Net Income Including Noncontrolling Interests": 10416000.0,
        "Net Income Continuous Operations": 10416000.0,
        "Tax Provision": 3212000.0,
        "Pretax Income": 13628000.0,
        "Other Income Expense": 301000.0,
        "Other Non Operating Income Expenses": 301000.0,
        "Net Non Operating Interest Income Expense": 184000.0,
        "Interest Expense Non Operating": NaN,
        "Interest Income Non Operating": 184000.0,
        "Operating Income": 13143000.0,
        "Operating Expense": 41345000.0,
        "Research And Development": 14235000.0,
        "Selling General And Administration": 27110000.0,
        "Selling And Marketing Expense": 21773000.0,
        "General And Administrative Expense": 5337000.0,
        "Other Gand A": 5337000.0,
        "Gross Profit": 54488000.0,
        "Cost Of Revenue": 13485000.0,
        "Total Revenue": 67973000.0,
        "Operating Revenue": 67973000.0
    },
    "2022-03-31": {
        "Diluted EPS": 0.08,
        "Total Revenue": 63,
        "Gross Profit": 50,
        "Operating Income": 8,
        "EBIT": 10,
        "Net Income": 6
    },
    "2021-12-31": {
        "Diluted EPS": 0.14,
        "Total Revenue": 71,
        "Gross Profit": 56,
        "Operating Income": 12,
        "EBIT": 14,
        "Net Income": 11
    },
    "2021-09-30": {
        "Diluted EPS": 0.94,
        "Total Revenue": 65,
        "Gross Profit": 52,
        "Operating Income": 10,
        "EBIT": 13,
        "Net Income": 75
    },
    "2021-06-30": {
        "Diluted EPS": 0.08,
        "Total Revenue": 59,
        "Gross Profit": 46,
        "Operating Income": 7,
        "EBIT": 10,
        "Net Income": 7
    },
    "2021-03-31": {
        "Diluted EPS": 0.03,
        "Total Revenue": 55,
        "Gross Profit": 42,
        "Operating Income": 4,
        "EBIT": 6,
        "Net Income": 3
    },
    "2020-12-31": {
        "Diluted EPS": 0.09,
        "Total Revenue": 63,
        "Gross Profit": 49,
        "Operating Income": 8,
        "EBIT": 10,
        "Net Income": 8
    },
    "2020-09-30": {
        "Diluted EPS": 0.08,
        "Total Revenue": 57,
        "Gross Profit": 43,
        "Operating Income": 6,
        "EBIT": 9,
        "Net Income": 6
    },
    "2020-06-30": {
        "Diluted EPS": 0.05,
        "Total Revenue": 53,
        "Gross Profit": 41,
        "Operating Income": 4,
        "EBIT": 7,
        "Net Income": 4
    },
    "2020-03-31": {
        "Diluted EPS": -0.0,
        "Total Revenue": 54,
        "Gross Profit": 42,
        "Operating Income": 0,
        "EBIT": 3,
        "Net Income": 0
    },
    "2019-12-31": {
        "Diluted EPS": 0.01,
        "Total Revenue": 60,
        "Gross Profit": 47,
        "Operating Income": 0,
        "EBIT": 3,
        "Net Income": 0
    },
    "2019-09-30": {
        "Diluted EPS": 0.0,
        "Total Revenue": 53,
        "Gross Profit": 41,
        "Operating Income": 0,
        "EBIT": 3,
        "Net Income": 0
    },
    "2019-06-30": {
        "Diluted EPS": -0.08,
        "Total Revenue": 49,
        "Gross Profit": 38,
        "Operating Income": -6,
        "EBIT": -4,
        "Net Income": -6
    },
    "2019-03-31": {
        "Diluted EPS": -0.16,
        "Total Revenue": 50,
        "Gross Profit": 38,
        "Operating Income": -11,
        "EBIT": -9,
        "Net Income": -12
    },
    "2018-12-31": {
        "Diluted EPS": -0.03,
        "Total Revenue": 62,
        "Gross Profit": 48,
        "Operating Income": -2,
        "EBIT": -1,
        "Net Income": -2
    },
    "2018-09-30": {
        "Diluted EPS": -0.02,
        "Total Revenue": 61,
        "Gross Profit": 47,
        "Operating Income": -2,
        "EBIT": 0,
        "Net Income": -2
    },
    "2018-06-30": {
        "Diluted EPS": -0.06,
        "Total Revenue": 61,
        "Gross Profit": 48,
        "Operating Income": -4,
        "EBIT": -2,
        "Net Income": -5
    },
    "2018-03-31": {
        "Diluted EPS": -0.27,
        "Total Revenue": 49,
        "Gross Profit": 37,
        "Operating Income": -20,
        "EBIT": -18,
        "Net Income": -20
    },
    "2017-12-31": {
        "Diluted EPS": 0.01,
        "Total Revenue": 56,
        "Gross Profit": 44,
        "Operating Income": 1,
        "EBIT": 3,
        "Net Income": 1
    },
    "2017-09-30": {
        "Diluted EPS": -0.03,
        "Total Revenue": 62,
        "Gross Profit": 48,
        "Operating Income": -2,
        "EBIT": 0,
        "Net Income": -2
    },
    "2017-06-30": {
        "Diluted EPS": -0.11,
        "Total Revenue": 54,
        "Gross Profit": 41,
        "Operating Income": -8,
        "EBIT": -6,
        "Net Income": -8
    },
    "2017-03-31": {
        "Diluted EPS": -0.02,
        "Total Revenue": 64,
        "Gross Profit": 49,
        "Operating Income": -2,
        "EBIT": 0,
        "Net Income": -1
    },
    "2016-12-31": {
        "Diluted EPS": -0.04,
        "Total Revenue": 61,
        "Gross Profit": 47,
        "Operating Income": -1,
        "EBIT": 2,
        "Net Income": -3
    },
    "2016-09-30": {
        "Diluted EPS": -0.07,
        "Total Revenue": 55,
        "Gross Profit": 42,
        "Operating Income": -5,
        "EBIT": -2,
        "Net Income": -5
    },
    "2016-06-30": {
        "Diluted EPS": -0.08,
        "Total Revenue": 57,
        "Gross Profit": 43,
        "Operating Income": -6,
        "EBIT": -4,
        "Net Income": -5
    },
    "2016-03-31": {
        "Diluted EPS": -0.15,
        "Total Revenue": 54,
        "Gross Profit": 41,
        "Operating Income": -9,
        "EBIT": -8,
        "Net Income": -10
    },
    "2015-12-31": {
        "Diluted EPS": -0.15,
        "Total Revenue": 54,
        "Gross Profit": 41,
        "Operating Income": -9,
        "EBIT": -7,
        "Net Income": -9
    },
    "2015-09-30": {
        "Diluted EPS": -0.14,
        "Total Revenue": 51,
        "Gross Profit": 38,
        "Operating Income": -9,
        "EBIT": -7,
        "Net Income": -9
    },
    "2015-06-30": {
        "Diluted EPS": -0.16,
        "Total Revenue": 48,
        "Gross Profit": 36,
        "Operating Income": -9,
        "EBIT": -7,
        "Net Income": -10
    },
    "2015-03-31": {
        "Diluted EPS": -0.22,
        "Total Revenue": 44,
        "Gross Profit": 33,
        "Operating Income": -14,
        "EBIT": -11,
        "Net Income": -14
    },
    "2014-12-31": {
        "Diluted EPS": -0.06,
        "Total Revenue": 45,
        "Gross Profit": 34,
        "Operating Income": -14,
        "EBIT": -11,
        "Net Income": -16
    },
    "2014-09-30": {
        "Diluted EPS": -0.21,
        "Total Revenue": 43,
        "Gross Profit": 32,
        "Operating Income": -11,
        "EBIT": -9,
        "Net Income": -12
    },
    "2014-06-30": {
        "Diluted EPS": -0.02,
        "Total Revenue": 45,
        "Gross Profit": 35,
        "Operating Income": -1,
        "EBIT": 2,
        "Net Income": -1
    },
    "2014-03-31": {
        "Diluted EPS": -0.45,
        "Total Revenue": 46,
        "Gross Profit": 36,
        "Operating Income": -4,
        "EBIT": -2,
        "Net Income": -6
    },
    "2013-12-31": {
        "Diluted EPS": -0.71,
        "Total Revenue": 42,
        "Gross Profit": 31,
        "Operating Income": -5,
        "EBIT": -3,
        "Net Income": -6
    },
    "2013-09-30": {
        "Diluted EPS": -0.38,
        "Total Revenue": 40,
        "Gross Profit": 31,
        "Operating Income": -1,
        "EBIT": 1,
        "Net Income": -4
    },
    "2013-06-30": {
        "Diluted EPS": -1.12,
        "Total Revenue": 30,
        "Gross Profit": 23,
        "Operating Income": -9,
        "EBIT": -8,
        "Net Income": -10
    },
    "2013-03-31": {
        "Diluted EPS": -0.95,
        "Total Revenue": 30,
        "Gross Profit": 23,
        "Operating Income": -8,
        "EBIT": -6,
        "Net Income": -9
    },
    "2012-12-31": {
        "Diluted EPS": 0.0,
        "Total Revenue": NaN,
        "Gross Profit": NaN,
        "Operating Income": NaN,
        "EBIT": NaN,
        "Net Income": NaN
    },
    "2011-12-31": {
        "Diluted EPS": 0.0,
        "Total Revenue": NaN,
        "Gross Profit": NaN,
        "Operating Income": NaN,
        "EBIT": NaN,
        "Net Income": NaN
    },
    "2023-09-30": {
        "Tax Effect Of Unusual Items": 0.0,
        "Tax Rate For Calcs": 0.21,
        "Normalized EBITDA": 4747000.0,
        "Net Income From Continuing Operation Net Minority Interest": 6469000.0,
        "Reconciled Depreciation": 2538000.0,
        "Reconciled Cost Of Revenue": 11009000.0,
        "EBITDA": 4747000.0,
        "EBIT": 2209000.0,
        "Net Interest Income": 1766000.0,
        "Interest Income": 1766000.0,
        "Normalized Income": 6469000.0,
        "Net Income From Continuing And Discontinued Operation": 6469000.0,
        "Total Expenses": 55566000.0,
        "Total Operating Income As Reported": 2209000.0,
        "Diluted Average Shares": 75807000.0,
        "Basic Average Shares": 74526000.0,
        "Diluted EPS": 0.09,
        "Basic EPS": 0.09,
        "Diluted NI Availto Com Stockholders": 6469000.0,
        "Net Income Common Stockholders": 6469000.0,
        "Net Income": 6469000.0,
        "Net Income Including Noncontrolling Interests": 6469000.0,
        "Net Income Continuous Operations": 6469000.0,
        "Tax Provision": -1507000.0,
        "Pretax Income": 4962000.0,
        "Other Income Expense": 987000.0,
        "Other Non Operating Income Expenses": 987000.0,
        "Net Non Operating Interest Income Expense": 1766000.0,
        "Interest Income Non Operating": 1766000.0,
        "Operating Income": 2209000.0,
        "Operating Expense": 44557000.0,
        "Research And Development": 17620000.0,
        "Selling General And Administration": 26937000.0,
        "Selling And Marketing Expense": 21324000.0,
        "General And Administrative Expense": 5613000.0,
        "Other Gand A": 5613000.0,
        "Gross Profit": 46766000.0,
        "Cost Of Revenue": 11009000.0,
        "Total Revenue": 57775000.0,
        "Operating Revenue": 57775000.0
    },
    "2023-12-31": {
        "Tax Effect Of Unusual Items": 0.0,
        "Tax Rate For Calcs": 0.061888,
        "Normalized EBITDA": 20507000.0,
        "Net Income From Continuing Operation Net Minority Interest": 17917000.0,
        "Reconciled Depreciation": 2501000.0,
        "Reconciled Cost Of Revenue": 13274000.0,
        "EBITDA": 20507000.0,
        "EBIT": 18006000.0,
        "Net Interest Income": 1746000.0,
        "Interest Income": 1746000.0,
        "Normalized Income": 17917000.0,
        "Net Income From Continuing And Discontinued Operation": 17917000.0,
        "Total Expenses": 52411000.0,
        "Total Operating Income As Reported": 18006000.0,
        "Diluted Average Shares": 74972000.0,
        "Basic Average Shares": 74288000.0,
        "Diluted EPS": 0.24,
        "Basic EPS": 0.24,
        "Diluted NI Availto Com Stockholders": 17917000.0,
        "Net Income Common Stockholders": 17917000.0,
        "Net Income": 17917000.0,
        "Net Income Including Noncontrolling Interests": 17917000.0,
        "Net Income Continuous Operations": 17917000.0,
        "Tax Provision": 1182000.0,
        "Pretax Income": 19099000.0,
        "Other Income Expense": NaN,
        "Other Non Operating Income Expenses": NaN,
        "Net Non Operating Interest Income Expense": 1746000.0,
        "Interest Income Non Operating": 1746000.0,
        "Operating Income": 18006000.0,
        "Operating Expense": 39137000.0,
        "Research And Development": 11979000.0,
        "Selling General And Administration": 27158000.0,
        "Selling And Marketing Expense": 21450000.0,
        "General And Administrative Expense": 5708000.0,
        "Other Gand A": 5708000.0,
        "Gross Profit": 57143000.0,
        "Cost Of Revenue": 13274000.0,
        "Total Revenue": 70417000.0,
        "Operating Revenue": 70417000.0
    },
    "2024-03-31": {
        "Tax Effect Of Unusual Items": 0.0,
        "Tax Rate For Calcs": 0.133155,
        "Normalized EBITDA": 9905000.0,
        "Net Income From Continuing Operation Net Minority Interest": 9726000.0,
        "Reconciled Depreciation": 2692000.0,
        "Reconciled Cost Of Revenue": 11444000.0,
        "EBITDA": 9905000.0,
        "EBIT": 7213000.0,
        "Net Interest Income": 1681000.0,
        "Interest Income": 1681000.0,
        "Normalized Income": 9726000.0,
        "Net Income From Continuing And Discontinued Operation": 9726000.0,
        "Total Expenses": 53462000.0,
        "Total Operating Income As Reported": 7213000.0,
        "Diluted Average Shares": 75318000.0,
        "Basic Average Shares": 74451000.0,
        "Diluted EPS": 0.13,
        "Basic EPS": 0.13,
        "Diluted NI Availto Com Stockholders": 9726000.0,
        "Net Income Common Stockholders": 9726000.0,
        "Net Income": 9726000.0,
        "Net Income Including Noncontrolling Interests": 9726000.0,
        "Net Income Continuous Operations": 9726000.0,
        "Tax Provision": 1494000.0,
        "Pretax Income": 11220000.0,
        "Other Income Expense": 2326000.0,
        "Other Non Operating Income Expenses": 2326000.0,
        "Net Non Operating Interest Income Expense": 1681000.0,
        "Interest Income Non Operating": 1681000.0,
        "Operating Income": 7213000.0,
        "Operating Expense": 42018000.0,
        "Research And Development": 14063000.0,
        "Selling General And Administration": 27955000.0,
        "Selling And Marketing Expense": 21214000.0,
        "General And Administrative Expense": 6741000.0,
        "Other Gand A": 6741000.0,
        "Gross Profit": 49231000.0,
        "Cost Of Revenue": 11444000.0,
        "Total Revenue": 60675000.0,
        "Operating Revenue": 60675000.0
    },
    "2024-06-30": {
        "Tax Effect Of Unusual Items": 0.0,
        "Tax Rate For Calcs": 0.137212,
        "Normalized EBITDA": 10731000.0,
        "Net Income From Continuing Operation Net Minority Interest": 9476000.0,
        "Reconciled Depreciation": 2815000.0,
        "Reconciled Cost Of Revenue": 12038000.0,
        "EBITDA": 10731000.0,
        "EBIT": 7916000.0,
        "Net Interest Income": 1761000.0,
        "Interest Income": 1761000.0,
        "Normalized Income": 9476000.0,
        "Net Income From Continuing And Discontinued Operation": 9476000.0,
        "Total Expenses": 52180000.0,
        "Total Operating Income As Reported": 7916000.0,
        "Diluted Average Shares": 75497000.0,
        "Basic Average Shares": 74366000.0,
        "Diluted EPS": 0.13,
        "Basic EPS": 0.13,
        "Diluted NI Availto Com Stockholders": 9476000.0,
        "Net Income Common Stockholders": 9476000.0,
        "Net Income": 9476000.0,
        "Net Income Including Noncontrolling Interests": 9476000.0,
        "Net Income Continuous Operations": 9476000.0,
        "Tax Provision": 1507000.0,
        "Pretax Income": 10983000.0,
        "Other Income Expense": 1306000.0,
        "Other Non Operating Income Expenses": 1306000.0,
        "Net Non Operating Interest Income Expense": 1761000.0,
        "Interest Income Non Operating": 1761000.0,
        "Operating Income": 7916000.0,
        "Operating Expense": 40142000.0,
        "Research And Development": 14737000.0,
        "Selling General And Administration": 25405000.0,
        "Selling And Marketing Expense": 19453000.0,
        "General And Administrative Expense": 5952000.0,
        "Other Gand A": 5952000.0,
        "Gross Profit": 48058000.0,
        "Cost Of Revenue": 12038000.0,
        "Total Revenue": 60096000.0,
        "Operating Revenue": 60096000.0
    },
    "2024-09-30": {
        "Tax Effect Of Unusual Items": 0.0,
        "Tax Rate For Calcs": 0.12176,
        "Normalized EBITDA": 13184000.0,
        "Net Income From Continuing Operation Net Minority Interest": 12637000.0,
        "Reconciled Depreciation": 2741000.0,
        "Reconciled Cost Of Revenue": 13039000.0,
        "EBITDA": 13184000.0,
        "EBIT": 10443000.0,
        "Net Interest Income": 1634000.0,
        "Interest Income": 1634000.0,
        "Normalized Income": 12637000.0,
        "Net Income From Continuing And Discontinued Operation": 12637000.0,
        "Total Expenses": 56278000.0,
        "Total Operating Income As Reported": 10443000.0,
        "Diluted Average Shares": 74780000.0,
        "Basic Average Shares": 73823000.0,
        "Diluted EPS": 0.17,
        "Basic EPS": 0.17,
        "Diluted NI Availto Com Stockholders": 12637000.0,
        "Net Income Common Stockholders": 12637000.0,
        "Net Income": 12637000.0,
        "Net Income Including Noncontrolling Interests": 12637000.0,
        "Net Income Continuous Operations": 12637000.0,
        "Tax Provision": 1752000.0,
        "Pretax Income": 14389000.0,
        "Other Income Expense": 2312000.0,
        "Other Non Operating Income Expenses": 2312000.0,
        "Net Non Operating Interest Income Expense": 1634000.0,
        "Interest Income Non Operating": 1634000.0,
        "Operating Income": 10443000.0,
        "Operating Expense": 43239000.0,
        "Research And Development": 15734000.0,
        "Selling General And Administration": 27505000.0,
        "Selling And Marketing Expense": 21011000.0,
        "General And Administrative Expense": 6494000.0,
        "Other Gand A": 6494000.0,
        "Gross Profit": 53682000.0,
        "Cost Of Revenue": 13039000.0,
        "Total Revenue": 66721000.0,
        "Operating Revenue": 66721000.0
    }
}