{
    "2023-03-31": {
        "Tax Effect Of Unusual Items": NaN,
        "Tax Rate For Calcs": NaN,
        "Normalized EBITDA": NaN,
        "Total Unusual Items": NaN,
        "Total Unusual Items Excluding Goodwill": NaN,
        "Net Income From Continuing Operation Net Minority Interest": NaN,
        "Reconciled Depreciation": NaN,
        "Reconciled Cost Of Revenue": NaN,
        "EBITDA": NaN,
        "EBIT": NaN,
        "Net Interest Income": NaN,
        "Interest Expense": NaN,
        "Interest Income": NaN,
        "Normalized Income": NaN,
        "Net Income From Continuing And Discontinued Operation": NaN,
        "Total Expenses": NaN,
        "Total Operating Income As Reported": NaN,
        "Diluted Average Shares": NaN,
        "Basic Average Shares": NaN,
        "Diluted EPS": NaN,
        "Basic EPS": NaN,
        "Diluted NI Availto Com Stockholders": NaN,
        "Net Income Common Stockholders": NaN,
        "Net Income": NaN,
        "Net Income Including Noncontrolling Interests": NaN,
        "Net Income Continuous Operations": NaN,
        "Tax Provision": NaN,
        "Pretax Income": NaN,
        "Other Income Expense": NaN,
        "Other Non Operating Income Expenses": NaN,
        "Special Income Charges": NaN,
        "Other Special Charges": NaN,
        "Impairment Of Capital Assets": NaN,
        "Restructuring And Mergern Acquisition": 0.0,
        "Gain On Sale Of Security": NaN,
        "Net Non Operating Interest Income Expense": NaN,
        "Interest Expense Non Operating": NaN,
        "Interest Income Non Operating": NaN,
        "Operating Income": NaN,
        "Operating Expense": NaN,
        "Research And Development": NaN,
        "Selling General And Administration": NaN,
        "Selling And Marketing Expense": NaN,
        "General And Administrative Expense": NaN,
        "Other Gand A": NaN,
        "Gross Profit": NaN,
        "Cost Of Revenue": NaN,
        "Total Revenue": NaN,
        "Operating Revenue": NaN
    },
    "2022-12-31": {
        "Tax Effect Of Unusual Items": NaN,
        "Tax Rate For Calcs": NaN,
        "Normalized EBITDA": NaN,
        "Total Unusual Items": NaN,
        "Total Unusual Items Excluding Goodwill": NaN,
        "Net Income From Continuing Operation Net Minority Interest": NaN,
        "Reconciled Depreciation": NaN,
        "Reconciled Cost Of Revenue": NaN,
        "EBITDA": NaN,
        "EBIT": NaN,
        "Net Interest Income": NaN,
        "Interest Expense": NaN,
        "Interest Income": NaN,
        "Normalized Income": NaN,
        "Net Income From Continuing And Discontinued Operation": NaN,
        "Total Expenses": NaN,
        "Total Operating Income As Reported": NaN,
        "Diluted Average Shares": NaN,
        "Basic Average Shares": NaN,
        "Diluted EPS": NaN,
        "Basic EPS": NaN,
        "Diluted NI Availto Com Stockholders": NaN,
        "Net Income Common Stockholders": NaN,
        "Net Income": NaN,
        "Net Income Including Noncontrolling Interests": NaN,
        "Net Income Continuous Operations": NaN,
        "Tax Provision": NaN,
        "Pretax Income": NaN,
        "Other Income Expense": NaN,
        "Other Non Operating Income Expenses": NaN,
        "Special Income Charges": NaN,
        "Other Special Charges": 0.0,
        "Impairment Of Capital Assets": NaN,
        "Restructuring And Mergern Acquisition": 0.0,
        "Gain On Sale Of Security": NaN,
        "Net Non Operating Interest Income Expense": NaN,
        "Interest Expense Non Operating": NaN,
        "Interest Income Non Operating": NaN,
        "Operating Income": NaN,
        "Operating Expense": NaN,
        "Research And Development": NaN,
        "Selling General And Administration": NaN,
        "Selling And Marketing Expense": NaN,
        "General And Administrative Expense": NaN,
        "Other Gand A": NaN,
        "Gross Profit": NaN,
        "Cost Of Revenue": NaN,
        "Total Revenue": NaN,
        "Operating Revenue": NaN
    },
    "2022-09-30": {
        "Tax Effect Of Unusual Items": -56252.724895,
        "Tax Rate For Calcs": 0.000641,
        "Normalized EBITDA": -28336000.0,
        "Total Unusual Items": -87737000.0,
        "Total Unusual Items Excluding Goodwill": -87737000.0,
        "Net Income From Continuing Operation Net Minority Interest": -116902000.0,
        "Reconciled Depreciation": 1869000.0,
        "Reconciled Cost Of Revenue": 36135000.0,
        "EBITDA": -116073000.0,
        "EBIT": -116073000.0,
        "Net Interest Income": -904000.0,
        "Interest Expense": 904000.0,
        "Interest Income": 0.0,
        "Normalized Income": -29221252.724895,
        "Net Income From Continuing And Discontinued Operation": -116902000.0,
        "Total Expenses": 82002000.0,
        "Total Operating Income As Reported": -108941000.0,
        "Diluted Average Shares": 64648650.0,
        "Basic Average Shares": 64648650.0,
        "Diluted EPS": -1.81,
        "Basic EPS": -1.81,
        "Diluted NI Availto Com Stockholders": -116902000.0,
        "Net Income Common Stockholders": -116902000.0,
        "Net Income": -116902000.0,
        "Net Income Including Noncontrolling Interests": -116902000.0,
        "Net Income Continuous Operations": -116902000.0,
        "Tax Provision": -75000.0,
        "Pretax Income": -116977000.0,
        "Other Income Expense": -100397000.0,
        "Other Non Operating Income Expenses": -12660000.0,
        "Special Income Charges": -93265000.0,
        "Other Special Charges": NaN,
        "Impairment Of Capital Assets": 94039000.0,
        "Restructuring And Mergern Acquisition": -774000.0,
        "Gain On Sale Of Security": 5528000.0,
        "Net Non Operating Interest Income Expense": -904000.0,
        "Interest Expense Non Operating": 904000.0,
        "Interest Income Non Operating": 0.0,
        "Operating Income": -15676000.0,
        "Operating Expense": 45867000.0,
        "Research And Development": 1706000.0,
        "Selling General And Administration": 44161000.0,
        "Selling And Marketing Expense": 33792000.0,
        "General And Administrative Expense": 10369000.0,
        "Other Gand A": 10369000.0,
        "Gross Profit": 30191000.0,
        "Cost Of Revenue": 36135000.0,
        "Total Revenue": 66326000.0,
        "Operating Revenue": 66326000.0
    },
    "2022-06-30": {
        "Tax Effect Of Unusual Items": -44077.441282,
        "Tax Rate For Calcs": 0.010196,
        "Normalized EBITDA": -9768000.0,
        "Total Unusual Items": -4323000.0,
        "Total Unusual Items Excluding Goodwill": -4323000.0,
        "Net Income From Continuing Operation Net Minority Interest": -16309000.0,
        "Reconciled Depreciation": 2048000.0,
        "Reconciled Cost Of Revenue": 26917000.0,
        "EBITDA": -14091000.0,
        "EBIT": -16139000.0,
        "Net Interest Income": -338000.0,
        "Interest Expense": 338000.0,
        "Interest Income": 0.0,
        "Normalized Income": -12030077.441282,
        "Net Income From Continuing And Discontinued Operation": -16309000.0,
        "Total Expenses": 70084000.0,
        "Total Operating Income As Reported": -10125000.0,
        "Diluted Average Shares": 63947069.0,
        "Basic Average Shares": 63947069.0,
        "Diluted EPS": -0.26,
        "Basic EPS": -0.26,
        "Diluted NI Availto Com Stockholders": -16309000.0,
        "Net Income Common Stockholders": -16309000.0,
        "Net Income": -16309000.0,
        "Net Income Including Noncontrolling Interests": -16309000.0,
        "Net Income Continuous Operations": -16309000.0,
        "Tax Provision": -168000.0,
        "Pretax Income": -16477000.0,
        "Other Income Expense": -4323000.0,
        "Other Non Operating Income Expenses": NaN,
        "Special Income Charges": 1691000.0,
        "Other Special Charges": NaN,
        "Impairment Of Capital Assets": 0.0,
        "Restructuring And Mergern Acquisition": -1691000.0,
        "Gain On Sale Of Security": -6014000.0,
        "Net Non Operating Interest Income Expense": -338000.0,
        "Interest Expense Non Operating": 338000.0,
        "Interest Income Non Operating": 0.0,
        "Operating Income": -11816000.0,
        "Operating Expense": 43167000.0,
        "Research And Development": 1730000.0,
        "Selling General And Administration": 41437000.0,
        "Selling And Marketing Expense": 31866000.0,
        "General And Administrative Expense": 9571000.0,
        "Other Gand A": 9571000.0,
        "Gross Profit": 31351000.0,
        "Cost Of Revenue": 26917000.0,
        "Total Revenue": 58268000.0,
        "Operating Revenue": 58268000.0
    },
    "2022-03-31": {
        "Diluted EPS": -0.78,
        "Total Revenue": 42,
        "Gross Profit": 24,
        "Operating Income": -36,
        "EBIT": -5,
        "Net Income": -43
    },
    "2021-12-31": {
        "Diluted EPS": -0.13,
        "Total Revenue": 63,
        "Gross Profit": 29,
        "Operating Income": -3,
        "EBIT": -1,
        "Net Income": -7
    },
    "2021-09-30": {
        "Diluted EPS": -3.13,
        "Total Revenue": 68,
        "Gross Profit": 34,
        "Operating Income": -8,
        "EBIT": -4,
        "Net Income": -111
    },
    "2021-06-30": {
        "Diluted EPS": -1.23,
        "Total Revenue": 68,
        "Gross Profit": 33,
        "Operating Income": 4,
        "EBIT": 9,
        "Net Income": -36
    },
    "2021-03-31": {
        "Diluted EPS": -3.15,
        "Total Revenue": 48,
        "Gross Profit": 26,
        "Operating Income": -28,
        "EBIT": -23,
        "Net Income": -83
    },
    "2020-12-31": {
        "Diluted EPS": -2.45,
        "Total Revenue": 41,
        "Gross Profit": 19,
        "Operating Income": -19,
        "EBIT": -17,
        "Net Income": -44
    },
    "2020-09-30": {
        "Diluted EPS": -0.05,
        "Total Revenue": 59,
        "Gross Profit": 28,
        "Operating Income": 0,
        "EBIT": 1,
        "Net Income": -1
    },
    "2020-06-30": {
        "Diluted EPS": -0.19,
        "Total Revenue": 60,
        "Gross Profit": 28,
        "Operating Income": -2,
        "EBIT": -1,
        "Net Income": -3
    },
    "2020-03-31": {
        "Diluted EPS": -0.99,
        "Total Revenue": 26,
        "Gross Profit": 10,
        "Operating Income": -14,
        "EBIT": -14,
        "Net Income": -15
    },
    "2019-12-31": {
        "Diluted EPS": -1.25,
        "Total Revenue": 26,
        "Gross Profit": 9,
        "Operating Income": -18,
        "EBIT": -17,
        "Net Income": -19
    },
    "2019-09-30": {
        "Diluted EPS": -0.99,
        "Total Revenue": 41,
        "Gross Profit": 18,
        "Operating Income": -14,
        "EBIT": -14,
        "Net Income": -15
    },
    "2019-06-30": {
        "Diluted EPS": -1.38,
        "Total Revenue": 30,
        "Gross Profit": 12,
        "Operating Income": -16,
        "EBIT": -15,
        "Net Income": -17
    },
    "2019-03-31": {
        "Diluted EPS": -0.73,
        "Total Revenue": 18,
        "Gross Profit": 7,
        "Operating Income": -7,
        "EBIT": -7,
        "Net Income": -8
    },
    "2018-12-31": {
        "Diluted EPS": 0.0,
        "Total Revenue": NaN,
        "Gross Profit": NaN,
        "Operating Income": NaN,
        "EBIT": NaN,
        "Net Income": NaN
    },
    "2018-09-30": {
        "Diluted EPS": -0.49,
        "Total Revenue": 25,
        "Gross Profit": 10,
        "Operating Income": -5,
        "EBIT": -5,
        "Net Income": -5
    },
    "2018-06-30": {
        "Diluted EPS": -0.9,
        "Total Revenue": 15,
        "Gross Profit": 4,
        "Operating Income": -8,
        "EBIT": -8,
        "Net Income": -9
    },
    "2023-06-30": {
        "Tax Effect Of Unusual Items": -4323480.0,
        "Tax Rate For Calcs": 0.21,
        "Normalized EBITDA": -12431000.0,
        "Total Unusual Items": -20588000.0,
        "Total Unusual Items Excluding Goodwill": -20588000.0,
        "Net Income From Continuing Operation Net Minority Interest": -34787000.0,
        "Reconciled Depreciation": 1202000.0,
        "Reconciled Cost Of Revenue": 20368000.0,
        "EBITDA": -33019000.0,
        "EBIT": -34221000.0,
        "Net Interest Income": -346000.0,
        "Interest Expense": 540000.0,
        "Interest Income": 194000.0,
        "Normalized Income": -18522480.0,
        "Net Income From Continuing And Discontinued Operation": -34787000.0,
        "Total Expenses": 48915000.0,
        "Total Operating Income As Reported": -36436000.0,
        "Diluted Average Shares": 6483931.0,
        "Basic Average Shares": 6483931.0,
        "Diluted EPS": -5.37,
        "Basic EPS": -5.37,
        "Diluted NI Availto Com Stockholders": -34787000.0,
        "Net Income Common Stockholders": -34787000.0,
        "Net Income": -34787000.0,
        "Net Income Including Noncontrolling Interests": -34787000.0,
        "Net Income Continuous Operations": -34787000.0,
        "Tax Provision": 26000.0,
        "Pretax Income": -34761000.0,
        "Other Income Expense": -20764000.0,
        "Other Non Operating Income Expenses": -176000.0,
        "Special Income Charges": -22785000.0,
        "Other Special Charges": NaN,
        "Impairment Of Capital Assets": 22785000.0,
        "Restructuring And Mergern Acquisition": 0.0,
        "Gain On Sale Of Security": 2197000.0,
        "Net Non Operating Interest Income Expense": -346000.0,
        "Interest Expense Non Operating": 540000.0,
        "Interest Income Non Operating": 194000.0,
        "Operating Income": -13651000.0,
        "Operating Expense": 28547000.0,
        "Research And Development": 1709000.0,
        "Selling General And Administration": 26838000.0,
        "Selling And Marketing Expense": 20557000.0,
        "General And Administrative Expense": 6281000.0,
        "Other Gand A": 6281000.0,
        "Gross Profit": 14896000.0,
        "Cost Of Revenue": 20368000.0,
        "Total Revenue": 35264000.0,
        "Operating Revenue": 35264000.0
    },
    "2023-09-30": {
        "Tax Effect Of Unusual Items": 119070.0,
        "Tax Rate For Calcs": 0.21,
        "Normalized EBITDA": -5808000.0,
        "Total Unusual Items": 567000.0,
        "Total Unusual Items Excluding Goodwill": 567000.0,
        "Net Income From Continuing Operation Net Minority Interest": -6270000.0,
        "Reconciled Depreciation": 452000.0,
        "Reconciled Cost Of Revenue": 20085000.0,
        "EBITDA": -5241000.0,
        "EBIT": -5693000.0,
        "Net Interest Income": -359000.0,
        "Interest Expense": 487000.0,
        "Interest Income": 128000.0,
        "Normalized Income": -6717930.0,
        "Net Income From Continuing And Discontinued Operation": -6270000.0,
        "Total Expenses": 46184000.0,
        "Total Operating Income As Reported": -6516000.0,
        "Diluted Average Shares": 6585205.0,
        "Basic Average Shares": 6585205.0,
        "Diluted EPS": -0.96,
        "Basic EPS": -0.96,
        "Diluted NI Availto Com Stockholders": -6270000.0,
        "Net Income Common Stockholders": -6270000.0,
        "Net Income": -6270000.0,
        "Net Income Including Noncontrolling Interests": -6270000.0,
        "Net Income Continuous Operations": -6270000.0,
        "Tax Provision": 90000.0,
        "Pretax Income": -6180000.0,
        "Other Income Expense": 695000.0,
        "Other Non Operating Income Expenses": 128000.0,
        "Special Income Charges": 0.0,
        "Other Special Charges": NaN,
        "Impairment Of Capital Assets": 0.0,
        "Restructuring And Mergern Acquisition": 0.0,
        "Gain On Sale Of Security": 567000.0,
        "Net Non Operating Interest Income Expense": -359000.0,
        "Interest Expense Non Operating": 487000.0,
        "Interest Income Non Operating": 128000.0,
        "Operating Income": -6516000.0,
        "Operating Expense": 26099000.0,
        "Research And Development": 852000.0,
        "Selling General And Administration": 25247000.0,
        "Selling And Marketing Expense": 20921000.0,
        "General And Administrative Expense": 4326000.0,
        "Other Gand A": 4326000.0,
        "Gross Profit": 19583000.0,
        "Cost Of Revenue": 20085000.0,
        "Total Revenue": 39668000.0,
        "Operating Revenue": 39668000.0
    },
    "2023-12-31": {
        "Tax Effect Of Unusual Items": -29288.32033,
        "Tax Rate For Calcs": 0.115764,
        "Normalized EBITDA": -7491000.0,
        "Total Unusual Items": -253000.0,
        "Total Unusual Items Excluding Goodwill": -253000.0,
        "Net Income From Continuing Operation Net Minority Interest": -7707000.0,
        "Reconciled Depreciation": 470000.0,
        "Reconciled Cost Of Revenue": 16045000.0,
        "EBITDA": -7744000.0,
        "EBIT": -8214000.0,
        "Net Interest Income": -345000.0,
        "Interest Expense": 502000.0,
        "Interest Income": 157000.0,
        "Normalized Income": -7483288.32033,
        "Net Income From Continuing And Discontinued Operation": -7707000.0,
        "Total Expenses": 40714000.0,
        "Total Operating Income As Reported": -8242000.0,
        "Diluted Average Shares": 5505994.0,
        "Basic Average Shares": 5505994.0,
        "Diluted EPS": -1.44,
        "Basic EPS": -1.44,
        "Diluted NI Availto Com Stockholders": -7707000.0,
        "Net Income Common Stockholders": -7707000.0,
        "Net Income": -7707000.0,
        "Net Income Including Noncontrolling Interests": -7707000.0,
        "Net Income Continuous Operations": -7707000.0,
        "Tax Provision": -1009000.0,
        "Pretax Income": -8716000.0,
        "Other Income Expense": -412000.0,
        "Other Non Operating Income Expenses": -159000.0,
        "Special Income Charges": -283000.0,
        "Other Special Charges": NaN,
        "Impairment Of Capital Assets": 283000.0,
        "Restructuring And Mergern Acquisition": 0.0,
        "Gain On Sale Of Security": 30000.0,
        "Net Non Operating Interest Income Expense": -345000.0,
        "Interest Expense Non Operating": 502000.0,
        "Interest Income Non Operating": 157000.0,
        "Operating Income": -7959000.0,
        "Operating Expense": 24669000.0,
        "Research And Development": 808000.0,
        "Selling General And Administration": 23861000.0,
        "Selling And Marketing Expense": 20207000.0,
        "General And Administrative Expense": 3654000.0,
        "Other Gand A": 3654000.0,
        "Gross Profit": 16710000.0,
        "Cost Of Revenue": 16045000.0,
        "Total Revenue": 32755000.0,
        "Operating Revenue": 32755000.0
    },
    "2024-03-31": {
        "Tax Effect Of Unusual Items": 108570.0,
        "Tax Rate For Calcs": 0.21,
        "Normalized EBITDA": -4787000.0,
        "Total Unusual Items": 517000.0,
        "Total Unusual Items Excluding Goodwill": 517000.0,
        "Net Income From Continuing Operation Net Minority Interest": -5162000.0,
        "Reconciled Depreciation": 428000.0,
        "Reconciled Cost Of Revenue": 7046000.0,
        "EBITDA": -4270000.0,
        "EBIT": -4698000.0,
        "Net Interest Income": -323000.0,
        "Interest Expense": 393000.0,
        "Interest Income": 70000.0,
        "Normalized Income": -5570430.0,
        "Net Income From Continuing And Discontinued Operation": -5162000.0,
        "Total Expenses": 25492000.0,
        "Total Operating Income As Reported": -5278000.0,
        "Diluted Average Shares": 6789955.0,
        "Basic Average Shares": 6789955.0,
        "Diluted EPS": -0.76,
        "Basic EPS": -0.76,
        "Diluted NI Availto Com Stockholders": -5162000.0,
        "Net Income Common Stockholders": -5162000.0,
        "Net Income": -5162000.0,
        "Net Income Including Noncontrolling Interests": -5162000.0,
        "Net Income Continuous Operations": -5162000.0,
        "Tax Provision": 71000.0,
        "Pretax Income": -5091000.0,
        "Other Income Expense": 510000.0,
        "Other Non Operating Income Expenses": -7000.0,
        "Special Income Charges": 0.0,
        "Other Special Charges": NaN,
        "Impairment Of Capital Assets": 0.0,
        "Restructuring And Mergern Acquisition": NaN,
        "Gain On Sale Of Security": 517000.0,
        "Net Non Operating Interest Income Expense": -323000.0,
        "Interest Expense Non Operating": 393000.0,
        "Interest Income Non Operating": 70000.0,
        "Operating Income": -5278000.0,
        "Operating Expense": 18446000.0,
        "Research And Development": 0.0,
        "Selling General And Administration": 18446000.0,
        "Selling And Marketing Expense": 13214000.0,
        "General And Administrative Expense": 5232000.0,
        "Other Gand A": 5232000.0,
        "Gross Profit": 13168000.0,
        "Cost Of Revenue": 7046000.0,
        "Total Revenue": 20214000.0,
        "Operating Revenue": 20214000.0
    },
    "2024-06-30": {
        "Tax Effect Of Unusual Items": 10920.0,
        "Tax Rate For Calcs": 0.21,
        "Normalized EBITDA": -2750000.0,
        "Total Unusual Items": 52000.0,
        "Total Unusual Items Excluding Goodwill": 52000.0,
        "Net Income From Continuing Operation Net Minority Interest": -3629000.0,
        "Reconciled Depreciation": 430000.0,
        "Reconciled Cost Of Revenue": 11093000.0,
        "EBITDA": -2698000.0,
        "EBIT": -3128000.0,
        "Net Interest Income": -228000.0,
        "Interest Expense": 296000.0,
        "Interest Income": 68000.0,
        "Normalized Income": -3670080.0,
        "Net Income From Continuing And Discontinued Operation": -3629000.0,
        "Total Expenses": 31189000.0,
        "Total Operating Income As Reported": -3205000.0,
        "Diluted Average Shares": 6973218.0,
        "Basic Average Shares": 6973218.0,
        "Diluted EPS": -0.52,
        "Basic EPS": -0.52,
        "Diluted NI Availto Com Stockholders": -3629000.0,
        "Net Income Common Stockholders": -3629000.0,
        "Net Income": -3629000.0,
        "Net Income Including Noncontrolling Interests": -3629000.0,
        "Net Income Continuous Operations": -3629000.0,
        "Tax Provision": 205000.0,
        "Pretax Income": -3424000.0,
        "Other Income Expense": 9000.0,
        "Other Non Operating Income Expenses": -43000.0,
        "Special Income Charges": 0.0,
        "Other Special Charges": NaN,
        "Impairment Of Capital Assets": 0.0,
        "Restructuring And Mergern Acquisition": NaN,
        "Gain On Sale Of Security": 52000.0,
        "Net Non Operating Interest Income Expense": -228000.0,
        "Interest Expense Non Operating": 296000.0,
        "Interest Income Non Operating": 68000.0,
        "Operating Income": -3205000.0,
        "Operating Expense": 20096000.0,
        "Research And Development": 0.0,
        "Selling General And Administration": 20096000.0,
        "Selling And Marketing Expense": 15162000.0,
        "General And Administrative Expense": 4934000.0,
        "Other Gand A": 4934000.0,
        "Gross Profit": 16891000.0,
        "Cost Of Revenue": 11093000.0,
        "Total Revenue": 27984000.0,
        "Operating Revenue": 27984000.0
    }
}