{
    "2023-03-31": {
        "Tax Effect Of Unusual Items": 5506.966008,
        "Tax Rate For Calcs": 0.007947,
        "Normalized EBITDA": 96421000.0,
        "Total Unusual Items": 693000.0,
        "Total Unusual Items Excluding Goodwill": 693000.0,
        "Net Income From Continuing Operation Net Minority Interest": 48563000.0,
        "Reconciled Depreciation": 33705000.0,
        "Reconciled Cost Of Revenue": 165820000.0,
        "EBITDA": 97114000.0,
        "EBIT": 63409000.0,
        "Net Interest Income": -14457000.0,
        "Interest Expense": 14457000.0,
        "Interest Income": NaN,
        "Normalized Income": 47875506.966008,
        "Net Income From Continuing And Discontinued Operation": 45869000.0,
        "Total Expenses": 310346000.0,
        "Total Operating Income As Reported": 59429000.0,
        "Diluted NI Availto Com Stockholders": 45869000.0,
        "Net Income Common Stockholders": 45869000.0,
        "Net Income": 45869000.0,
        "Net Income Including Noncontrolling Interests": 45869000.0,
        "Net Income Discontinuous Operations": -2694000.0,
        "Net Income Continuous Operations": 48563000.0,
        "Tax Provision": 389000.0,
        "Pretax Income": 48952000.0,
        "Other Income Expense": 4673000.0,
        "Other Non Operating Income Expenses": 3980000.0,
        "Special Income Charges": 693000.0,
        "Gain On Sale Of Ppe": 13317000.0,
        "Other Special Charges": NaN,
        "Restructuring And Mergern Acquisition": 12624000.0,
        "Gain On Sale Of Security": NaN,
        "Net Non Operating Interest Income Expense": -14457000.0,
        "Total Other Finance Cost": NaN,
        "Interest Expense Non Operating": 14457000.0,
        "Interest Income Non Operating": NaN,
        "Operating Income": 58736000.0,
        "Operating Expense": 144526000.0,
        "Selling General And Administration": 144526000.0,
        "General And Administrative Expense": 144526000.0,
        "Other Gand A": 144526000.0,
        "Gross Profit": 203262000.0,
        "Cost Of Revenue": 165820000.0,
        "Total Revenue": 369082000.0,
        "Operating Revenue": 365970000.0
    },
    "2022-12-31": {
        "Tax Effect Of Unusual Items": -2637456.503015,
        "Tax Rate For Calcs": 0.152419,
        "Normalized EBITDA": 96493000.0,
        "Total Unusual Items": -17304000.0,
        "Total Unusual Items Excluding Goodwill": -17304000.0,
        "Net Income From Continuing Operation Net Minority Interest": 23617000.0,
        "Reconciled Depreciation": 35736000.0,
        "Reconciled Cost Of Revenue": 159303000.0,
        "EBITDA": 79189000.0,
        "EBIT": 43453000.0,
        "Net Interest Income": -15589000.0,
        "Interest Expense": 15589000.0,
        "Interest Income": NaN,
        "Normalized Income": 38283543.496985,
        "Net Income From Continuing And Discontinued Operation": 24144000.0,
        "Total Expenses": 299971000.0,
        "Total Operating Income As Reported": 46027000.0,
        "Diluted NI Availto Com Stockholders": 24144000.0,
        "Net Income Common Stockholders": 24144000.0,
        "Net Income": 24144000.0,
        "Net Income Including Noncontrolling Interests": 24144000.0,
        "Net Income Discontinuous Operations": 527000.0,
        "Net Income Continuous Operations": 23617000.0,
        "Tax Provision": 4247000.0,
        "Pretax Income": 27864000.0,
        "Other Income Expense": -19878000.0,
        "Other Non Operating Income Expenses": -2574000.0,
        "Special Income Charges": -17304000.0,
        "Gain On Sale Of Ppe": NaN,
        "Other Special Charges": NaN,
        "Restructuring And Mergern Acquisition": 17304000.0,
        "Gain On Sale Of Security": NaN,
        "Net Non Operating Interest Income Expense": -15589000.0,
        "Total Other Finance Cost": 979000.0,
        "Interest Expense Non Operating": 15589000.0,
        "Interest Income Non Operating": NaN,
        "Operating Income": 63331000.0,
        "Operating Expense": 140668000.0,
        "Selling General And Administration": 140668000.0,
        "General And Administrative Expense": NaN,
        "Other Gand A": NaN,
        "Gross Profit": 203999000.0,
        "Cost Of Revenue": 159303000.0,
        "Total Revenue": 363302000.0,
        "Operating Revenue": 360533000.0
    },
    "2022-09-30": {
        "Tax Effect Of Unusual Items": -3586655.072464,
        "Tax Rate For Calcs": 0.152754,
        "Normalized EBITDA": 97181000.0,
        "Total Unusual Items": -23480000.0,
        "Total Unusual Items Excluding Goodwill": -23480000.0,
        "Net Income From Continuing Operation Net Minority Interest": 5846000.0,
        "Reconciled Depreciation": 49041000.0,
        "Reconciled Cost Of Revenue": 159645000.0,
        "EBITDA": 73701000.0,
        "EBIT": 24660000.0,
        "Net Interest Income": -16193000.0,
        "Interest Expense": 17760000.0,
        "Interest Income": 1567000.0,
        "Normalized Income": 25739344.927536,
        "Net Income From Continuing And Discontinued Operation": 2192000.0,
        "Total Expenses": 307986000.0,
        "Total Operating Income As Reported": 23093000.0,
        "Diluted Average Shares": 46342000.0,
        "Basic Average Shares": 45274000.0,
        "Diluted EPS": 0.01,
        "Basic EPS": 0.01,
        "Diluted NI Availto Com Stockholders": 2192000.0,
        "Net Income Common Stockholders": 2192000.0,
        "Net Income": 2192000.0,
        "Net Income Including Noncontrolling Interests": 2192000.0,
        "Net Income Discontinuous Operations": -3654000.0,
        "Net Income Continuous Operations": 5846000.0,
        "Tax Provision": 1054000.0,
        "Pretax Income": 6900000.0,
        "Other Income Expense": -23480000.0,
        "Other Non Operating Income Expenses": NaN,
        "Special Income Charges": -23480000.0,
        "Gain On Sale Of Ppe": NaN,
        "Other Special Charges": -71000.0,
        "Restructuring And Mergern Acquisition": 23480000.0,
        "Gain On Sale Of Security": NaN,
        "Net Non Operating Interest Income Expense": -16193000.0,
        "Total Other Finance Cost": 15000.0,
        "Interest Expense Non Operating": 17760000.0,
        "Interest Income Non Operating": 1567000.0,
        "Operating Income": 46573000.0,
        "Operating Expense": 148341000.0,
        "Selling General And Administration": 148341000.0,
        "General And Administrative Expense": NaN,
        "Other Gand A": NaN,
        "Gross Profit": 194914000.0,
        "Cost Of Revenue": 159645000.0,
        "Total Revenue": 354559000.0,
        "Operating Revenue": 354559000.0
    },
    "2022-06-30": {
        "Tax Effect Of Unusual Items": -8116000.0,
        "Tax Rate For Calcs": 0.4,
        "Normalized EBITDA": 65855000.0,
        "Total Unusual Items": -20290000.0,
        "Total Unusual Items Excluding Goodwill": -20290000.0,
        "Net Income From Continuing Operation Net Minority Interest": 2464000.0,
        "Reconciled Depreciation": 43907000.0,
        "Reconciled Cost Of Revenue": 161279000.0,
        "EBITDA": 45565000.0,
        "EBIT": 45565000.0,
        "Net Interest Income": -18405000.0,
        "Interest Expense": 19441000.0,
        "Interest Income": 1036000.0,
        "Normalized Income": 14638000.0,
        "Net Income From Continuing And Discontinued Operation": 8014000.0,
        "Total Expenses": 296412000.0,
        "Total Operating Income As Reported": 44529000.0,
        "Diluted Average Shares": 45175000.0,
        "Basic Average Shares": 45175000.0,
        "Diluted EPS": 0.18,
        "Basic EPS": 0.18,
        "Diluted NI Availto Com Stockholders": 8014000.0,
        "Net Income Common Stockholders": 8014000.0,
        "Net Income": 8014000.0,
        "Minority Interests": 0.0,
        "Net Income Including Noncontrolling Interests": 8014000.0,
        "Net Income Discontinuous Operations": 5550000.0,
        "Net Income Continuous Operations": 2464000.0,
        "Tax Provision": 23660000.0,
        "Pretax Income": 26124000.0,
        "Other Income Expense": -20290000.0,
        "Other Non Operating Income Expenses": NaN,
        "Special Income Charges": -20290000.0,
        "Gain On Sale Of Ppe": NaN,
        "Other Special Charges": NaN,
        "Restructuring And Mergern Acquisition": 20290000.0,
        "Gain On Sale Of Security": 0.0,
        "Net Non Operating Interest Income Expense": -18405000.0,
        "Total Other Finance Cost": -5700000.0,
        "Interest Expense Non Operating": 19441000.0,
        "Interest Income Non Operating": 1036000.0,
        "Operating Income": 64819000.0,
        "Operating Expense": 135133000.0,
        "Selling General And Administration": 135133000.0,
        "General And Administrative Expense": NaN,
        "Other Gand A": NaN,
        "Gross Profit": 199952000.0,
        "Cost Of Revenue": 161279000.0,
        "Total Revenue": 361231000.0,
        "Operating Revenue": 361231000.0
    },
    "2022-03-31": {
        "Diluted EPS": 7.04,
        "Total Revenue": 364,
        "Gross Profit": 198,
        "Operating Income": 33,
        "EBIT": 96,
        "Net Income": 348
    },
    "2021-12-31": {
        "Diluted EPS": 0.36,
        "Total Revenue": 371,
        "Gross Profit": 191,
        "Operating Income": 25,
        "EBIT": 81,
        "Net Income": 18
    },
    "2021-09-30": {
        "Diluted EPS": -1.17,
        "Total Revenue": 289,
        "Gross Profit": 137,
        "Operating Income": -22,
        "EBIT": 35,
        "Net Income": -58
    },
    "2021-06-30": {
        "Diluted EPS": 0.19,
        "Total Revenue": 174,
        "Gross Profit": 66,
        "Operating Income": 16,
        "EBIT": 37,
        "Net Income": 9
    },
    "2021-03-31": {
        "Diluted EPS": 0.48,
        "Total Revenue": 230,
        "Gross Profit": 115,
        "Operating Income": 36,
        "EBIT": 58,
        "Net Income": 25
    },
    "2020-12-31": {
        "Diluted EPS": 0.44,
        "Total Revenue": 234,
        "Gross Profit": 114,
        "Operating Income": 29,
        "EBIT": 47,
        "Net Income": 23
    },
    "2020-09-30": {
        "Diluted EPS": 0.38,
        "Total Revenue": 268,
        "Gross Profit": 155,
        "Operating Income": 37,
        "EBIT": 63,
        "Net Income": 20
    },
    "2020-06-30": {
        "Diluted EPS": -4.77,
        "Total Revenue": 74,
        "Gross Profit": -9,
        "Operating Income": -10,
        "EBIT": 9,
        "Net Income": -256
    },
    "2020-03-31": {
        "Diluted EPS": 2.83,
        "Total Revenue": 271,
        "Gross Profit": 153,
        "Operating Income": 54,
        "EBIT": 77,
        "Net Income": 151
    },
    "2019-12-31": {
        "Diluted EPS": 0.1,
        "Total Revenue": 266,
        "Gross Profit": 139,
        "Operating Income": 40,
        "EBIT": 61,
        "Net Income": 6
    },
    "2019-09-30": {
        "Diluted EPS": 0.26,
        "Total Revenue": 255,
        "Gross Profit": 127,
        "Operating Income": 26,
        "EBIT": 50,
        "Net Income": 14
    },
    "2019-06-30": {
        "Diluted EPS": 0.83,
        "Total Revenue": 264,
        "Gross Profit": 142,
        "Operating Income": 55,
        "EBIT": 66,
        "Net Income": 49
    },
    "2019-03-31": {
        "Diluted EPS": 0.64,
        "Total Revenue": 259,
        "Gross Profit": 139,
        "Operating Income": 46,
        "EBIT": 56,
        "Net Income": 38
    },
    "2018-12-31": {
        "Diluted EPS": 0.29,
        "Total Revenue": 254,
        "Gross Profit": 136,
        "Operating Income": 59,
        "EBIT": 69,
        "Net Income": 17
    },
    "2018-09-30": {
        "Diluted EPS": -0.16,
        "Total Revenue": 237,
        "Gross Profit": 125,
        "Operating Income": -3,
        "EBIT": 6,
        "Net Income": -10
    },
    "2018-06-30": {
        "Diluted EPS": 1.04,
        "Total Revenue": 49,
        "Gross Profit": 77,
        "Operating Income": 25,
        "EBIT": 25,
        "Net Income": 63
    },
    "2018-03-31": {
        "Diluted EPS": 0.63,
        "Total Revenue": 310,
        "Gross Profit": 151,
        "Operating Income": 53,
        "EBIT": 67,
        "Net Income": 39
    },
    "2017-12-31": {
        "Diluted EPS": -1.33,
        "Total Revenue": 308,
        "Gross Profit": 151,
        "Operating Income": 60,
        "EBIT": 73,
        "Net Income": -81
    },
    "2017-09-30": {
        "Diluted EPS": 0.2,
        "Total Revenue": 293,
        "Gross Profit": 120,
        "Operating Income": 30,
        "EBIT": 44,
        "Net Income": 13
    },
    "2017-06-30": {
        "Diluted EPS": 0.67,
        "Total Revenue": 91,
        "Gross Profit": 65,
        "Operating Income": 60,
        "EBIT": 69,
        "Net Income": 43
    },
    "2017-03-31": {
        "Diluted EPS": 0.62,
        "Total Revenue": 333,
        "Gross Profit": 150,
        "Operating Income": 44,
        "EBIT": 61,
        "Net Income": 40
    },
    "2016-12-31": {
        "Diluted EPS": 0.23,
        "Total Revenue": 334,
        "Gross Profit": 155,
        "Operating Income": -1,
        "EBIT": 10,
        "Net Income": 14
    },
    "2016-09-30": {
        "Diluted EPS": 0.39,
        "Total Revenue": 450,
        "Gross Profit": 199,
        "Operating Income": 33,
        "EBIT": 54,
        "Net Income": 25
    },
    "2016-06-30": {
        "Diluted EPS": -0.15,
        "Total Revenue": -292,
        "Gross Profit": -122,
        "Operating Income": 143,
        "EBIT": 29,
        "Net Income": -10
    },
    "2016-03-31": {
        "Diluted EPS": 0.81,
        "Total Revenue": 474,
        "Gross Profit": 221,
        "Operating Income": 61,
        "EBIT": 82,
        "Net Income": 52
    },
    "2015-12-31": {
        "Diluted EPS": -0.79,
        "Total Revenue": 456,
        "Gross Profit": 215,
        "Operating Income": -56,
        "EBIT": 64,
        "Net Income": -51
    },
    "2015-09-30": {
        "Diluted EPS": 0.08,
        "Total Revenue": 441,
        "Gross Profit": 196,
        "Operating Income": 8,
        "EBIT": 29,
        "Net Income": 5
    },
    "2015-06-30": {
        "Diluted EPS": 0.46,
        "Total Revenue": 473,
        "Gross Profit": 223,
        "Operating Income": 34,
        "EBIT": 60,
        "Net Income": 30
    },
    "2015-03-31": {
        "Diluted EPS": 0.72,
        "Total Revenue": 490,
        "Gross Profit": 237,
        "Operating Income": 49,
        "EBIT": 73,
        "Net Income": 47
    },
    "2014-12-31": {
        "Diluted EPS": 0.65,
        "Total Revenue": 485,
        "Gross Profit": 234,
        "Operating Income": 49,
        "EBIT": 70,
        "Net Income": 42
    },
    "2014-09-30": {
        "Diluted EPS": 0.31,
        "Total Revenue": 462,
        "Gross Profit": 216,
        "Operating Income": 25,
        "EBIT": 46,
        "Net Income": 20
    },
    "2014-06-30": {
        "Diluted EPS": 0.58,
        "Total Revenue": 485,
        "Gross Profit": 229,
        "Operating Income": 43,
        "EBIT": 66,
        "Net Income": 37
    },
    "2014-03-31": {
        "Diluted EPS": 0.86,
        "Total Revenue": 496,
        "Gross Profit": 253,
        "Operating Income": 70,
        "EBIT": 92,
        "Net Income": 56
    },
    "2013-12-31": {
        "Diluted EPS": 0.74,
        "Total Revenue": 491,
        "Gross Profit": 248,
        "Operating Income": 59,
        "EBIT": 81,
        "Net Income": 48
    },
    "2013-09-30": {
        "Diluted EPS": -0.11,
        "Total Revenue": 451,
        "Gross Profit": 209,
        "Operating Income": 10,
        "EBIT": 32,
        "Net Income": -7
    },
    "2013-06-30": {
        "Diluted EPS": -0.5,
        "Total Revenue": 480,
        "Gross Profit": 234,
        "Operating Income": -25,
        "EBIT": 56,
        "Net Income": -32
    },
    "2013-03-31": {
        "Diluted EPS": 0.88,
        "Total Revenue": 504,
        "Gross Profit": 267,
        "Operating Income": 76,
        "EBIT": 99,
        "Net Income": 57
    },
    "2012-12-31": {
        "Diluted EPS": 0.78,
        "Total Revenue": 501,
        "Gross Profit": 260,
        "Operating Income": 67,
        "EBIT": 91,
        "Net Income": 50
    },
    "2012-09-30": {
        "Diluted EPS": 0.49,
        "Total Revenue": 480,
        "Gross Profit": 240,
        "Operating Income": 49,
        "EBIT": 72,
        "Net Income": 32
    },
    "2012-06-30": {
        "Diluted EPS": 0.13,
        "Total Revenue": 488,
        "Gross Profit": 251,
        "Operating Income": 50,
        "EBIT": 69,
        "Net Income": 8
    },
    "2012-03-31": {
        "Diluted EPS": 1.0,
        "Total Revenue": 541,
        "Gross Profit": 297,
        "Operating Income": 95,
        "EBIT": 118,
        "Net Income": 67
    },
    "2011-12-31": {
        "Diluted EPS": 0.13,
        "Total Revenue": 524,
        "Gross Profit": 283,
        "Operating Income": 14,
        "EBIT": 111,
        "Net Income": 9
    },
    "2011-09-30": {
        "Diluted EPS": 0.83,
        "Total Revenue": 519,
        "Gross Profit": 281,
        "Operating Income": 80,
        "EBIT": 100,
        "Net Income": 57
    },
    "2011-06-30": {
        "Diluted EPS": 1.08,
        "Total Revenue": 525,
        "Gross Profit": 301,
        "Operating Income": 117,
        "EBIT": 130,
        "Net Income": 75
    },
    "2011-03-31": {
        "Diluted EPS": 1.32,
        "Total Revenue": 563,
        "Gross Profit": 330,
        "Operating Income": 137,
        "EBIT": 154,
        "Net Income": 93
    },
    "2010-12-31": {
        "Diluted EPS": 1.25,
        "Total Revenue": 551,
        "Gross Profit": 322,
        "Operating Income": 136,
        "EBIT": 152,
        "Net Income": 89
    },
    "2010-09-30": {
        "Diluted EPS": 1.03,
        "Total Revenue": 521,
        "Gross Profit": 293,
        "Operating Income": 112,
        "EBIT": 127,
        "Net Income": 74
    },
    "2010-06-30": {
        "Diluted EPS": 0.99,
        "Total Revenue": 507,
        "Gross Profit": 291,
        "Operating Income": 101,
        "EBIT": 115,
        "Net Income": 72
    },
    "2010-03-31": {
        "Diluted EPS": 1.12,
        "Total Revenue": 504,
        "Gross Profit": 290,
        "Operating Income": 122,
        "EBIT": 137,
        "Net Income": 81
    },
    "2009-12-31": {
        "Diluted EPS": 1.0,
        "Total Revenue": 473,
        "Gross Profit": 273,
        "Operating Income": 109,
        "EBIT": 126,
        "Net Income": 72
    },
    "2009-09-30": {
        "Diluted EPS": 0.76,
        "Total Revenue": 431,
        "Gross Profit": 235,
        "Operating Income": 79,
        "EBIT": 95,
        "Net Income": 55
    },
    "2009-06-30": {
        "Diluted EPS": 0.51,
        "Total Revenue": 396,
        "Gross Profit": 211,
        "Operating Income": 54,
        "EBIT": 68,
        "Net Income": 37
    },
    "2009-03-31": {
        "Diluted EPS": 0.7,
        "Total Revenue": 392,
        "Gross Profit": 214,
        "Operating Income": 72,
        "EBIT": 85,
        "Net Income": 51
    },
    "2023-06-30": {
        "Tax Effect Of Unusual Items": -1264811.472768,
        "Tax Rate For Calcs": 0.15673,
        "Normalized EBITDA": 84093000.0,
        "Total Unusual Items": -8070000.0,
        "Total Unusual Items Excluding Goodwill": -8070000.0,
        "Net Income From Continuing Operation Net Minority Interest": 23550000.0,
        "Reconciled Depreciation": 32802000.0,
        "Reconciled Cost Of Revenue": 163718000.0,
        "EBITDA": 76023000.0,
        "EBIT": 43221000.0,
        "Net Interest Income": -15294000.0,
        "Interest Expense": 15294000.0,
        "Interest Income": NaN,
        "Normalized Income": 30355188.527232,
        "Net Income From Continuing And Discontinued Operation": 22244000.0,
        "Total Expenses": 317014000.0,
        "Total Operating Income As Reported": 39557000.0,
        "Diluted NI Availto Com Stockholders": 22244000.0,
        "Net Income Common Stockholders": 22244000.0,
        "Net Income": 22244000.0,
        "Net Income Including Noncontrolling Interests": 22244000.0,
        "Net Income Discontinuous Operations": -1306000.0,
        "Net Income Continuous Operations": 23550000.0,
        "Tax Provision": 4377000.0,
        "Pretax Income": 27927000.0,
        "Other Income Expense": -4406000.0,
        "Other Non Operating Income Expenses": 3664000.0,
        "Special Income Charges": -8070000.0,
        "Gain On Sale Of Ppe": 0.0,
        "Other Special Charges": 0.0,
        "Restructuring And Mergern Acquisition": 8070000.0,
        "Gain On Sale Of Security": NaN,
        "Net Non Operating Interest Income Expense": -15294000.0,
        "Total Other Finance Cost": 0.0,
        "Interest Expense Non Operating": 15294000.0,
        "Interest Income Non Operating": NaN,
        "Operating Income": 47627000.0,
        "Operating Expense": 153296000.0,
        "Selling General And Administration": 153296000.0,
        "General And Administrative Expense": NaN,
        "Other Gand A": NaN,
        "Gross Profit": 200923000.0,
        "Cost Of Revenue": 163718000.0,
        "Total Revenue": 364641000.0,
        "Operating Revenue": 373261000.0
    },
    "2023-09-30": {
        "Tax Effect Of Unusual Items": -1208522.812013,
        "Tax Rate For Calcs": 0.189275,
        "Normalized EBITDA": 64572000.0,
        "Total Unusual Items": -6385000.0,
        "Total Unusual Items Excluding Goodwill": -6385000.0,
        "Net Income From Continuing Operation Net Minority Interest": 11959000.0,
        "Reconciled Depreciation": 29220000.0,
        "Reconciled Cost Of Revenue": 168618000.0,
        "EBITDA": 58187000.0,
        "EBIT": 28967000.0,
        "Net Interest Income": -12996000.0,
        "Interest Expense": 14216000.0,
        "Interest Income": 2661000.0,
        "Normalized Income": 17135477.187987,
        "Net Income From Continuing And Discontinued Operation": 10646000.0,
        "Total Expenses": 334713000.0,
        "Total Operating Income As Reported": 28194000.0,
        "Diluted NI Availto Com Stockholders": 10646000.0,
        "Net Income Common Stockholders": 10646000.0,
        "Net Income": 10646000.0,
        "Net Income Including Noncontrolling Interests": 10646000.0,
        "Net Income Discontinuous Operations": -1313000.0,
        "Net Income Continuous Operations": 11959000.0,
        "Tax Provision": 2792000.0,
        "Pretax Income": 14751000.0,
        "Other Income Expense": -6385000.0,
        "Other Non Operating Income Expenses": NaN,
        "Special Income Charges": -5938000.0,
        "Gain On Sale Of Ppe": NaN,
        "Other Special Charges": NaN,
        "Restructuring And Mergern Acquisition": 5938000.0,
        "Gain On Sale Of Security": -447000.0,
        "Net Non Operating Interest Income Expense": -12996000.0,
        "Total Other Finance Cost": 1441000.0,
        "Interest Expense Non Operating": 14216000.0,
        "Interest Income Non Operating": 2661000.0,
        "Operating Income": 34132000.0,
        "Operating Expense": 166095000.0,
        "Selling General And Administration": 166095000.0,
        "General And Administrative Expense": 166095000.0,
        "Other Gand A": 166095000.0,
        "Gross Profit": 200227000.0,
        "Cost Of Revenue": 168618000.0,
        "Total Revenue": 368845000.0,
        "Operating Revenue": 365361000.0
    }
}