{
    "2023-03-31": {
        "Tax Effect Of Unusual Items": 14100.0,
        "Tax Rate For Calcs": 0.047,
        "Normalized EBITDA": 145600000.0,
        "Total Unusual Items": 300000.0,
        "Total Unusual Items Excluding Goodwill": 300000.0,
        "Net Income From Continuing Operation Net Minority Interest": 84500000.0,
        "Reconciled Depreciation": 35100000.0,
        "Reconciled Cost Of Revenue": 844900000.0,
        "EBITDA": 145900000.0,
        "EBIT": 110800000.0,
        "Net Interest Income": -19900000.0,
        "Interest Expense": 19900000.0,
        "Normalized Income": 84214100.0,
        "Net Income From Continuing And Discontinued Operation": 84500000.0,
        "Total Expenses": 927900000.0,
        "Total Operating Income As Reported": 112600000.0,
        "Diluted Average Shares": 150100000.0,
        "Basic Average Shares": 128500000.0,
        "Diluted EPS": 0.58,
        "Basic EPS": 0.66,
        "Diluted NI Availto Com Stockholders": 87100000.0,
        "Average Dilution Earnings": 2600000.0,
        "Net Income Common Stockholders": 84500000.0,
        "Net Income": 84500000.0,
        "Minority Interests": -2100000.0,
        "Net Income Including Noncontrolling Interests": 86600000.0,
        "Net Income Continuous Operations": 86600000.0,
        "Tax Provision": 4300000.0,
        "Pretax Income": 90900000.0,
        "Other Income Expense": 600000.0,
        "Other Non Operating Income Expenses": 600000.0,
        "Special Income Charges": 300000.0,
        "Gain On Sale Of Ppe": 300000.0,
        "Gain On Sale Of Business": NaN,
        "Other Special Charges": NaN,
        "Restructuring And Mergern Acquisition": 0.0,
        "Earnings From Equity Interest": -300000.0,
        "Net Non Operating Interest Income Expense": -19900000.0,
        "Interest Expense Non Operating": 19900000.0,
        "Operating Income": 110200000.0,
        "Operating Expense": 83000000.0,
        "Selling General And Administration": 83000000.0,
        "General And Administrative Expense": 83000000.0,
        "Other Gand A": 80600000.0,
        "Salaries And Wages": 2400000.0,
        "Gross Profit": 193200000.0,
        "Cost Of Revenue": 844900000.0,
        "Total Revenue": 1038100000.0,
        "Operating Revenue": 1038100000.0
    },
    "2022-12-31": {
        "Tax Effect Of Unusual Items": NaN,
        "Tax Rate For Calcs": NaN,
        "Normalized EBITDA": NaN,
        "Total Unusual Items": NaN,
        "Total Unusual Items Excluding Goodwill": NaN,
        "Net Income From Continuing Operation Net Minority Interest": NaN,
        "Reconciled Depreciation": NaN,
        "Reconciled Cost Of Revenue": NaN,
        "EBITDA": NaN,
        "EBIT": NaN,
        "Net Interest Income": NaN,
        "Interest Expense": NaN,
        "Normalized Income": NaN,
        "Net Income From Continuing And Discontinued Operation": NaN,
        "Total Expenses": NaN,
        "Total Operating Income As Reported": NaN,
        "Diluted Average Shares": NaN,
        "Basic Average Shares": NaN,
        "Diluted EPS": NaN,
        "Basic EPS": NaN,
        "Diluted NI Availto Com Stockholders": NaN,
        "Average Dilution Earnings": NaN,
        "Net Income Common Stockholders": NaN,
        "Net Income": NaN,
        "Minority Interests": NaN,
        "Net Income Including Noncontrolling Interests": NaN,
        "Net Income Continuous Operations": NaN,
        "Tax Provision": NaN,
        "Pretax Income": NaN,
        "Other Income Expense": NaN,
        "Other Non Operating Income Expenses": NaN,
        "Special Income Charges": NaN,
        "Gain On Sale Of Ppe": NaN,
        "Gain On Sale Of Business": 0.0,
        "Other Special Charges": 0.0,
        "Restructuring And Mergern Acquisition": NaN,
        "Earnings From Equity Interest": NaN,
        "Net Non Operating Interest Income Expense": NaN,
        "Interest Expense Non Operating": NaN,
        "Operating Income": NaN,
        "Operating Expense": NaN,
        "Selling General And Administration": NaN,
        "General And Administrative Expense": NaN,
        "Other Gand A": NaN,
        "Salaries And Wages": NaN,
        "Gross Profit": NaN,
        "Cost Of Revenue": NaN,
        "Total Revenue": NaN,
        "Operating Revenue": NaN
    },
    "2022-09-30": {
        "Tax Effect Of Unusual Items": NaN,
        "Tax Rate For Calcs": NaN,
        "Normalized EBITDA": NaN,
        "Total Unusual Items": NaN,
        "Total Unusual Items Excluding Goodwill": NaN,
        "Net Income From Continuing Operation Net Minority Interest": NaN,
        "Reconciled Depreciation": NaN,
        "Reconciled Cost Of Revenue": NaN,
        "EBITDA": NaN,
        "EBIT": NaN,
        "Net Interest Income": NaN,
        "Interest Expense": NaN,
        "Normalized Income": NaN,
        "Net Income From Continuing And Discontinued Operation": NaN,
        "Total Expenses": NaN,
        "Total Operating Income As Reported": NaN,
        "Diluted Average Shares": NaN,
        "Basic Average Shares": NaN,
        "Diluted EPS": NaN,
        "Basic EPS": NaN,
        "Diluted NI Availto Com Stockholders": NaN,
        "Average Dilution Earnings": NaN,
        "Net Income Common Stockholders": NaN,
        "Net Income": NaN,
        "Minority Interests": NaN,
        "Net Income Including Noncontrolling Interests": NaN,
        "Net Income Continuous Operations": NaN,
        "Tax Provision": NaN,
        "Pretax Income": NaN,
        "Other Income Expense": NaN,
        "Other Non Operating Income Expenses": NaN,
        "Special Income Charges": NaN,
        "Gain On Sale Of Ppe": NaN,
        "Gain On Sale Of Business": 0.0,
        "Other Special Charges": 19900000.0,
        "Restructuring And Mergern Acquisition": NaN,
        "Earnings From Equity Interest": NaN,
        "Net Non Operating Interest Income Expense": NaN,
        "Interest Expense Non Operating": NaN,
        "Operating Income": NaN,
        "Operating Expense": NaN,
        "Selling General And Administration": NaN,
        "General And Administrative Expense": NaN,
        "Other Gand A": NaN,
        "Salaries And Wages": NaN,
        "Gross Profit": NaN,
        "Cost Of Revenue": NaN,
        "Total Revenue": NaN,
        "Operating Revenue": NaN
    },
    "2022-06-30": {
        "Tax Effect Of Unusual Items": -45760000.0,
        "Tax Rate For Calcs": 0.4,
        "Normalized EBITDA": 142900000.0,
        "Total Unusual Items": -114400000.0,
        "Total Unusual Items Excluding Goodwill": -114400000.0,
        "Net Income From Continuing Operation Net Minority Interest": -38000000.0,
        "Reconciled Depreciation": 36000000.0,
        "Reconciled Cost Of Revenue": 784200000.0,
        "EBITDA": 28500000.0,
        "EBIT": -7500000.0,
        "Net Interest Income": -23400000.0,
        "Interest Expense": 23400000.0,
        "Normalized Income": 30640000.0,
        "Net Income From Continuing And Discontinued Operation": -38000000.0,
        "Total Expenses": 856500000.0,
        "Total Operating Income As Reported": -11600000.0,
        "Diluted Average Shares": 124600000.0,
        "Basic Average Shares": 124600000.0,
        "Diluted EPS": -0.31,
        "Basic EPS": -0.31,
        "Diluted NI Availto Com Stockholders": -38000000.0,
        "Average Dilution Earnings": 0.0,
        "Net Income Common Stockholders": -38000000.0,
        "Net Income": -38000000.0,
        "Minority Interests": -3700000.0,
        "Net Income Including Noncontrolling Interests": -34300000.0,
        "Net Income Continuous Operations": -34300000.0,
        "Tax Provision": 3400000.0,
        "Pretax Income": -30900000.0,
        "Other Income Expense": -110500000.0,
        "Other Non Operating Income Expenses": -6100000.0,
        "Special Income Charges": -114400000.0,
        "Gain On Sale Of Ppe": -115700000.0,
        "Gain On Sale Of Business": NaN,
        "Other Special Charges": NaN,
        "Restructuring And Mergern Acquisition": -1300000.0,
        "Earnings From Equity Interest": 10000000.0,
        "Net Non Operating Interest Income Expense": -23400000.0,
        "Interest Expense Non Operating": 23400000.0,
        "Operating Income": 103000000.0,
        "Operating Expense": 72300000.0,
        "Selling General And Administration": 72300000.0,
        "Gross Profit": 175300000.0,
        "Cost Of Revenue": 784200000.0,
        "Total Revenue": 959500000.0,
        "Operating Revenue": 959500000.0
    },
    "2023-06-30": {
        "Tax Effect Of Unusual Items": -151932.36715,
        "Tax Rate For Calcs": 0.044686,
        "Normalized EBITDA": 143400000.0,
        "Total Unusual Items": -3400000.0,
        "Total Unusual Items Excluding Goodwill": -3400000.0,
        "Net Income From Continuing Operation Net Minority Interest": 76000000.0,
        "Reconciled Depreciation": 35900000.0,
        "Reconciled Cost Of Revenue": 836900000.0,
        "EBITDA": 140000000.0,
        "EBIT": 104100000.0,
        "Net Interest Income": -21300000.0,
        "Interest Expense": 21300000.0,
        "Normalized Income": 79248067.63285,
        "Net Income From Continuing And Discontinued Operation": 76000000.0,
        "Total Expenses": 922300000.0,
        "Total Operating Income As Reported": 120300000.0,
        "Diluted Average Shares": 150100000.0,
        "Basic Average Shares": 128500000.0,
        "Diluted EPS": 0.52,
        "Basic EPS": 0.59,
        "Diluted NI Availto Com Stockholders": 78600000.0,
        "Average Dilution Earnings": 2600000.0,
        "Net Income Common Stockholders": 76000000.0,
        "Net Income": 76000000.0,
        "Minority Interests": -3100000.0,
        "Net Income Including Noncontrolling Interests": 79100000.0,
        "Net Income Continuous Operations": 79100000.0,
        "Tax Provision": 3700000.0,
        "Pretax Income": 82800000.0,
        "Other Income Expense": -19600000.0,
        "Other Non Operating Income Expenses": -16200000.0,
        "Special Income Charges": -3400000.0,
        "Gain On Sale Of Ppe": -700000.0,
        "Gain On Sale Of Business": NaN,
        "Other Special Charges": NaN,
        "Restructuring And Mergern Acquisition": 2700000.0,
        "Earnings From Equity Interest": 0.0,
        "Net Non Operating Interest Income Expense": -21300000.0,
        "Interest Expense Non Operating": 21300000.0,
        "Operating Income": 123700000.0,
        "Operating Expense": 85400000.0,
        "Selling General And Administration": 85400000.0,
        "General And Administrative Expense": NaN,
        "Other Gand A": NaN,
        "Salaries And Wages": NaN,
        "Gross Profit": 209100000.0,
        "Cost Of Revenue": 836900000.0,
        "Total Revenue": 1046000000.0,
        "Operating Revenue": 1046000000.0
    },
    "2022-03-31": {
        "Diluted EPS": 0.23,
        "Total Revenue": 834,
        "Gross Profit": 169,
        "Operating Income": 77,
        "EBIT": 113,
        "Net Income": 31
    },
    "2021-12-31": {
        "Diluted EPS": -0.2,
        "Total Revenue": 765,
        "Gross Profit": 122,
        "Operating Income": 67,
        "EBIT": 103,
        "Net Income": -30
    },
    "2021-09-30": {
        "Diluted EPS": 0.35,
        "Total Revenue": 726,
        "Gross Profit": 83,
        "Operating Income": 30,
        "EBIT": 66,
        "Net Income": 49
    },
    "2021-06-30": {
        "Diluted EPS": -0.39,
        "Total Revenue": 616,
        "Gross Profit": 43,
        "Operating Income": -11,
        "EBIT": 25,
        "Net Income": -49
    },
    "2021-03-31": {
        "Diluted EPS": -0.06,
        "Total Revenue": 693,
        "Gross Profit": 86,
        "Operating Income": 32,
        "EBIT": 68,
        "Net Income": -8
    },
    "2020-12-31": {
        "Diluted EPS": -8.85,
        "Total Revenue": 658,
        "Gross Profit": 45,
        "Operating Income": NaN,
        "EBIT": NaN,
        "Net Income": NaN
    },
    "2020-09-30": {
        "Diluted EPS": -0.4,
        "Total Revenue": 598,
        "Gross Profit": 38,
        "Operating Income": -10,
        "EBIT": 26,
        "Net Income": -50
    },
    "2020-06-30": {
        "Diluted EPS": -3.34,
        "Total Revenue": 770,
        "Gross Profit": 75,
        "Operating Income": -273,
        "EBIT": -238,
        "Net Income": -423
    },
    "2020-03-31": {
        "Diluted EPS": 0.16,
        "Total Revenue": 956,
        "Gross Profit": 135,
        "Operating Income": 68,
        "EBIT": 106,
        "Net Income": 21
    },
    "2019-12-31": {
        "Diluted EPS": 0.37,
        "Total Revenue": NaN,
        "Gross Profit": 170,
        "Operating Income": 99,
        "EBIT": 135,
        "Net Income": 51
    },
    "2019-09-30": {
        "Diluted EPS": 0.78,
        "Total Revenue": NaN,
        "Gross Profit": 160,
        "Operating Income": 95,
        "EBIT": 132,
        "Net Income": 111
    },
    "2019-06-30": {
        "Diluted EPS": 0.54,
        "Total Revenue": NaN,
        "Gross Profit": 178,
        "Operating Income": 110,
        "EBIT": 149,
        "Net Income": 75
    },
    "2019-03-31": {
        "Diluted EPS": 0.12,
        "Total Revenue": NaN,
        "Gross Profit": 131,
        "Operating Income": 63,
        "EBIT": 102,
        "Net Income": 15
    },
    "2018-12-31": {
        "Diluted EPS": 0.3,
        "Total Revenue": NaN,
        "Gross Profit": 148,
        "Operating Income": 75,
        "EBIT": 114,
        "Net Income": 41
    },
    "2018-09-30": {
        "Diluted EPS": 0.37,
        "Total Revenue": NaN,
        "Gross Profit": 160,
        "Operating Income": 95,
        "EBIT": 133,
        "Net Income": 51
    },
    "2018-06-30": {
        "Diluted EPS": 0.52,
        "Total Revenue": NaN,
        "Gross Profit": 174,
        "Operating Income": 111,
        "EBIT": 150,
        "Net Income": 73
    },
    "2018-03-31": {
        "Diluted EPS": 0.42,
        "Total Revenue": 979,
        "Gross Profit": 149,
        "Operating Income": 82,
        "EBIT": 121,
        "Net Income": 58
    },
    "2017-12-31": {
        "Diluted EPS": 0.04,
        "Total Revenue": 910,
        "Gross Profit": 143,
        "Operating Income": 82,
        "EBIT": 122,
        "Net Income": 2
    },
    "2017-09-30": {
        "Diluted EPS": -1.12,
        "Total Revenue": 869,
        "Gross Profit": 105,
        "Operating Income": -74,
        "EBIT": -34,
        "Net Income": -121
    },
    "2017-06-30": {
        "Diluted EPS": 0.09,
        "Total Revenue": 880,
        "Gross Profit": 124,
        "Operating Income": 59,
        "EBIT": 100,
        "Net Income": 10
    },
    "2017-03-31": {
        "Diluted EPS": 0.16,
        "Total Revenue": 866,
        "Gross Profit": 125,
        "Operating Income": 67,
        "EBIT": 107,
        "Net Income": 18
    },
    "2016-12-31": {
        "Diluted EPS": 0.1,
        "Total Revenue": 796,
        "Gross Profit": 158,
        "Operating Income": 74,
        "EBIT": 114,
        "Net Income": 10
    },
    "2016-09-30": {
        "Diluted EPS": -4.95,
        "Total Revenue": 771,
        "Gross Profit": 50,
        "Operating Income": -499,
        "EBIT": -457,
        "Net Income": -531
    },
    "2016-06-30": {
        "Diluted EPS": -0.18,
        "Total Revenue": 811,
        "Gross Profit": 48,
        "Operating Income": -12,
        "EBIT": 32,
        "Net Income": -19
    },
    "2016-03-31": {
        "Diluted EPS": -0.94,
        "Total Revenue": 758,
        "Gross Profit": -33,
        "Operating Income": -105,
        "EBIT": -61,
        "Net Income": -101
    },
    "2015-12-31": {
        "Diluted EPS": -2.12,
        "Total Revenue": 739,
        "Gross Profit": -98,
        "Operating Income": -329,
        "EBIT": -281,
        "Net Income": -227
    },
    "2015-09-30": {
        "Diluted EPS": -1.35,
        "Total Revenue": 833,
        "Gross Profit": -29,
        "Operating Income": -91,
        "EBIT": -43,
        "Net Income": -145
    },
    "2015-06-30": {
        "Diluted EPS": -0.15,
        "Total Revenue": NaN,
        "Gross Profit": 77,
        "Operating Income": 5,
        "EBIT": 53,
        "Net Income": -16
    },
    "2015-03-31": {
        "Diluted EPS": 0.09,
        "Total Revenue": NaN,
        "Gross Profit": 110,
        "Operating Income": 46,
        "EBIT": 92,
        "Net Income": 10
    },
    "2014-12-31": {
        "Diluted EPS": 0.2,
        "Total Revenue": NaN,
        "Gross Profit": 122,
        "Operating Income": 52,
        "EBIT": 97,
        "Net Income": 22
    },
    "2014-09-30": {
        "Diluted EPS": -0.01,
        "Total Revenue": NaN,
        "Gross Profit": 97,
        "Operating Income": 28,
        "EBIT": 72,
        "Net Income": -1
    },
    "2014-06-30": {
        "Diluted EPS": -0.03,
        "Total Revenue": NaN,
        "Gross Profit": 90,
        "Operating Income": 24,
        "EBIT": 67,
        "Net Income": -4
    },
    "2014-03-31": {
        "Diluted EPS": -0.19,
        "Total Revenue": 987,
        "Gross Profit": 70,
        "Operating Income": 3,
        "EBIT": 47,
        "Net Income": -20
    },
    "2013-12-31": {
        "Diluted EPS": 1.63,
        "Total Revenue": 915,
        "Gross Profit": 11,
        "Operating Income": -123,
        "EBIT": -76,
        "Net Income": 173
    },
    "2013-09-30": {
        "Diluted EPS": -0.32,
        "Total Revenue": 972,
        "Gross Profit": 53,
        "Operating Income": -18,
        "EBIT": 29,
        "Net Income": -34
    },
    "2013-06-30": {
        "Diluted EPS": 0.04,
        "Total Revenue": NaN,
        "Gross Profit": 88,
        "Operating Income": 21,
        "EBIT": 69,
        "Net Income": 4
    },
    "2013-03-31": {
        "Diluted EPS": 0.09,
        "Total Revenue": NaN,
        "Gross Profit": 101,
        "Operating Income": 28,
        "EBIT": 77,
        "Net Income": 10
    },
    "2012-12-31": {
        "Diluted EPS": 0.11,
        "Total Revenue": 826,
        "Gross Profit": 77,
        "Operating Income": 27,
        "EBIT": 76,
        "Net Income": 11
    },
    "2012-09-30": {
        "Diluted EPS": 0.32,
        "Total Revenue": NaN,
        "Gross Profit": 143,
        "Operating Income": 65,
        "EBIT": 114,
        "Net Income": 35
    },
    "2012-06-30": {
        "Diluted EPS": 0.5,
        "Total Revenue": NaN,
        "Gross Profit": 199,
        "Operating Income": 108,
        "EBIT": 156,
        "Net Income": 56
    },
    "2012-03-31": {
        "Diluted EPS": 0.5,
        "Total Revenue": NaN,
        "Gross Profit": 207,
        "Operating Income": 104,
        "EBIT": 152,
        "Net Income": 56
    },
    "2011-12-31": {
        "Diluted EPS": 0.28,
        "Total Revenue": 881,
        "Gross Profit": 93,
        "Operating Income": 54,
        "EBIT": 102,
        "Net Income": 32
    },
    "2011-09-30": {
        "Diluted EPS": 0.56,
        "Total Revenue": NaN,
        "Gross Profit": 216,
        "Operating Income": 119,
        "EBIT": 166,
        "Net Income": 62
    },
    "2011-06-30": {
        "Diluted EPS": 0.59,
        "Total Revenue": NaN,
        "Gross Profit": 223,
        "Operating Income": 124,
        "EBIT": 167,
        "Net Income": 64
    },
    "2011-03-31": {
        "Diluted EPS": 0.54,
        "Total Revenue": NaN,
        "Gross Profit": 205,
        "Operating Income": 117,
        "EBIT": 154,
        "Net Income": 56
    },
    "2010-12-31": {
        "Diluted EPS": 0.17,
        "Total Revenue": NaN,
        "Gross Profit": 127,
        "Operating Income": 39,
        "EBIT": 74,
        "Net Income": 15
    },
    "2010-09-30": {
        "Diluted EPS": 0.01,
        "Total Revenue": NaN,
        "Gross Profit": 90,
        "Operating Income": 24,
        "EBIT": 60,
        "Net Income": 1
    },
    "2010-06-30": {
        "Diluted EPS": 0.36,
        "Total Revenue": NaN,
        "Gross Profit": 152,
        "Operating Income": 76,
        "EBIT": 111,
        "Net Income": 36
    },
    "2010-03-31": {
        "Diluted EPS": 0.18,
        "Total Revenue": 899,
        "Gross Profit": 121,
        "Operating Income": 47,
        "EBIT": 82,
        "Net Income": 18
    },
    "2009-12-31": {
        "Diluted EPS": 0.39,
        "Total Revenue": 816,
        "Gross Profit": 158,
        "Operating Income": 72,
        "EBIT": 108,
        "Net Income": 38
    },
    "2009-09-30": {
        "Diluted EPS": 0.01,
        "Total Revenue": 698,
        "Gross Profit": 94,
        "Operating Income": 10,
        "EBIT": 43,
        "Net Income": 1
    },
    "2009-06-30": {
        "Diluted EPS": -0.14,
        "Total Revenue": 710,
        "Gross Profit": 75,
        "Operating Income": 11,
        "EBIT": 43,
        "Net Income": -13
    },
    "2009-03-31": {
        "Diluted EPS": 0.06,
        "Total Revenue": 832,
        "Gross Profit": 81,
        "Operating Income": 0,
        "EBIT": 32,
        "Net Income": 6
    },
    "2023-09-30": {
        "Tax Effect Of Unusual Items": 23195.266272,
        "Tax Rate For Calcs": 0.057988,
        "Normalized EBITDA": 143500000.0,
        "Total Unusual Items": 400000.0,
        "Total Unusual Items Excluding Goodwill": 400000.0,
        "Net Income From Continuing Operation Net Minority Interest": 75700000.0,
        "Reconciled Depreciation": 35600000.0,
        "Reconciled Cost Of Revenue": 831000000.0,
        "EBITDA": 143900000.0,
        "EBIT": 108300000.0,
        "Net Interest Income": -23800000.0,
        "Interest Expense": 23800000.0,
        "Normalized Income": 75323195.266272,
        "Net Income From Continuing And Discontinued Operation": 75700000.0,
        "Total Expenses": 900800000.0,
        "Total Operating Income As Reported": 125200000.0,
        "Diluted Average Shares": 150200000.0,
        "Basic Average Shares": 128100000.0,
        "Diluted EPS": 0.52,
        "Basic EPS": 0.59,
        "Diluted NI Availto Com Stockholders": 78400000.0,
        "Average Dilution Earnings": 2700000.0,
        "Net Income Common Stockholders": 75700000.0,
        "Net Income": 75700000.0,
        "Minority Interests": -3900000.0,
        "Net Income Including Noncontrolling Interests": 79600000.0,
        "Net Income Continuous Operations": 79600000.0,
        "Tax Provision": 4900000.0,
        "Pretax Income": 84500000.0,
        "Other Income Expense": -16500000.0,
        "Other Non Operating Income Expenses": -16200000.0,
        "Special Income Charges": 400000.0,
        "Gain On Sale Of Ppe": -100000.0,
        "Gain On Sale Of Business": NaN,
        "Other Special Charges": NaN,
        "Restructuring And Mergern Acquisition": -500000.0,
        "Earnings From Equity Interest": -700000.0,
        "Net Non Operating Interest Income Expense": -23800000.0,
        "Interest Expense Non Operating": 23800000.0,
        "Operating Income": 124800000.0,
        "Operating Expense": 69800000.0,
        "Selling General And Administration": 69800000.0,
        "General And Administrative Expense": NaN,
        "Other Gand A": NaN,
        "Salaries And Wages": NaN,
        "Gross Profit": 194600000.0,
        "Cost Of Revenue": 831000000.0,
        "Total Revenue": 1025600000.0,
        "Operating Revenue": 1025600000.0
    },
    "2023-12-31": {
        "Tax Effect Of Unusual Items": -1071000.0,
        "Tax Rate For Calcs": 0.21,
        "Normalized EBITDA": 136800000.0,
        "Total Unusual Items": -5100000.0,
        "Total Unusual Items Excluding Goodwill": -5100000.0,
        "Net Income From Continuing Operation Net Minority Interest": 189000000.0,
        "Reconciled Depreciation": 39500000.0,
        "Reconciled Cost Of Revenue": 858300000.0,
        "EBITDA": 131700000.0,
        "EBIT": 92200000.0,
        "Net Interest Income": -27800000.0,
        "Interest Expense": 40800000.0,
        "Normalized Income": 193029000.0,
        "Net Income From Continuing And Discontinued Operation": 189000000.0,
        "Total Expenses": 950600000.0,
        "Total Operating Income As Reported": 108300000.0,
        "Diluted Average Shares": 149400000.0,
        "Basic Average Shares": 127200000.0,
        "Diluted EPS": 0.99,
        "Basic EPS": 1.15,
        "Diluted NI Availto Com Stockholders": 191700000.0,
        "Average Dilution Earnings": 2700000.0,
        "Net Income Common Stockholders": 189000000.0,
        "Net Income": 189000000.0,
        "Minority Interests": -3500000.0,
        "Net Income Including Noncontrolling Interests": 192500000.0,
        "Net Income Continuous Operations": 192500000.0,
        "Tax Provision": -141100000.0,
        "Pretax Income": 51400000.0,
        "Other Income Expense": -34200000.0,
        "Other Non Operating Income Expenses": -28500000.0,
        "Special Income Charges": -5100000.0,
        "Gain On Sale Of Ppe": 400000.0,
        "Gain On Sale Of Business": NaN,
        "Other Special Charges": NaN,
        "Restructuring And Mergern Acquisition": 5500000.0,
        "Earnings From Equity Interest": -600000.0,
        "Net Non Operating Interest Income Expense": -27800000.0,
        "Interest Expense Non Operating": 40800000.0,
        "Operating Income": 113400000.0,
        "Operating Expense": 92300000.0,
        "Selling General And Administration": 92300000.0,
        "General And Administrative Expense": NaN,
        "Other Gand A": NaN,
        "Salaries And Wages": NaN,
        "Gross Profit": 205700000.0,
        "Cost Of Revenue": 858300000.0,
        "Total Revenue": 1064000000.0,
        "Operating Revenue": 1064000000.0
    },
    "2024-03-31": {
        "Tax Effect Of Unusual Items": -39600.0,
        "Tax Rate For Calcs": 0.198,
        "Normalized EBITDA": 148100000.0,
        "Total Unusual Items": -200000.0,
        "Total Unusual Items Excluding Goodwill": -200000.0,
        "Net Income From Continuing Operation Net Minority Interest": 66100000.0,
        "Reconciled Depreciation": 36000000.0,
        "Reconciled Cost Of Revenue": 845500000.0,
        "EBITDA": 147900000.0,
        "EBIT": 111900000.0,
        "Net Interest Income": -26600000.0,
        "Interest Expense": 26600000.0,
        "Normalized Income": 66260400.0,
        "Net Income From Continuing And Discontinued Operation": 66100000.0,
        "Total Expenses": 931200000.0,
        "Total Operating Income As Reported": 115200000.0,
        "Diluted Average Shares": 147500000.0,
        "Basic Average Shares": 126200000.0,
        "Diluted EPS": 0.46,
        "Basic EPS": 0.52,
        "Diluted NI Availto Com Stockholders": 68200000.0,
        "Average Dilution Earnings": 2100000.0,
        "Net Income Common Stockholders": 66100000.0,
        "Net Income": 66100000.0,
        "Minority Interests": -2300000.0,
        "Net Income Including Noncontrolling Interests": 68400000.0,
        "Net Income Continuous Operations": 68400000.0,
        "Tax Provision": 16900000.0,
        "Pretax Income": 85300000.0,
        "Other Income Expense": 200000.0,
        "Other Non Operating Income Expenses": 800000.0,
        "Special Income Charges": -200000.0,
        "Gain On Sale Of Ppe": 0.0,
        "Gain On Sale Of Business": NaN,
        "Other Special Charges": NaN,
        "Restructuring And Mergern Acquisition": 200000.0,
        "Earnings From Equity Interest": -400000.0,
        "Net Non Operating Interest Income Expense": -26600000.0,
        "Interest Expense Non Operating": 26600000.0,
        "Operating Income": 111700000.0,
        "Operating Expense": 85700000.0,
        "Selling General And Administration": 85700000.0,
        "General And Administrative Expense": 85700000.0,
        "Other Gand A": 82000000.0,
        "Salaries And Wages": 3700000.0,
        "Gross Profit": 197400000.0,
        "Cost Of Revenue": 845500000.0,
        "Total Revenue": 1042900000.0,
        "Operating Revenue": 1042900000.0
    }
}