{
    "2023-03-31": {
        "Tax Effect Of Unusual Items": NaN,
        "Tax Rate For Calcs": NaN,
        "Normalized EBITDA": NaN,
        "Total Unusual Items": NaN,
        "Total Unusual Items Excluding Goodwill": NaN,
        "Net Income From Continuing Operation Net Minority Interest": NaN,
        "Reconciled Depreciation": NaN,
        "Reconciled Cost Of Revenue": NaN,
        "EBITDA": NaN,
        "EBIT": NaN,
        "Net Interest Income": NaN,
        "Interest Expense": NaN,
        "Normalized Income": NaN,
        "Net Income From Continuing And Discontinued Operation": NaN,
        "Total Expenses": NaN,
        "Rent Expense Supplemental": NaN,
        "Total Operating Income As Reported": NaN,
        "Diluted Average Shares": NaN,
        "Basic Average Shares": NaN,
        "Diluted EPS": NaN,
        "Basic EPS": NaN,
        "Diluted NI Availto Com Stockholders": NaN,
        "Net Income Common Stockholders": NaN,
        "Otherunder Preferred Stock Dividend": NaN,
        "Preferred Stock Dividends": NaN,
        "Net Income": NaN,
        "Minority Interests": NaN,
        "Net Income Including Noncontrolling Interests": NaN,
        "Net Income Continuous Operations": NaN,
        "Tax Provision": NaN,
        "Pretax Income": NaN,
        "Other Income Expense": NaN,
        "Other Non Operating Income Expenses": NaN,
        "Special Income Charges": NaN,
        "Impairment Of Capital Assets": NaN,
        "Restructuring And Mergern Acquisition": -709000.0,
        "Gain On Sale Of Security": NaN,
        "Net Non Operating Interest Income Expense": NaN,
        "Interest Expense Non Operating": NaN,
        "Operating Income": NaN,
        "Operating Expense": NaN,
        "Provision For Doubtful Accounts": 4125000.0,
        "Selling General And Administration": NaN,
        "Gross Profit": NaN,
        "Cost Of Revenue": NaN,
        "Total Revenue": NaN,
        "Operating Revenue": NaN
    },
    "2022-12-31": {
        "Tax Effect Of Unusual Items": NaN,
        "Tax Rate For Calcs": NaN,
        "Normalized EBITDA": NaN,
        "Total Unusual Items": NaN,
        "Total Unusual Items Excluding Goodwill": NaN,
        "Net Income From Continuing Operation Net Minority Interest": NaN,
        "Reconciled Depreciation": NaN,
        "Reconciled Cost Of Revenue": NaN,
        "EBITDA": NaN,
        "EBIT": NaN,
        "Net Interest Income": NaN,
        "Interest Expense": NaN,
        "Normalized Income": NaN,
        "Net Income From Continuing And Discontinued Operation": NaN,
        "Total Expenses": NaN,
        "Rent Expense Supplemental": NaN,
        "Total Operating Income As Reported": NaN,
        "Diluted Average Shares": NaN,
        "Basic Average Shares": NaN,
        "Diluted EPS": NaN,
        "Basic EPS": NaN,
        "Diluted NI Availto Com Stockholders": NaN,
        "Net Income Common Stockholders": NaN,
        "Otherunder Preferred Stock Dividend": NaN,
        "Preferred Stock Dividends": NaN,
        "Net Income": NaN,
        "Minority Interests": NaN,
        "Net Income Including Noncontrolling Interests": NaN,
        "Net Income Continuous Operations": NaN,
        "Tax Provision": NaN,
        "Pretax Income": NaN,
        "Other Income Expense": NaN,
        "Other Non Operating Income Expenses": NaN,
        "Special Income Charges": NaN,
        "Impairment Of Capital Assets": NaN,
        "Restructuring And Mergern Acquisition": -9765000.0,
        "Gain On Sale Of Security": NaN,
        "Net Non Operating Interest Income Expense": NaN,
        "Interest Expense Non Operating": NaN,
        "Operating Income": NaN,
        "Operating Expense": NaN,
        "Provision For Doubtful Accounts": 2461000.0,
        "Selling General And Administration": NaN,
        "Gross Profit": NaN,
        "Cost Of Revenue": NaN,
        "Total Revenue": NaN,
        "Operating Revenue": NaN
    },
    "2022-09-30": {
        "Tax Effect Of Unusual Items": NaN,
        "Tax Rate For Calcs": NaN,
        "Normalized EBITDA": NaN,
        "Total Unusual Items": NaN,
        "Total Unusual Items Excluding Goodwill": NaN,
        "Net Income From Continuing Operation Net Minority Interest": NaN,
        "Reconciled Depreciation": NaN,
        "Reconciled Cost Of Revenue": NaN,
        "EBITDA": NaN,
        "EBIT": NaN,
        "Net Interest Income": NaN,
        "Interest Expense": NaN,
        "Normalized Income": NaN,
        "Net Income From Continuing And Discontinued Operation": NaN,
        "Total Expenses": NaN,
        "Rent Expense Supplemental": NaN,
        "Total Operating Income As Reported": NaN,
        "Diluted Average Shares": NaN,
        "Basic Average Shares": NaN,
        "Diluted EPS": NaN,
        "Basic EPS": NaN,
        "Diluted NI Availto Com Stockholders": NaN,
        "Net Income Common Stockholders": NaN,
        "Otherunder Preferred Stock Dividend": NaN,
        "Preferred Stock Dividends": NaN,
        "Net Income": NaN,
        "Minority Interests": NaN,
        "Net Income Including Noncontrolling Interests": NaN,
        "Net Income Continuous Operations": NaN,
        "Tax Provision": NaN,
        "Pretax Income": NaN,
        "Other Income Expense": NaN,
        "Other Non Operating Income Expenses": NaN,
        "Special Income Charges": NaN,
        "Impairment Of Capital Assets": NaN,
        "Restructuring And Mergern Acquisition": NaN,
        "Gain On Sale Of Security": NaN,
        "Net Non Operating Interest Income Expense": NaN,
        "Interest Expense Non Operating": NaN,
        "Operating Income": NaN,
        "Operating Expense": NaN,
        "Provision For Doubtful Accounts": 2797000.0,
        "Selling General And Administration": NaN,
        "Gross Profit": NaN,
        "Cost Of Revenue": NaN,
        "Total Revenue": NaN,
        "Operating Revenue": NaN
    },
    "2022-06-30": {
        "Tax Effect Of Unusual Items": -10963924.950926,
        "Tax Rate For Calcs": 0.087613,
        "Normalized EBITDA": -12237000.0,
        "Total Unusual Items": -125140000.0,
        "Total Unusual Items Excluding Goodwill": -125140000.0,
        "Net Income From Continuing Operation Net Minority Interest": -135723000.0,
        "Reconciled Depreciation": 22522000.0,
        "Reconciled Cost Of Revenue": 140011000.0,
        "EBITDA": -137377000.0,
        "EBIT": -137377000.0,
        "Net Interest Income": -11379000.0,
        "Interest Expense": 11379000.0,
        "Normalized Income": -21546924.950926,
        "Net Income From Continuing And Discontinued Operation": -135723000.0,
        "Total Expenses": 175325000.0,
        "Rent Expense Supplemental": 50405000.0,
        "Total Operating Income As Reported": -139852000.0,
        "Diluted Average Shares": 4077000.0,
        "Basic Average Shares": 4077000.0,
        "Diluted EPS": -34.49,
        "Basic EPS": -34.49,
        "Diluted NI Availto Com Stockholders": -135723000.0,
        "Net Income Common Stockholders": -135723000.0,
        "Otherunder Preferred Stock Dividend": NaN,
        "Preferred Stock Dividends": 5063000.0,
        "Net Income": -135723000.0,
        "Minority Interests": 177000.0,
        "Net Income Including Noncontrolling Interests": -135723000.0,
        "Net Income Continuous Operations": -135723000.0,
        "Tax Provision": -13033000.0,
        "Pretax Income": -148756000.0,
        "Other Income Expense": -125345000.0,
        "Other Non Operating Income Expenses": -205000.0,
        "Special Income Charges": -126324000.0,
        "Impairment Of Capital Assets": 127820000.0,
        "Restructuring And Mergern Acquisition": -1496000.0,
        "Gain On Sale Of Security": 1184000.0,
        "Net Non Operating Interest Income Expense": -11379000.0,
        "Interest Expense Non Operating": 11379000.0,
        "Operating Income": -12032000.0,
        "Operating Expense": 35314000.0,
        "Provision For Doubtful Accounts": 3506000.0,
        "Selling General And Administration": 31808000.0,
        "Gross Profit": 23282000.0,
        "Cost Of Revenue": 140011000.0,
        "Total Revenue": 163293000.0,
        "Operating Revenue": 148506000.0
    },
    "2022-03-31": {
        "Diluted EPS": -35.0,
        "Total Revenue": 154,
        "Gross Profit": 10,
        "Operating Income": -176,
        "EBIT": 2,
        "Net Income": -138
    },
    "2021-12-31": {
        "Diluted EPS": 11.5,
        "Total Revenue": 156,
        "Gross Profit": 18,
        "Operating Income": -12,
        "EBIT": 10,
        "Net Income": 1
    },
    "2021-09-30": {
        "Diluted EPS": -82.5,
        "Total Revenue": 159,
        "Gross Profit": 23,
        "Operating Income": -517,
        "EBIT": 13,
        "Net Income": -325
    },
    "2021-06-30": {
        "Diluted EPS": -156.0,
        "Total Revenue": 164,
        "Gross Profit": 35,
        "Operating Income": -444,
        "EBIT": 31,
        "Net Income": -435
    },
    "2021-03-31": {
        "Diluted EPS": -7.5,
        "Total Revenue": 149,
        "Gross Profit": 18,
        "Operating Income": -7,
        "EBIT": 15,
        "Net Income": -19
    },
    "2020-12-31": {
        "Diluted EPS": 0.0,
        "Total Revenue": NaN,
        "Gross Profit": NaN,
        "Operating Income": NaN,
        "EBIT": NaN,
        "Net Income": NaN
    },
    "2020-09-30": {
        "Diluted EPS": 0.0,
        "Total Revenue": 149,
        "Gross Profit": 28,
        "Operating Income": 2,
        "EBIT": 24,
        "Net Income": 0
    },
    "2020-06-30": {
        "Diluted EPS": 1.0,
        "Total Revenue": 108,
        "Gross Profit": 11,
        "Operating Income": -14,
        "EBIT": -14,
        "Net Income": 3
    },
    "2019-12-31": {
        "Diluted EPS": 0.0,
        "Total Revenue": NaN,
        "Gross Profit": NaN,
        "Operating Income": NaN,
        "EBIT": NaN,
        "Net Income": NaN
    },
    "2023-06-30": {
        "Tax Effect Of Unusual Items": 207900.0,
        "Tax Rate For Calcs": 0.21,
        "Normalized EBITDA": 3382000.0,
        "Total Unusual Items": 990000.0,
        "Total Unusual Items Excluding Goodwill": 990000.0,
        "Net Income From Continuing Operation Net Minority Interest": -22705000.0,
        "Reconciled Depreciation": 9350000.0,
        "Reconciled Cost Of Revenue": 148124000.0,
        "EBITDA": 4372000.0,
        "EBIT": -4978000.0,
        "Net Interest Income": -16682000.0,
        "Interest Expense": 16682000.0,
        "Normalized Income": -23487100.0,
        "Net Income From Continuing And Discontinued Operation": -22705000.0,
        "Total Expenses": 184697000.0,
        "Rent Expense Supplemental": 50437000.0,
        "Total Operating Income As Reported": -12360000.0,
        "Diluted Average Shares": 4122000.0,
        "Basic Average Shares": 4122000.0,
        "Diluted EPS": -17.74,
        "Basic EPS": -17.74,
        "Diluted NI Availto Com Stockholders": -73110000.0,
        "Net Income Common Stockholders": -73110000.0,
        "Otherunder Preferred Stock Dividend": 44696000.0,
        "Preferred Stock Dividends": 5709000.0,
        "Net Income": -22705000.0,
        "Minority Interests": -956000.0,
        "Net Income Including Noncontrolling Interests": -21749000.0,
        "Net Income Continuous Operations": -21749000.0,
        "Tax Provision": 89000.0,
        "Pretax Income": -21660000.0,
        "Other Income Expense": 7382000.0,
        "Other Non Operating Income Expenses": 6392000.0,
        "Special Income Charges": 0.0,
        "Impairment Of Capital Assets": 0.0,
        "Restructuring And Mergern Acquisition": -792000.0,
        "Gain On Sale Of Security": 990000.0,
        "Net Non Operating Interest Income Expense": -16682000.0,
        "Interest Expense Non Operating": 16682000.0,
        "Operating Income": -12360000.0,
        "Operating Expense": 36573000.0,
        "Provision For Doubtful Accounts": 2360000.0,
        "Selling General And Administration": 36573000.0,
        "Gross Profit": 24213000.0,
        "Cost Of Revenue": 148124000.0,
        "Total Revenue": 172337000.0,
        "Operating Revenue": 156938000.0
    },
    "2023-09-30": {
        "Tax Effect Of Unusual Items": 82740.0,
        "Tax Rate For Calcs": 0.21,
        "Normalized EBITDA": 9904000.0,
        "Total Unusual Items": 394000.0,
        "Total Unusual Items Excluding Goodwill": 394000.0,
        "Net Income From Continuing Operation Net Minority Interest": -15197000.0,
        "Reconciled Depreciation": 9300000.0,
        "Reconciled Cost Of Revenue": 153134000.0,
        "EBITDA": 10298000.0,
        "EBIT": 998000.0,
        "Net Interest Income": -15478000.0,
        "Interest Expense": 15478000.0,
        "Normalized Income": -15508260.0,
        "Net Income From Continuing And Discontinued Operation": -15197000.0,
        "Total Expenses": 178219000.0,
        "Rent Expense Supplemental": 52699000.0,
        "Total Operating Income As Reported": 764000.0,
        "Diluted Average Shares": 4154000.0,
        "Basic Average Shares": 4154000.0,
        "Diluted EPS": -4.42,
        "Basic EPS": -4.42,
        "Diluted NI Availto Com Stockholders": -18345000.0,
        "Net Income Common Stockholders": -18345000.0,
        "Otherunder Preferred Stock Dividend": -2927000.0,
        "Preferred Stock Dividends": 6075000.0,
        "Net Income": -15197000.0,
        "Minority Interests": -586000.0,
        "Net Income Including Noncontrolling Interests": -14611000.0,
        "Net Income Continuous Operations": -14611000.0,
        "Tax Provision": 131000.0,
        "Pretax Income": -14480000.0,
        "Other Income Expense": 1762000.0,
        "Other Non Operating Income Expenses": 1368000.0,
        "Special Income Charges": 306000.0,
        "Impairment Of Capital Assets": 0.0,
        "Restructuring And Mergern Acquisition": -306000.0,
        "Gain On Sale Of Security": 88000.0,
        "Net Non Operating Interest Income Expense": -15478000.0,
        "Interest Expense Non Operating": 15478000.0,
        "Operating Income": -764000.0,
        "Operating Expense": 25085000.0,
        "Provision For Doubtful Accounts": 3346000.0,
        "Selling General And Administration": 25085000.0,
        "Gross Profit": 24321000.0,
        "Cost Of Revenue": 153134000.0,
        "Total Revenue": 177455000.0,
        "Operating Revenue": 162258000.0
    },
    "2023-12-31": {
        "Tax Effect Of Unusual Items": -1078140.0,
        "Tax Rate For Calcs": 0.21,
        "Normalized EBITDA": 26926000.0,
        "Total Unusual Items": -5134000.0,
        "Total Unusual Items Excluding Goodwill": -5134000.0,
        "Net Income From Continuing Operation Net Minority Interest": -5623000.0,
        "Reconciled Depreciation": 9071000.0,
        "Reconciled Cost Of Revenue": 153250000.0,
        "EBITDA": 21792000.0,
        "EBIT": 12721000.0,
        "Net Interest Income": -14943000.0,
        "Interest Expense": 14943000.0,
        "Normalized Income": -1567140.0,
        "Net Income From Continuing And Discontinued Operation": -5623000.0,
        "Total Expenses": 179725000.0,
        "Rent Expense Supplemental": 52579000.0,
        "Total Operating Income As Reported": -52010000.0,
        "Diluted Average Shares": 4157000.0,
        "Basic Average Shares": 4157000.0,
        "Diluted EPS": -2.15,
        "Basic EPS": -2.15,
        "Diluted NI Availto Com Stockholders": -8944000.0,
        "Net Income Common Stockholders": -8944000.0,
        "Otherunder Preferred Stock Dividend": -2811000.0,
        "Preferred Stock Dividends": 6132000.0,
        "Net Income": -5623000.0,
        "Minority Interests": -1115000.0,
        "Net Income Including Noncontrolling Interests": -4508000.0,
        "Net Income Continuous Operations": -4508000.0,
        "Tax Provision": 2286000.0,
        "Pretax Income": -2222000.0,
        "Other Income Expense": 10154000.0,
        "Other Non Operating Income Expenses": 15288000.0,
        "Special Income Charges": -5141000.0,
        "Impairment Of Capital Assets": 5591000.0,
        "Restructuring And Mergern Acquisition": -450000.0,
        "Gain On Sale Of Security": 7000.0,
        "Net Non Operating Interest Income Expense": -14943000.0,
        "Interest Expense Non Operating": 14943000.0,
        "Operating Income": 2567000.0,
        "Operating Expense": 26475000.0,
        "Provision For Doubtful Accounts": NaN,
        "Selling General And Administration": 26475000.0,
        "Gross Profit": 29042000.0,
        "Cost Of Revenue": 153250000.0,
        "Total Revenue": 182292000.0,
        "Operating Revenue": 166145000.0
    },
    "2024-03-31": {
        "Tax Effect Of Unusual Items": -3750.0,
        "Tax Rate For Calcs": 0.01,
        "Normalized EBITDA": 10084000.0,
        "Total Unusual Items": -375000.0,
        "Total Unusual Items Excluding Goodwill": -375000.0,
        "Net Income From Continuing Operation Net Minority Interest": -14651000.0,
        "Reconciled Depreciation": 8883000.0,
        "Reconciled Cost Of Revenue": 159570000.0,
        "EBITDA": 9709000.0,
        "EBIT": 826000.0,
        "Net Interest Income": -14483000.0,
        "Interest Expense": 14483000.0,
        "Normalized Income": -14279750.0,
        "Net Income From Continuing And Discontinued Operation": -14651000.0,
        "Total Expenses": 185772000.0,
        "Rent Expense Supplemental": 55261000.0,
        "Total Operating Income As Reported": -4778000.0,
        "Diluted Average Shares": 4180000.0,
        "Basic Average Shares": 4180000.0,
        "Diluted EPS": -4.61,
        "Basic EPS": -4.61,
        "Diluted NI Availto Com Stockholders": -19272000.0,
        "Net Income Common Stockholders": -19272000.0,
        "Otherunder Preferred Stock Dividend": -1562000.0,
        "Preferred Stock Dividends": 6183000.0,
        "Net Income": -14651000.0,
        "Minority Interests": -1128000.0,
        "Net Income Including Noncontrolling Interests": -13523000.0,
        "Net Income Continuous Operations": -13523000.0,
        "Tax Provision": -134000.0,
        "Pretax Income": -13657000.0,
        "Other Income Expense": 5126000.0,
        "Other Non Operating Income Expenses": 5501000.0,
        "Special Income Charges": -478000.0,
        "Impairment Of Capital Assets": 478000.0,
        "Restructuring And Mergern Acquisition": NaN,
        "Gain On Sale Of Security": 103000.0,
        "Net Non Operating Interest Income Expense": -14483000.0,
        "Interest Expense Non Operating": 14483000.0,
        "Operating Income": -4300000.0,
        "Operating Expense": 26202000.0,
        "Provision For Doubtful Accounts": NaN,
        "Selling General And Administration": 26202000.0,
        "Gross Profit": 21902000.0,
        "Cost Of Revenue": 159570000.0,
        "Total Revenue": 181472000.0,
        "Operating Revenue": 165407000.0
    },
    "2024-06-30": {
        "Tax Effect Of Unusual Items": -560.0,
        "Tax Rate For Calcs": 0.005,
        "Normalized EBITDA": 20872000.0,
        "Total Unusual Items": -112000.0,
        "Total Unusual Items Excluding Goodwill": -112000.0,
        "Net Income From Continuing Operation Net Minority Interest": -3735000.0,
        "Reconciled Depreciation": 8429000.0,
        "Reconciled Cost Of Revenue": 158144000.0,
        "EBITDA": 20760000.0,
        "EBIT": 12331000.0,
        "Net Interest Income": -14896000.0,
        "Interest Expense": 14896000.0,
        "Normalized Income": -3623560.0,
        "Net Income From Continuing And Discontinued Operation": -3735000.0,
        "Total Expenses": 181226000.0,
        "Rent Expense Supplemental": 53168000.0,
        "Total Operating Income As Reported": 6626000.0,
        "Diluted Average Shares": 4346000.0,
        "Basic Average Shares": 4346000.0,
        "Diluted EPS": -2.43,
        "Basic EPS": -2.43,
        "Diluted NI Availto Com Stockholders": -10561000.0,
        "Net Income Common Stockholders": -10561000.0,
        "Otherunder Preferred Stock Dividend": 387000.0,
        "Preferred Stock Dividends": 6439000.0,
        "Net Income": -3735000.0,
        "Minority Interests": -1183000.0,
        "Net Income Including Noncontrolling Interests": -2552000.0,
        "Net Income Continuous Operations": -2552000.0,
        "Tax Provision": -13000.0,
        "Pretax Income": -2565000.0,
        "Other Income Expense": 5445000.0,
        "Other Non Operating Income Expenses": 5557000.0,
        "Special Income Charges": -260000.0,
        "Impairment Of Capital Assets": 260000.0,
        "Restructuring And Mergern Acquisition": NaN,
        "Gain On Sale Of Security": 148000.0,
        "Net Non Operating Interest Income Expense": -14896000.0,
        "Interest Expense Non Operating": 14896000.0,
        "Operating Income": 6886000.0,
        "Operating Expense": 23082000.0,
        "Provision For Doubtful Accounts": NaN,
        "Selling General And Administration": 23082000.0,
        "Gross Profit": 29968000.0,
        "Cost Of Revenue": 158144000.0,
        "Total Revenue": 188112000.0,
        "Operating Revenue": 172755000.0
    }
}