{
    "2023-03-31": {
        "Tax Effect Of Unusual Items": NaN,
        "Tax Rate For Calcs": NaN,
        "Normalized EBITDA": NaN,
        "Total Unusual Items": NaN,
        "Total Unusual Items Excluding Goodwill": NaN,
        "Net Income From Continuing Operation Net Minority Interest": NaN,
        "Reconciled Depreciation": NaN,
        "Reconciled Cost Of Revenue": NaN,
        "EBITDA": NaN,
        "EBIT": NaN,
        "Net Interest Income": NaN,
        "Interest Expense": NaN,
        "Normalized Income": NaN,
        "Net Income From Continuing And Discontinued Operation": NaN,
        "Total Expenses": NaN,
        "Total Operating Income As Reported": NaN,
        "Diluted Average Shares": 39861327.0,
        "Basic Average Shares": 39861327.0,
        "Diluted EPS": 4.31,
        "Basic EPS": 4.37,
        "Diluted NI Availto Com Stockholders": NaN,
        "Net Income Common Stockholders": NaN,
        "Otherunder Preferred Stock Dividend": 2819000.0,
        "Net Income": NaN,
        "Net Income Including Noncontrolling Interests": NaN,
        "Net Income Continuous Operations": NaN,
        "Tax Provision": NaN,
        "Pretax Income": NaN,
        "Other Income Expense": NaN,
        "Other Non Operating Income Expenses": -204000.0,
        "Special Income Charges": NaN,
        "Gain On Sale Of Ppe": NaN,
        "Gain On Sale Of Security": NaN,
        "Net Non Operating Interest Income Expense": NaN,
        "Interest Expense Non Operating": NaN,
        "Operating Income": NaN,
        "Operating Expense": NaN,
        "Depreciation Amortization Depletion Income Statement": NaN,
        "Depreciation And Amortization In Income Statement": NaN,
        "Amortization": NaN,
        "Amortization Of Intangibles Income Statement": NaN,
        "Selling General And Administration": NaN,
        "General And Administrative Expense": 98405000.0,
        "Other Gand A": 98201000.0,
        "Salaries And Wages": 204000.0,
        "Gross Profit": NaN,
        "Cost Of Revenue": NaN,
        "Total Revenue": NaN,
        "Operating Revenue": NaN
    },
    "2022-12-31": {
        "Tax Effect Of Unusual Items": NaN,
        "Tax Rate For Calcs": NaN,
        "Normalized EBITDA": NaN,
        "Total Unusual Items": NaN,
        "Total Unusual Items Excluding Goodwill": NaN,
        "Net Income From Continuing Operation Net Minority Interest": NaN,
        "Reconciled Depreciation": NaN,
        "Reconciled Cost Of Revenue": NaN,
        "EBITDA": NaN,
        "EBIT": NaN,
        "Net Interest Income": NaN,
        "Interest Expense": NaN,
        "Normalized Income": NaN,
        "Net Income From Continuing And Discontinued Operation": NaN,
        "Total Expenses": NaN,
        "Total Operating Income As Reported": NaN,
        "Diluted Average Shares": NaN,
        "Basic Average Shares": NaN,
        "Diluted EPS": NaN,
        "Basic EPS": NaN,
        "Diluted NI Availto Com Stockholders": NaN,
        "Net Income Common Stockholders": NaN,
        "Otherunder Preferred Stock Dividend": NaN,
        "Net Income": NaN,
        "Net Income Including Noncontrolling Interests": NaN,
        "Net Income Continuous Operations": NaN,
        "Tax Provision": NaN,
        "Pretax Income": NaN,
        "Other Income Expense": NaN,
        "Other Non Operating Income Expenses": -204000.0,
        "Special Income Charges": NaN,
        "Gain On Sale Of Ppe": NaN,
        "Gain On Sale Of Security": NaN,
        "Net Non Operating Interest Income Expense": NaN,
        "Interest Expense Non Operating": NaN,
        "Operating Income": NaN,
        "Operating Expense": NaN,
        "Depreciation Amortization Depletion Income Statement": NaN,
        "Depreciation And Amortization In Income Statement": NaN,
        "Amortization": NaN,
        "Amortization Of Intangibles Income Statement": NaN,
        "Selling General And Administration": NaN,
        "General And Administrative Expense": NaN,
        "Other Gand A": NaN,
        "Salaries And Wages": NaN,
        "Gross Profit": NaN,
        "Cost Of Revenue": NaN,
        "Total Revenue": NaN,
        "Operating Revenue": NaN
    },
    "2022-09-30": {
        "Tax Effect Of Unusual Items": NaN,
        "Tax Rate For Calcs": NaN,
        "Normalized EBITDA": NaN,
        "Total Unusual Items": NaN,
        "Total Unusual Items Excluding Goodwill": NaN,
        "Net Income From Continuing Operation Net Minority Interest": NaN,
        "Reconciled Depreciation": NaN,
        "Reconciled Cost Of Revenue": NaN,
        "EBITDA": NaN,
        "EBIT": NaN,
        "Net Interest Income": NaN,
        "Interest Expense": NaN,
        "Normalized Income": NaN,
        "Net Income From Continuing And Discontinued Operation": NaN,
        "Total Expenses": NaN,
        "Total Operating Income As Reported": NaN,
        "Diluted Average Shares": NaN,
        "Basic Average Shares": NaN,
        "Diluted EPS": NaN,
        "Basic EPS": NaN,
        "Diluted NI Availto Com Stockholders": NaN,
        "Net Income Common Stockholders": NaN,
        "Otherunder Preferred Stock Dividend": NaN,
        "Net Income": NaN,
        "Net Income Including Noncontrolling Interests": NaN,
        "Net Income Continuous Operations": NaN,
        "Tax Provision": NaN,
        "Pretax Income": NaN,
        "Other Income Expense": NaN,
        "Other Non Operating Income Expenses": 101000.0,
        "Special Income Charges": NaN,
        "Gain On Sale Of Ppe": NaN,
        "Restructuring And Mergern Acquisition": 0.0,
        "Gain On Sale Of Security": NaN,
        "Net Non Operating Interest Income Expense": NaN,
        "Interest Expense Non Operating": NaN,
        "Operating Income": NaN,
        "Operating Expense": NaN,
        "Depreciation Amortization Depletion Income Statement": NaN,
        "Depreciation And Amortization In Income Statement": NaN,
        "Amortization": NaN,
        "Amortization Of Intangibles Income Statement": NaN,
        "Selling General And Administration": NaN,
        "General And Administrative Expense": NaN,
        "Other Gand A": NaN,
        "Salaries And Wages": NaN,
        "Gross Profit": NaN,
        "Cost Of Revenue": NaN,
        "Total Revenue": NaN,
        "Operating Revenue": NaN
    },
    "2022-06-30": {
        "Tax Effect Of Unusual Items": -154457.0,
        "Tax Rate For Calcs": 0.257,
        "Normalized EBITDA": 374004000.0,
        "Total Unusual Items": -601000.0,
        "Total Unusual Items Excluding Goodwill": -601000.0,
        "Net Income From Continuing Operation Net Minority Interest": 254313000.0,
        "Reconciled Depreciation": 23806000.0,
        "Reconciled Cost Of Revenue": 592085000.0,
        "EBITDA": 373403000.0,
        "EBIT": 349597000.0,
        "Net Interest Income": -7243000.0,
        "Interest Expense": 7243000.0,
        "Normalized Income": 254759543.0,
        "Net Income From Continuing And Discontinued Operation": 254313000.0,
        "Total Expenses": 711843000.0,
        "Total Operating Income As Reported": 349747000.0,
        "Diluted Average Shares": 43630000.0,
        "Basic Average Shares": 43072000.0,
        "Diluted EPS": 5.74,
        "Basic EPS": 5.81,
        "Diluted NI Availto Com Stockholders": 250430000.0,
        "Net Income Common Stockholders": 250430000.0,
        "Otherunder Preferred Stock Dividend": 3883000.0,
        "Net Income": 254313000.0,
        "Net Income Including Noncontrolling Interests": 254313000.0,
        "Net Income Continuous Operations": 254313000.0,
        "Tax Provision": 88041000.0,
        "Pretax Income": 342354000.0,
        "Other Income Expense": -150000.0,
        "Other Non Operating Income Expenses": 451000.0,
        "Special Income Charges": 0.0,
        "Gain On Sale Of Ppe": NaN,
        "Restructuring And Mergern Acquisition": 0.0,
        "Gain On Sale Of Security": -601000.0,
        "Net Non Operating Interest Income Expense": -7243000.0,
        "Interest Expense Non Operating": 7243000.0,
        "Operating Income": 349747000.0,
        "Operating Expense": 104576000.0,
        "Depreciation Amortization Depletion Income Statement": 8624000.0,
        "Depreciation And Amortization In Income Statement": 8624000.0,
        "Amortization": 8624000.0,
        "Amortization Of Intangibles Income Statement": 8624000.0,
        "Selling General And Administration": 95952000.0,
        "Gross Profit": 454323000.0,
        "Cost Of Revenue": 607267000.0,
        "Total Revenue": 1061590000.0,
        "Operating Revenue": 1061590000.0
    },
    "2022-03-31": {
        "Diluted EPS": 5.08,
        "Total Revenue": 983,
        "Gross Profit": 416,
        "Operating Income": 319,
        "EBIT": 342,
        "Net Income": 230
    },
    "2021-12-31": {
        "Diluted EPS": 4.32,
        "Total Revenue": 841,
        "Gross Profit": 355,
        "Operating Income": 268,
        "EBIT": 292,
        "Net Income": 201
    },
    "2021-09-30": {
        "Diluted EPS": 4.22,
        "Total Revenue": 924,
        "Gross Profit": 357,
        "Operating Income": 266,
        "EBIT": 292,
        "Net Income": 196
    },
    "2021-06-30": {
        "Diluted EPS": 3.64,
        "Total Revenue": 854,
        "Gross Profit": 339,
        "Operating Income": 249,
        "EBIT": 272,
        "Net Income": 172
    },
    "2021-03-31": {
        "Diluted EPS": 2.58,
        "Total Revenue": 640,
        "Gross Profit": 240,
        "Operating Income": 164,
        "EBIT": 187,
        "Net Income": 125
    },
    "2020-12-31": {
        "Diluted EPS": 1.75,
        "Total Revenue": 511,
        "Gross Profit": 189,
        "Operating Income": 120,
        "EBIT": 142,
        "Net Income": 83
    },
    "2020-09-30": {
        "Diluted EPS": 1.1,
        "Total Revenue": 477,
        "Gross Profit": 147,
        "Operating Income": 84,
        "EBIT": 109,
        "Net Income": 53
    },
    "2020-06-30": {
        "Diluted EPS": 0.49,
        "Total Revenue": 385,
        "Gross Profit": 96,
        "Operating Income": 42,
        "EBIT": 64,
        "Net Income": 24
    },
    "2020-03-31": {
        "Diluted EPS": 0.8,
        "Total Revenue": 456,
        "Gross Profit": 132,
        "Operating Income": 61,
        "EBIT": 83,
        "Net Income": 38
    },
    "2019-12-31": {
        "Diluted EPS": 0.71,
        "Total Revenue": 447,
        "Gross Profit": 117,
        "Operating Income": 53,
        "EBIT": 75,
        "Net Income": 34
    },
    "2019-09-30": {
        "Diluted EPS": 0.93,
        "Total Revenue": 502,
        "Gross Profit": 144,
        "Operating Income": 66,
        "EBIT": 86,
        "Net Income": 44
    },
    "2019-06-30": {
        "Diluted EPS": 0.75,
        "Total Revenue": 493,
        "Gross Profit": 126,
        "Operating Income": 59,
        "EBIT": 77,
        "Net Income": 37
    },
    "2019-03-31": {
        "Diluted EPS": 0.61,
        "Total Revenue": 469,
        "Gross Profit": 117,
        "Operating Income": 53,
        "EBIT": 71,
        "Net Income": 29
    },
    "2018-12-31": {
        "Diluted EPS": 0.54,
        "Total Revenue": 452,
        "Gross Profit": 110,
        "Operating Income": 46,
        "EBIT": 64,
        "Net Income": 26
    },
    "2018-09-30": {
        "Diluted EPS": 0.58,
        "Total Revenue": 478,
        "Gross Profit": 112,
        "Operating Income": 47,
        "EBIT": 66,
        "Net Income": 31
    },
    "2018-06-30": {
        "Diluted EPS": 0.7,
        "Total Revenue": 498,
        "Gross Profit": 120,
        "Operating Income": 55,
        "EBIT": 71,
        "Net Income": 34
    },
    "2018-03-31": {
        "Diluted EPS": 0.79,
        "Total Revenue": 445,
        "Gross Profit": 109,
        "Operating Income": 41,
        "EBIT": 57,
        "Net Income": 43
    },
    "2017-12-31": {
        "Diluted EPS": 0.41,
        "Total Revenue": 415,
        "Gross Profit": 97,
        "Operating Income": 37,
        "EBIT": 54,
        "Net Income": 27
    },
    "2017-09-30": {
        "Diluted EPS": 0.32,
        "Total Revenue": 396,
        "Gross Profit": 90,
        "Operating Income": 39,
        "EBIT": 55,
        "Net Income": 21
    },
    "2017-06-30": {
        "Diluted EPS": 0.41,
        "Total Revenue": 398,
        "Gross Profit": 92,
        "Operating Income": 44,
        "EBIT": 58,
        "Net Income": 27
    },
    "2017-03-31": {
        "Diluted EPS": 0.28,
        "Total Revenue": 373,
        "Gross Profit": 88,
        "Operating Income": 30,
        "EBIT": 44,
        "Net Income": 19
    },
    "2016-12-31": {
        "Diluted EPS": 0.26,
        "Total Revenue": 338,
        "Gross Profit": 92,
        "Operating Income": 42,
        "EBIT": 56,
        "Net Income": 17
    },
    "2016-09-30": {
        "Diluted EPS": 0.25,
        "Total Revenue": 416,
        "Gross Profit": 92,
        "Operating Income": 29,
        "EBIT": 48,
        "Net Income": 16
    },
    "2016-06-30": {
        "Diluted EPS": 0.33,
        "Total Revenue": 396,
        "Gross Profit": 112,
        "Operating Income": 42,
        "EBIT": 53,
        "Net Income": 21
    },
    "2016-03-31": {
        "Diluted EPS": 0.22,
        "Total Revenue": 353,
        "Gross Profit": 91,
        "Operating Income": 32,
        "EBIT": 46,
        "Net Income": 14
    },
    "2015-12-31": {
        "Diluted EPS": 0.14,
        "Total Revenue": 358,
        "Gross Profit": 72,
        "Operating Income": 23,
        "EBIT": 37,
        "Net Income": 9
    },
    "2015-09-30": {
        "Diluted EPS": 0.0,
        "Total Revenue": NaN,
        "Gross Profit": NaN,
        "Operating Income": NaN,
        "EBIT": NaN,
        "Net Income": NaN
    },
    "2015-06-30": {
        "Diluted EPS": 0.3,
        "Total Revenue": 432,
        "Gross Profit": 79,
        "Operating Income": 28,
        "EBIT": 28,
        "Net Income": 19
    },
    "2014-09-30": {
        "Diluted EPS": 0.0,
        "Total Revenue": NaN,
        "Gross Profit": NaN,
        "Operating Income": NaN,
        "EBIT": NaN,
        "Net Income": NaN
    },
    "2013-09-30": {
        "Diluted EPS": 0.0,
        "Total Revenue": NaN,
        "Gross Profit": NaN,
        "Operating Income": NaN,
        "EBIT": NaN,
        "Net Income": NaN
    },
    "2023-06-30": {
        "Tax Effect Of Unusual Items": -309858.0,
        "Tax Rate For Calcs": 0.086,
        "Normalized EBITDA": 269088000.0,
        "Total Unusual Items": -3603000.0,
        "Total Unusual Items Excluding Goodwill": -3603000.0,
        "Net Income From Continuing Operation Net Minority Interest": 201288000.0,
        "Reconciled Depreciation": 36584000.0,
        "Reconciled Cost Of Revenue": 546924000.0,
        "EBITDA": 265485000.0,
        "EBIT": 228901000.0,
        "Net Interest Income": -8682000.0,
        "Interest Expense": 8682000.0,
        "Normalized Income": 204581142.0,
        "Net Income From Continuing And Discontinued Operation": 201288000.0,
        "Total Expenses": 686613000.0,
        "Total Operating Income As Reported": 232590000.0,
        "Diluted Average Shares": 38657000.0,
        "Basic Average Shares": 38132000.0,
        "Diluted EPS": 5.13,
        "Basic EPS": 5.2,
        "Diluted NI Availto Com Stockholders": 198202000.0,
        "Net Income Common Stockholders": 198202000.0,
        "Otherunder Preferred Stock Dividend": 3086000.0,
        "Net Income": 201288000.0,
        "Net Income Including Noncontrolling Interests": 201288000.0,
        "Net Income Continuous Operations": 201288000.0,
        "Tax Provision": 18931000.0,
        "Pretax Income": 220219000.0,
        "Other Income Expense": -3603000.0,
        "Other Non Operating Income Expenses": -86000.0,
        "Special Income Charges": -3919000.0,
        "Gain On Sale Of Ppe": -3919000.0,
        "Gain On Sale Of Security": 316000.0,
        "Net Non Operating Interest Income Expense": -8682000.0,
        "Interest Expense Non Operating": 8682000.0,
        "Operating Income": 232504000.0,
        "Operating Expense": 118297000.0,
        "Depreciation Amortization Depletion Income Statement": 15192000.0,
        "Depreciation And Amortization In Income Statement": 15192000.0,
        "Amortization": 15192000.0,
        "Amortization Of Intangibles Income Statement": 15192000.0,
        "Selling General And Administration": 103105000.0,
        "General And Administrative Expense": 103105000.0,
        "Other Gand A": 103019000.0,
        "Salaries And Wages": 86000.0,
        "Gross Profit": 350801000.0,
        "Cost Of Revenue": 568316000.0,
        "Total Revenue": 919117000.0,
        "Operating Revenue": 919117000.0
    },
    "2023-09-30": {
        "Tax Effect Of Unusual Items": -64411.77644,
        "Tax Rate For Calcs": 0.219088,
        "Normalized EBITDA": 225804000.0,
        "Total Unusual Items": -294000.0,
        "Total Unusual Items Excluding Goodwill": -294000.0,
        "Net Income From Continuing Operation Net Minority Interest": 140925000.0,
        "Reconciled Depreciation": 36461000.0,
        "Reconciled Cost Of Revenue": 546989000.0,
        "EBITDA": 225510000.0,
        "EBIT": 189049000.0,
        "Net Interest Income": -8587000.0,
        "Interest Expense": 8587000.0,
        "Normalized Income": 141154588.22356,
        "Net Income From Continuing And Discontinued Operation": 140925000.0,
        "Total Expenses": 680458000.0,
        "Total Operating Income As Reported": 189430000.0,
        "Diluted Average Shares": NaN,
        "Basic Average Shares": NaN,
        "Diluted EPS": NaN,
        "Basic EPS": NaN,
        "Diluted NI Availto Com Stockholders": 138745000.0,
        "Net Income Common Stockholders": 138745000.0,
        "Otherunder Preferred Stock Dividend": 2180000.0,
        "Net Income": 140925000.0,
        "Net Income Including Noncontrolling Interests": 140925000.0,
        "Net Income Continuous Operations": 140925000.0,
        "Tax Provision": 39537000.0,
        "Pretax Income": 180462000.0,
        "Other Income Expense": -381000.0,
        "Other Non Operating Income Expenses": -87000.0,
        "Special Income Charges": 100000.0,
        "Gain On Sale Of Ppe": 100000.0,
        "Gain On Sale Of Security": -394000.0,
        "Net Non Operating Interest Income Expense": -8587000.0,
        "Interest Expense Non Operating": 8587000.0,
        "Operating Income": 189431000.0,
        "Operating Expense": 112034000.0,
        "Depreciation Amortization Depletion Income Statement": 15026000.0,
        "Depreciation And Amortization In Income Statement": 15026000.0,
        "Amortization": 15026000.0,
        "Amortization Of Intangibles Income Statement": 15026000.0,
        "Selling General And Administration": 97008000.0,
        "General And Administrative Expense": NaN,
        "Other Gand A": NaN,
        "Salaries And Wages": NaN,
        "Gross Profit": 301465000.0,
        "Cost Of Revenue": 568424000.0,
        "Total Revenue": 869889000.0,
        "Operating Revenue": 869889000.0
    },
    "2023-12-31": {
        "Tax Effect Of Unusual Items": 45850.0,
        "Tax Rate For Calcs": 0.175,
        "Normalized EBITDA": 210344000.0,
        "Total Unusual Items": 262000.0,
        "Total Unusual Items Excluding Goodwill": 262000.0,
        "Net Income From Continuing Operation Net Minority Interest": 138381000.0,
        "Reconciled Depreciation": 35160000.0,
        "Reconciled Cost Of Revenue": 487248000.0,
        "EBITDA": 210606000.0,
        "EBIT": 175446000.0,
        "Net Interest Income": -7793000.0,
        "Interest Expense": 7793000.0,
        "Normalized Income": 138164850.0,
        "Net Income From Continuing And Discontinued Operation": 138381000.0,
        "Total Expenses": 623297000.0,
        "Total Operating Income As Reported": 175458000.0,
        "Diluted Average Shares": 37745000.0,
        "Basic Average Shares": 37242000.0,
        "Diluted EPS": 3.61,
        "Basic EPS": 3.66,
        "Diluted NI Availto Com Stockholders": 136309000.0,
        "Net Income Common Stockholders": 136309000.0,
        "Otherunder Preferred Stock Dividend": 2072000.0,
        "Net Income": 138381000.0,
        "Net Income Including Noncontrolling Interests": 138381000.0,
        "Net Income Continuous Operations": 138381000.0,
        "Tax Provision": 29272000.0,
        "Pretax Income": 167653000.0,
        "Other Income Expense": 262000.0,
        "Other Non Operating Income Expenses": NaN,
        "Special Income Charges": 64000.0,
        "Gain On Sale Of Ppe": 64000.0,
        "Gain On Sale Of Security": 198000.0,
        "Net Non Operating Interest Income Expense": -7793000.0,
        "Interest Expense Non Operating": 7793000.0,
        "Operating Income": 175184000.0,
        "Operating Expense": 115356000.0,
        "Depreciation Amortization Depletion Income Statement": 14467000.0,
        "Depreciation And Amortization In Income Statement": 14467000.0,
        "Amortization": 14467000.0,
        "Amortization Of Intangibles Income Statement": 14467000.0,
        "Selling General And Administration": 100889000.0,
        "General And Administrative Expense": 100889000.0,
        "Other Gand A": 100615000.0,
        "Salaries And Wages": 274000.0,
        "Gross Profit": 290540000.0,
        "Cost Of Revenue": 507941000.0,
        "Total Revenue": 798481000.0,
        "Operating Revenue": 798481000.0
    },
    "2024-03-31": {
        "Tax Effect Of Unusual Items": -85085.0,
        "Tax Rate For Calcs": 0.187,
        "Normalized EBITDA": 215292000.0,
        "Total Unusual Items": -455000.0,
        "Total Unusual Items Excluding Goodwill": -455000.0,
        "Net Income From Continuing Operation Net Minority Interest": 137955000.0,
        "Reconciled Depreciation": 36757000.0,
        "Reconciled Cost Of Revenue": 478800000.0,
        "EBITDA": 214837000.0,
        "EBIT": 178080000.0,
        "Net Interest Income": -8321000.0,
        "Interest Expense": 8321000.0,
        "Normalized Income": 138324915.0,
        "Net Income From Continuing And Discontinued Operation": 137955000.0,
        "Total Expenses": 614376000.0,
        "Total Operating Income As Reported": 178810000.0,
        "Diluted Average Shares": 37166000.0,
        "Basic Average Shares": 36730000.0,
        "Diluted EPS": 3.67,
        "Basic EPS": 3.71,
        "Diluted NI Availto Com Stockholders": 137955000.0,
        "Net Income Common Stockholders": 137955000.0,
        "Otherunder Preferred Stock Dividend": NaN,
        "Net Income": 137955000.0,
        "Net Income Including Noncontrolling Interests": 137955000.0,
        "Net Income Continuous Operations": 137955000.0,
        "Tax Provision": 31804000.0,
        "Pretax Income": 169759000.0,
        "Other Income Expense": -455000.0,
        "Other Non Operating Income Expenses": NaN,
        "Special Income Charges": -85000.0,
        "Gain On Sale Of Ppe": -85000.0,
        "Gain On Sale Of Security": -370000.0,
        "Net Non Operating Interest Income Expense": -8321000.0,
        "Interest Expense Non Operating": 8321000.0,
        "Operating Income": 178535000.0,
        "Operating Expense": 113040000.0,
        "Depreciation Amortization Depletion Income Statement": 14221000.0,
        "Depreciation And Amortization In Income Statement": 14221000.0,
        "Amortization": 14221000.0,
        "Amortization Of Intangibles Income Statement": 14221000.0,
        "Selling General And Administration": 98819000.0,
        "General And Administrative Expense": 98819000.0,
        "Other Gand A": 98544000.0,
        "Salaries And Wages": 275000.0,
        "Gross Profit": 291575000.0,
        "Cost Of Revenue": 501336000.0,
        "Total Revenue": 792911000.0,
        "Operating Revenue": 792911000.0
    },
    "2024-06-30": {
        "Tax Effect Of Unusual Items": -62634.0,
        "Tax Rate For Calcs": 0.219,
        "Normalized EBITDA": 205868000.0,
        "Total Unusual Items": -286000.0,
        "Total Unusual Items Excluding Goodwill": -286000.0,
        "Net Income From Continuing Operation Net Minority Interest": 123417000.0,
        "Reconciled Depreciation": 37690000.0,
        "Reconciled Cost Of Revenue": 518235000.0,
        "EBITDA": 205582000.0,
        "EBIT": 167892000.0,
        "Net Interest Income": -9944000.0,
        "Interest Expense": 9944000.0,
        "Normalized Income": 123640366.0,
        "Net Income From Continuing And Discontinued Operation": 123417000.0,
        "Total Expenses": 654186000.0,
        "Total Operating Income As Reported": 168452000.0,
        "Diluted Average Shares": 36616000.0,
        "Basic Average Shares": 36252000.0,
        "Diluted EPS": 3.33,
        "Basic EPS": 3.36,
        "Diluted NI Availto Com Stockholders": 121884000.0,
        "Net Income Common Stockholders": 121884000.0,
        "Otherunder Preferred Stock Dividend": 1533000.0,
        "Net Income": 123417000.0,
        "Net Income Including Noncontrolling Interests": 123417000.0,
        "Net Income Continuous Operations": 123417000.0,
        "Tax Provision": 34531000.0,
        "Pretax Income": 157948000.0,
        "Other Income Expense": -286000.0,
        "Other Non Operating Income Expenses": NaN,
        "Special Income Charges": -121000.0,
        "Gain On Sale Of Ppe": -121000.0,
        "Gain On Sale Of Security": -165000.0,
        "Net Non Operating Interest Income Expense": -9944000.0,
        "Interest Expense Non Operating": 9944000.0,
        "Operating Income": 168178000.0,
        "Operating Expense": 111477000.0,
        "Depreciation Amortization Depletion Income Statement": 13216000.0,
        "Depreciation And Amortization In Income Statement": 13216000.0,
        "Amortization": 13216000.0,
        "Amortization Of Intangibles Income Statement": 13216000.0,
        "Selling General And Administration": 98261000.0,
        "General And Administrative Expense": 98261000.0,
        "Other Gand A": 97987000.0,
        "Salaries And Wages": 274000.0,
        "Gross Profit": 279655000.0,
        "Cost Of Revenue": 542709000.0,
        "Total Revenue": 822364000.0,
        "Operating Revenue": 822364000.0
    }
}