{
    "2023-03-31": {
        "Tax Effect Of Unusual Items": NaN,
        "Tax Rate For Calcs": NaN,
        "Net Income From Continuing Operation Net Minority Interest": NaN,
        "Reconciled Depreciation": NaN,
        "Net Interest Income": NaN,
        "Interest Expense": NaN,
        "Interest Income": NaN,
        "Normalized Income": NaN,
        "Net Income From Continuing And Discontinued Operation": NaN,
        "Diluted Average Shares": NaN,
        "Basic Average Shares": NaN,
        "Diluted EPS": NaN,
        "Basic EPS": NaN,
        "Diluted NI Availto Com Stockholders": NaN,
        "Average Dilution Earnings": NaN,
        "Net Income Common Stockholders": NaN,
        "Preferred Stock Dividends": NaN,
        "Net Income": NaN,
        "Minority Interests": NaN,
        "Net Income Including Noncontrolling Interests": NaN,
        "Net Income Continuous Operations": NaN,
        "Tax Provision": NaN,
        "Pretax Income": NaN,
        "Gain On Sale Of Security": -149822000.0,
        "Depreciation Amortization Depletion Income Statement": NaN,
        "Depreciation And Amortization In Income Statement": NaN,
        "Depreciation Income Statement": NaN,
        "Selling General And Administration": NaN,
        "Selling And Marketing Expense": NaN,
        "General And Administrative Expense": NaN,
        "Salaries And Wages": NaN,
        "Total Revenue": NaN,
        "Operating Revenue": NaN,
        "Other Non Interest Expense": NaN
    },
    "2022-12-31": {
        "Tax Effect Of Unusual Items": NaN,
        "Tax Rate For Calcs": NaN,
        "Total Unusual Items": 0.0,
        "Total Unusual Items Excluding Goodwill": 0.0,
        "Net Income From Continuing Operation Net Minority Interest": NaN,
        "Reconciled Depreciation": NaN,
        "Net Interest Income": NaN,
        "Interest Expense": NaN,
        "Interest Income": NaN,
        "Normalized Income": NaN,
        "Net Income From Continuing And Discontinued Operation": NaN,
        "Diluted Average Shares": NaN,
        "Basic Average Shares": NaN,
        "Diluted EPS": NaN,
        "Basic EPS": NaN,
        "Diluted NI Availto Com Stockholders": NaN,
        "Average Dilution Earnings": NaN,
        "Net Income Common Stockholders": NaN,
        "Preferred Stock Dividends": NaN,
        "Net Income": NaN,
        "Minority Interests": NaN,
        "Net Income Including Noncontrolling Interests": NaN,
        "Net Income Continuous Operations": NaN,
        "Tax Provision": NaN,
        "Pretax Income": NaN,
        "Special Income Charges": 0.0,
        "Gain On Sale Of Security": NaN,
        "Depreciation Amortization Depletion Income Statement": NaN,
        "Depreciation And Amortization In Income Statement": NaN,
        "Depreciation Income Statement": NaN,
        "Selling General And Administration": NaN,
        "Selling And Marketing Expense": NaN,
        "General And Administrative Expense": NaN,
        "Salaries And Wages": NaN,
        "Total Revenue": NaN,
        "Operating Revenue": NaN,
        "Other Non Interest Expense": NaN
    },
    "2022-09-30": {
        "Tax Effect Of Unusual Items": NaN,
        "Tax Rate For Calcs": NaN,
        "Total Unusual Items": 0.0,
        "Total Unusual Items Excluding Goodwill": 0.0,
        "Net Income From Continuing Operation Net Minority Interest": NaN,
        "Reconciled Depreciation": NaN,
        "Net Interest Income": NaN,
        "Interest Expense": NaN,
        "Interest Income": NaN,
        "Normalized Income": NaN,
        "Net Income From Continuing And Discontinued Operation": NaN,
        "Diluted Average Shares": 19030000.0,
        "Basic Average Shares": 14500000.0,
        "Diluted EPS": 1.41,
        "Basic EPS": 1.81,
        "Diluted NI Availto Com Stockholders": NaN,
        "Average Dilution Earnings": NaN,
        "Net Income Common Stockholders": NaN,
        "Preferred Stock Dividends": NaN,
        "Net Income": NaN,
        "Minority Interests": NaN,
        "Net Income Including Noncontrolling Interests": NaN,
        "Net Income Continuous Operations": NaN,
        "Tax Provision": NaN,
        "Pretax Income": NaN,
        "Special Income Charges": 0.0,
        "Gain On Sale Of Security": NaN,
        "Depreciation Amortization Depletion Income Statement": NaN,
        "Depreciation And Amortization In Income Statement": NaN,
        "Depreciation Income Statement": NaN,
        "Selling General And Administration": NaN,
        "Selling And Marketing Expense": NaN,
        "General And Administrative Expense": NaN,
        "Salaries And Wages": NaN,
        "Total Revenue": NaN,
        "Operating Revenue": NaN
    },
    "2022-06-30": {
        "Tax Effect Of Unusual Items": 0.0,
        "Tax Rate For Calcs": 0.204,
        "Total Unusual Items": 0.0,
        "Total Unusual Items Excluding Goodwill": 0.0,
        "Net Income From Continuing Operation Net Minority Interest": 34025000.0,
        "Reconciled Depreciation": 1484000.0,
        "Net Interest Income": 172622000.0,
        "Interest Expense": 18925000.0,
        "Interest Income": 191547000.0,
        "Normalized Income": 34025000.0,
        "Net Income From Continuing And Discontinued Operation": 34025000.0,
        "Diluted Average Shares": 19480000.0,
        "Basic Average Shares": 14744000.0,
        "Diluted EPS": 1.46,
        "Basic EPS": 1.88,
        "Diluted NI Availto Com Stockholders": 28366000.0,
        "Average Dilution Earnings": 598000.0,
        "Net Income Common Stockholders": 27768000.0,
        "Preferred Stock Dividends": 6257000.0,
        "Net Income": 34025000.0,
        "Minority Interests": 228000.0,
        "Net Income Including Noncontrolling Interests": 33797000.0,
        "Net Income Continuous Operations": 33797000.0,
        "Tax Provision": 8743000.0,
        "Pretax Income": 42540000.0,
        "Special Income Charges": 0.0,
        "Gain On Sale Of Security": NaN,
        "Depreciation Amortization Depletion Income Statement": 549000.0,
        "Depreciation And Amortization In Income Statement": 549000.0,
        "Depreciation Income Statement": 549000.0,
        "Selling General And Administration": 30330000.0,
        "Selling And Marketing Expense": 20231000.0,
        "General And Administrative Expense": 10099000.0,
        "Salaries And Wages": 10099000.0,
        "Total Revenue": 80554000.0,
        "Operating Revenue": 80554000.0
    },
    "2022-03-31": {
        "Diluted EPS": 1.96,
        "Total Revenue": 230,
        "Gross Profit": 212,
        "Operating Income": 38,
        "EBIT": NaN,
        "Net Income": 39
    },
    "2021-12-31": {
        "Diluted EPS": 2.13,
        "Total Revenue": 223,
        "Gross Profit": 207,
        "Operating Income": 63,
        "EBIT": NaN,
        "Net Income": 44
    },
    "2021-09-30": {
        "Diluted EPS": 1.96,
        "Total Revenue": 204,
        "Gross Profit": 192,
        "Operating Income": 58,
        "EBIT": NaN,
        "Net Income": 40
    },
    "2021-06-30": {
        "Diluted EPS": 1.56,
        "Total Revenue": 177,
        "Gross Profit": 163,
        "Operating Income": 47,
        "EBIT": NaN,
        "Net Income": 32
    },
    "2021-03-31": {
        "Diluted EPS": 1.91,
        "Total Revenue": 145,
        "Gross Profit": 132,
        "Operating Income": 52,
        "EBIT": NaN,
        "Net Income": 39
    },
    "2020-12-31": {
        "Diluted EPS": 1.13,
        "Total Revenue": 143,
        "Gross Profit": 130,
        "Operating Income": 31,
        "EBIT": NaN,
        "Net Income": 22
    },
    "2020-09-30": {
        "Diluted EPS": 1.72,
        "Total Revenue": 144,
        "Gross Profit": 132,
        "Operating Income": 48,
        "EBIT": NaN,
        "Net Income": 34
    },
    "2020-06-30": {
        "Diluted EPS": 0.93,
        "Total Revenue": 136,
        "Gross Profit": 123,
        "Operating Income": 28,
        "EBIT": NaN,
        "Net Income": 18
    },
    "2020-03-31": {
        "Diluted EPS": 0.17,
        "Total Revenue": 141,
        "Gross Profit": 127,
        "Operating Income": 7,
        "EBIT": NaN,
        "Net Income": 3
    },
    "2019-12-31": {
        "Diluted EPS": 0.09,
        "Total Revenue": 196,
        "Gross Profit": 181,
        "Operating Income": 2,
        "EBIT": NaN,
        "Net Income": 1
    },
    "2019-09-30": {
        "Diluted EPS": 0.83,
        "Total Revenue": 107,
        "Gross Profit": 94,
        "Operating Income": 16,
        "EBIT": NaN,
        "Net Income": 13
    },
    "2019-06-30": {
        "Diluted EPS": 0.35,
        "Total Revenue": 84,
        "Gross Profit": 72,
        "Operating Income": 7,
        "EBIT": NaN,
        "Net Income": 5
    },
    "2019-03-31": {
        "Diluted EPS": 0.39,
        "Total Revenue": 68,
        "Gross Profit": 57,
        "Operating Income": 6,
        "EBIT": NaN,
        "Net Income": 6
    },
    "2018-12-31": {
        "Diluted EPS": 1.65,
        "Total Revenue": 84,
        "Gross Profit": 73,
        "Operating Income": 24,
        "EBIT": NaN,
        "Net Income": 23
    },
    "2018-09-30": {
        "Diluted EPS": -1.16,
        "Total Revenue": 43,
        "Gross Profit": 34,
        "Operating Income": -16,
        "EBIT": NaN,
        "Net Income": -16
    },
    "2018-06-30": {
        "Diluted EPS": 0.41,
        "Total Revenue": 40,
        "Gross Profit": 31,
        "Operating Income": 1,
        "EBIT": NaN,
        "Net Income": 6
    },
    "2018-03-31": {
        "Diluted EPS": -0.34,
        "Total Revenue": 37,
        "Gross Profit": 29,
        "Operating Income": -5,
        "EBIT": NaN,
        "Net Income": -5
    },
    "2017-12-31": {
        "Diluted EPS": -1.31,
        "Total Revenue": 35,
        "Gross Profit": 26,
        "Operating Income": -21,
        "EBIT": NaN,
        "Net Income": -18
    },
    "2017-09-30": {
        "Diluted EPS": -1.04,
        "Total Revenue": 31,
        "Gross Profit": 24,
        "Operating Income": -14,
        "EBIT": NaN,
        "Net Income": -14
    },
    "2017-06-30": {
        "Diluted EPS": -0.63,
        "Total Revenue": 28,
        "Gross Profit": 22,
        "Operating Income": -13,
        "EBIT": NaN,
        "Net Income": -9
    },
    "2017-03-31": {
        "Diluted EPS": 0.05,
        "Total Revenue": 27,
        "Gross Profit": 22,
        "Operating Income": 1,
        "EBIT": NaN,
        "Net Income": 1
    },
    "2016-12-31": {
        "Diluted EPS": -0.16,
        "Total Revenue": 26,
        "Gross Profit": 20,
        "Operating Income": -4,
        "EBIT": NaN,
        "Net Income": -2
    },
    "2016-09-30": {
        "Diluted EPS": -0.65,
        "Total Revenue": 26,
        "Gross Profit": 20,
        "Operating Income": -14,
        "EBIT": NaN,
        "Net Income": -9
    },
    "2016-06-30": {
        "Diluted EPS": 0.02,
        "Total Revenue": 24,
        "Gross Profit": 19,
        "Operating Income": 1,
        "EBIT": NaN,
        "Net Income": 0
    },
    "2016-03-31": {
        "Diluted EPS": 0.33,
        "Total Revenue": 21,
        "Gross Profit": 16,
        "Operating Income": 5,
        "EBIT": NaN,
        "Net Income": 5
    },
    "2015-12-31": {
        "Diluted EPS": -0.15,
        "Total Revenue": 20,
        "Gross Profit": 16,
        "Operating Income": 0,
        "EBIT": NaN,
        "Net Income": -2
    },
    "2015-09-30": {
        "Diluted EPS": 0.03,
        "Total Revenue": 19,
        "Gross Profit": 14,
        "Operating Income": 0,
        "EBIT": NaN,
        "Net Income": 0
    },
    "2015-06-30": {
        "Diluted EPS": 0.1,
        "Total Revenue": 19,
        "Gross Profit": 15,
        "Operating Income": 3,
        "EBIT": NaN,
        "Net Income": 1
    },
    "2015-03-31": {
        "Diluted EPS": 0.14,
        "Total Revenue": 20,
        "Gross Profit": 16,
        "Operating Income": 1,
        "EBIT": NaN,
        "Net Income": 2
    },
    "2014-12-31": {
        "Diluted EPS": 2.52,
        "Total Revenue": 33,
        "Gross Profit": 27,
        "Operating Income": -3,
        "EBIT": NaN,
        "Net Income": 35
    },
    "2014-09-30": {
        "Diluted EPS": -0.42,
        "Total Revenue": 22,
        "Gross Profit": 16,
        "Operating Income": -5,
        "EBIT": NaN,
        "Net Income": -6
    },
    "2014-06-30": {
        "Diluted EPS": -0.8,
        "Total Revenue": 20,
        "Gross Profit": 14,
        "Operating Income": -11,
        "EBIT": NaN,
        "Net Income": -11
    },
    "2014-03-31": {
        "Diluted EPS": -0.79,
        "Total Revenue": 25,
        "Gross Profit": 19,
        "Operating Income": -9,
        "EBIT": NaN,
        "Net Income": -11
    },
    "2013-12-31": {
        "Diluted EPS": 0.29,
        "Total Revenue": 17,
        "Gross Profit": 11,
        "Operating Income": -3,
        "EBIT": NaN,
        "Net Income": 4
    },
    "2013-09-30": {
        "Diluted EPS": -0.65,
        "Total Revenue": 23,
        "Gross Profit": 17,
        "Operating Income": -7,
        "EBIT": NaN,
        "Net Income": -9
    },
    "2013-06-30": {
        "Diluted EPS": -0.71,
        "Total Revenue": 21,
        "Gross Profit": 15,
        "Operating Income": -9,
        "EBIT": NaN,
        "Net Income": -10
    },
    "2013-03-31": {
        "Diluted EPS": -0.22,
        "Total Revenue": 29,
        "Gross Profit": 23,
        "Operating Income": -3,
        "EBIT": NaN,
        "Net Income": -3
    },
    "2012-12-31": {
        "Diluted EPS": 0.0,
        "Total Revenue": 31,
        "Gross Profit": 25,
        "Operating Income": -7,
        "EBIT": NaN,
        "Net Income": 1
    },
    "2012-09-30": {
        "Diluted EPS": 1.72,
        "Total Revenue": 22,
        "Gross Profit": 15,
        "Operating Income": -16,
        "EBIT": NaN,
        "Net Income": 33
    },
    "2012-06-30": {
        "Diluted EPS": -0.26,
        "Total Revenue": 28,
        "Gross Profit": 21,
        "Operating Income": -11,
        "EBIT": NaN,
        "Net Income": -6
    },
    "2012-03-31": {
        "Diluted EPS": -0.2,
        "Total Revenue": 33,
        "Gross Profit": 23,
        "Operating Income": -10,
        "EBIT": NaN,
        "Net Income": -4
    },
    "2011-12-31": {
        "Diluted EPS": -0.11,
        "Total Revenue": 32,
        "Gross Profit": 22,
        "Operating Income": -19,
        "EBIT": NaN,
        "Net Income": 3
    },
    "2011-09-30": {
        "Diluted EPS": 0.08,
        "Total Revenue": 44,
        "Gross Profit": 34,
        "Operating Income": -4,
        "EBIT": NaN,
        "Net Income": 2
    },
    "2011-06-30": {
        "Diluted EPS": 4.43,
        "Total Revenue": 47,
        "Gross Profit": 35,
        "Operating Income": -3,
        "EBIT": NaN,
        "Net Income": 101
    },
    "2011-03-31": {
        "Diluted EPS": 0.79,
        "Total Revenue": 66,
        "Gross Profit": 54,
        "Operating Income": 23,
        "EBIT": NaN,
        "Net Income": 28
    },
    "2010-12-31": {
        "Diluted EPS": -0.88,
        "Total Revenue": 55,
        "Gross Profit": 41,
        "Operating Income": -18,
        "EBIT": NaN,
        "Net Income": -28
    },
    "2010-09-30": {
        "Diluted EPS": 0.05,
        "Total Revenue": 70,
        "Gross Profit": 58,
        "Operating Income": -9,
        "EBIT": NaN,
        "Net Income": 2
    },
    "2010-06-30": {
        "Diluted EPS": -0.73,
        "Total Revenue": 73,
        "Gross Profit": 57,
        "Operating Income": -35,
        "EBIT": NaN,
        "Net Income": -29
    },
    "2010-03-31": {
        "Diluted EPS": -0.89,
        "Total Revenue": 103,
        "Gross Profit": 85,
        "Operating Income": -45,
        "EBIT": NaN,
        "Net Income": -43
    },
    "2009-12-31": {
        "Diluted EPS": -1.14,
        "Total Revenue": 14,
        "Gross Profit": 2,
        "Operating Income": -126,
        "EBIT": NaN,
        "Net Income": -55
    },
    "2009-09-30": {
        "Diluted EPS": -5.02,
        "Total Revenue": -174,
        "Gross Profit": -184,
        "Operating Income": -241,
        "EBIT": NaN,
        "Net Income": -239
    },
    "2009-06-30": {
        "Diluted EPS": -2.81,
        "Total Revenue": -93,
        "Gross Profit": -103,
        "Operating Income": -202,
        "EBIT": NaN,
        "Net Income": -134
    },
    "2009-03-31": {
        "Diluted EPS": -2.37,
        "Total Revenue": -89,
        "Gross Profit": -99,
        "Operating Income": -176,
        "EBIT": NaN,
        "Net Income": -113
    },
    "2023-06-30": {
        "Tax Effect Of Unusual Items": NaN,
        "Tax Rate For Calcs": NaN,
        "Net Income From Continuing Operation Net Minority Interest": NaN,
        "Reconciled Depreciation": NaN,
        "Net Interest Income": NaN,
        "Interest Expense": NaN,
        "Interest Income": NaN,
        "Normalized Income": NaN,
        "Net Income From Continuing And Discontinued Operation": NaN,
        "Diluted Average Shares": 18431373.0,
        "Basic Average Shares": 14461538.0,
        "Diluted EPS": 1.02,
        "Basic EPS": 1.3,
        "Diluted NI Availto Com Stockholders": NaN,
        "Average Dilution Earnings": NaN,
        "Net Income Common Stockholders": NaN,
        "Preferred Stock Dividends": NaN,
        "Net Income": NaN,
        "Minority Interests": NaN,
        "Net Income Including Noncontrolling Interests": NaN,
        "Net Income Continuous Operations": NaN,
        "Tax Provision": NaN,
        "Pretax Income": NaN,
        "Gain On Sale Of Security": NaN,
        "Depreciation Amortization Depletion Income Statement": NaN,
        "Depreciation And Amortization In Income Statement": NaN,
        "Depreciation Income Statement": NaN,
        "Selling General And Administration": NaN,
        "Selling And Marketing Expense": NaN,
        "General And Administrative Expense": NaN,
        "Salaries And Wages": NaN,
        "Total Revenue": NaN,
        "Operating Revenue": NaN,
        "Other Non Interest Expense": NaN
    },
    "2023-09-30": {
        "Tax Effect Of Unusual Items": 0.0,
        "Tax Rate For Calcs": 0.213647,
        "Net Income From Continuing Operation Net Minority Interest": 25240000.0,
        "Reconciled Depreciation": 1089000.0,
        "Net Interest Income": 196408000.0,
        "Interest Expense": 28274000.0,
        "Interest Income": 224682000.0,
        "Normalized Income": 25240000.0,
        "Net Income From Continuing And Discontinued Operation": 25240000.0,
        "Diluted Average Shares": 18348544.0,
        "Basic Average Shares": 14537692.0,
        "Diluted EPS": 1.03,
        "Basic EPS": 1.3,
        "Diluted NI Availto Com Stockholders": 19504000.0,
        "Average Dilution Earnings": 605000.0,
        "Net Income Common Stockholders": 18899000.0,
        "Preferred Stock Dividends": 6341000.0,
        "Net Income": 25240000.0,
        "Minority Interests": 267000.0,
        "Net Income Including Noncontrolling Interests": 24973000.0,
        "Net Income Continuous Operations": 24973000.0,
        "Tax Provision": 6785000.0,
        "Pretax Income": 31758000.0,
        "Gain On Sale Of Security": NaN,
        "Depreciation Amortization Depletion Income Statement": 647000.0,
        "Depreciation And Amortization In Income Statement": 647000.0,
        "Depreciation Income Statement": 647000.0,
        "Selling General And Administration": 23959000.0,
        "Selling And Marketing Expense": 12599000.0,
        "General And Administrative Expense": 11360000.0,
        "Salaries And Wages": 11360000.0,
        "Total Revenue": 62915000.0,
        "Operating Revenue": 62915000.0,
        "Other Non Interest Expense": 6013000.0
    },
    "2023-12-31": {
        "Tax Effect Of Unusual Items": 0.0,
        "Tax Rate For Calcs": 0.144341,
        "Net Income From Continuing Operation Net Minority Interest": 26304000.0,
        "Reconciled Depreciation": 1258000.0,
        "Net Interest Income": 192079000.0,
        "Interest Expense": 32619000.0,
        "Interest Income": 224698000.0,
        "Normalized Income": 26304000.0,
        "Net Income From Continuing And Discontinued Operation": 26304000.0,
        "Diluted Average Shares": NaN,
        "Basic Average Shares": NaN,
        "Diluted EPS": NaN,
        "Basic EPS": NaN,
        "Diluted NI Availto Com Stockholders": 20568000.0,
        "Average Dilution Earnings": 605000.0,
        "Net Income Common Stockholders": 19963000.0,
        "Preferred Stock Dividends": 6341000.0,
        "Net Income": 26304000.0,
        "Minority Interests": 31000.0,
        "Net Income Including Noncontrolling Interests": 26273000.0,
        "Net Income Continuous Operations": 26273000.0,
        "Tax Provision": 4432000.0,
        "Pretax Income": 30705000.0,
        "Gain On Sale Of Security": NaN,
        "Depreciation Amortization Depletion Income Statement": 652000.0,
        "Depreciation And Amortization In Income Statement": 652000.0,
        "Depreciation Income Statement": 652000.0,
        "Selling General And Administration": 26243000.0,
        "Selling And Marketing Expense": 14930000.0,
        "General And Administrative Expense": 11313000.0,
        "Salaries And Wages": 11313000.0,
        "Total Revenue": 65792000.0,
        "Operating Revenue": 65792000.0,
        "Other Non Interest Expense": 7591000.0
    },
    "2024-03-31": {
        "Tax Effect Of Unusual Items": 0.0,
        "Tax Rate For Calcs": 0.211,
        "Net Income From Continuing Operation Net Minority Interest": 26170000.0,
        "Reconciled Depreciation": 1251000.0,
        "Net Interest Income": 195311000.0,
        "Interest Expense": 35063000.0,
        "Interest Income": 230374000.0,
        "Normalized Income": 26170000.0,
        "Net Income From Continuing And Discontinued Operation": 26170000.0,
        "Diluted Average Shares": 18724000.0,
        "Basic Average Shares": 14673000.0,
        "Diluted EPS": 1.09,
        "Basic EPS": 1.35,
        "Diluted NI Availto Com Stockholders": 20475000.0,
        "Average Dilution Earnings": 597000.0,
        "Net Income Common Stockholders": 19878000.0,
        "Preferred Stock Dividends": 6292000.0,
        "Net Income": 26170000.0,
        "Minority Interests": 351000.0,
        "Net Income Including Noncontrolling Interests": 25819000.0,
        "Net Income Continuous Operations": 25819000.0,
        "Tax Provision": 7002000.0,
        "Pretax Income": 32821000.0,
        "Gain On Sale Of Security": -159171000.0,
        "Depreciation Amortization Depletion Income Statement": 654000.0,
        "Depreciation And Amortization In Income Statement": 654000.0,
        "Depreciation Income Statement": 654000.0,
        "Selling General And Administration": 23740000.0,
        "Selling And Marketing Expense": 10428000.0,
        "General And Administrative Expense": 13312000.0,
        "Salaries And Wages": 13312000.0,
        "Total Revenue": 69650000.0,
        "Operating Revenue": 69650000.0,
        "Other Non Interest Expense": 9491000.0
    },
    "2024-06-30": {
        "Tax Effect Of Unusual Items": 0.0,
        "Tax Rate For Calcs": 0.156,
        "Net Income From Continuing Operation Net Minority Interest": 24280000.0,
        "Reconciled Depreciation": 1253000.0,
        "Net Interest Income": 204401000.0,
        "Interest Expense": 37948000.0,
        "Interest Income": 242349000.0,
        "Normalized Income": 24280000.0,
        "Net Income From Continuing And Discontinued Operation": 24280000.0,
        "Diluted Average Shares": 18808000.0,
        "Basic Average Shares": 14771000.0,
        "Diluted EPS": 0.99,
        "Basic EPS": 1.22,
        "Diluted NI Availto Com Stockholders": 18568000.0,
        "Average Dilution Earnings": 596000.0,
        "Net Income Common Stockholders": 17972000.0,
        "Preferred Stock Dividends": 6308000.0,
        "Net Income": 24280000.0,
        "Minority Interests": 153000.0,
        "Net Income Including Noncontrolling Interests": 24127000.0,
        "Net Income Continuous Operations": 24127000.0,
        "Tax Provision": 4476000.0,
        "Pretax Income": 28603000.0,
        "Gain On Sale Of Security": NaN,
        "Depreciation Amortization Depletion Income Statement": 653000.0,
        "Depreciation And Amortization In Income Statement": 653000.0,
        "Depreciation Income Statement": 653000.0,
        "Selling General And Administration": 25545000.0,
        "Selling And Marketing Expense": 13572000.0,
        "General And Administrative Expense": 11973000.0,
        "Salaries And Wages": 11973000.0,
        "Total Revenue": 64126000.0,
        "Operating Revenue": 64126000.0,
        "Other Non Interest Expense": 7579000.0
    },
    "2024-09-30": {
        "Tax Effect Of Unusual Items": 0.0,
        "Tax Rate For Calcs": 0.217159,
        "Net Income From Continuing Operation Net Minority Interest": 29543000.0,
        "Reconciled Depreciation": 1281000.0,
        "Net Interest Income": 212897000.0,
        "Interest Expense": 42492000.0,
        "Interest Income": 255389000.0,
        "Normalized Income": 29543000.0,
        "Net Income From Continuing And Discontinued Operation": 29543000.0,
        "Diluted Average Shares": 18788000.0,
        "Basic Average Shares": 14740000.0,
        "Diluted EPS": 1.27,
        "Basic EPS": 1.58,
        "Diluted NI Availto Com Stockholders": 23831000.0,
        "Average Dilution Earnings": 604000.0,
        "Net Income Common Stockholders": 23227000.0,
        "Preferred Stock Dividends": 6316000.0,
        "Net Income": 29543000.0,
        "Minority Interests": 354000.0,
        "Net Income Including Noncontrolling Interests": 29189000.0,
        "Net Income Continuous Operations": 29189000.0,
        "Tax Provision": 8097000.0,
        "Pretax Income": 37286000.0,
        "Gain On Sale Of Security": NaN,
        "Depreciation Amortization Depletion Income Statement": 656000.0,
        "Depreciation And Amortization In Income Statement": 656000.0,
        "Depreciation Income Statement": 656000.0,
        "Selling General And Administration": 27147000.0,
        "Selling And Marketing Expense": 14848000.0,
        "General And Administrative Expense": 12299000.0,
        "Salaries And Wages": 12299000.0,
        "Total Revenue": 76924000.0,
        "Operating Revenue": 76924000.0,
        "Other Non Interest Expense": 7202000.0
    }
}