{
    "2023-06-30": {
        "Tax Effect Of Unusual Items": 0.0,
        "Tax Rate For Calcs": 0.15,
        "Net Income From Continuing Operation Net Minority Interest": 2557000.0,
        "Reconciled Depreciation": 128000.0,
        "Net Interest Income": 11302000.0,
        "Interest Expense": 7185000.0,
        "Interest Income": 18487000.0,
        "Normalized Income": 2557000.0,
        "Net Income From Continuing And Discontinued Operation": 2557000.0,
        "Diluted Average Shares": 9132143.0,
        "Basic Average Shares": 9132143.0,
        "Diluted EPS": 0.28,
        "Basic EPS": 0.28,
        "Diluted NI Availto Com Stockholders": 2557000.0,
        "Net Income Common Stockholders": 2557000.0,
        "Net Income": 2557000.0,
        "Net Income Including Noncontrolling Interests": 2557000.0,
        "Net Income Continuous Operations": 2557000.0,
        "Tax Provision": 464000.0,
        "Pretax Income": 3021000.0,
        "Gain On Sale Of Security": 7000.0,
        "Depreciation Amortization Depletion Income Statement": 128000.0,
        "Depreciation And Amortization In Income Statement": 128000.0,
        "Amortization": 128000.0,
        "Amortization Of Intangibles Income Statement": 128000.0,
        "Selling General And Administration": 6228000.0,
        "General And Administrative Expense": 6228000.0,
        "Other Gand A": NaN,
        "Insurance And Claims": 349000.0,
        "Salaries And Wages": 5879000.0,
        "Total Revenue": 13617000.0,
        "Operating Revenue": 13617000.0
    },
    "2023-03-31": {
        "Tax Effect Of Unusual Items": 0.0,
        "Tax Rate For Calcs": 0.17,
        "Net Income From Continuing Operation Net Minority Interest": 3197000.0,
        "Reconciled Depreciation": 130000.0,
        "Net Interest Income": 11669000.0,
        "Interest Expense": 5527000.0,
        "Interest Income": 17196000.0,
        "Normalized Income": 3197000.0,
        "Net Income From Continuing And Discontinued Operation": 3197000.0,
        "Diluted Average Shares": 8880556.0,
        "Basic Average Shares": 8880556.0,
        "Diluted EPS": 0.36,
        "Basic EPS": 0.36,
        "Diluted NI Availto Com Stockholders": 3197000.0,
        "Net Income Common Stockholders": 3197000.0,
        "Net Income": 3197000.0,
        "Net Income Including Noncontrolling Interests": 3197000.0,
        "Net Income Continuous Operations": 3197000.0,
        "Tax Provision": 671000.0,
        "Pretax Income": 3868000.0,
        "Gain On Sale Of Security": 0.0,
        "Depreciation Amortization Depletion Income Statement": 130000.0,
        "Depreciation And Amortization In Income Statement": 130000.0,
        "Amortization": 130000.0,
        "Amortization Of Intangibles Income Statement": 130000.0,
        "Selling General And Administration": 6140000.0,
        "General And Administrative Expense": 6140000.0,
        "Other Gand A": NaN,
        "Insurance And Claims": 170000.0,
        "Salaries And Wages": 5970000.0,
        "Total Revenue": 13923000.0,
        "Operating Revenue": 13923000.0,
        "Gross Profit": 14,
        "Operating Income": 4,
        "EBIT": NaN
    },
    "2022-12-31": {
        "Tax Effect Of Unusual Items": 0.0,
        "Tax Rate For Calcs": 0.2,
        "Net Income From Continuing Operation Net Minority Interest": 4412000.0,
        "Reconciled Depreciation": 136000.0,
        "Net Interest Income": 12793000.0,
        "Interest Expense": 4005000.0,
        "Interest Income": 16798000.0,
        "Normalized Income": 4412000.0,
        "Net Income From Continuing And Discontinued Operation": 4412000.0,
        "Diluted Average Shares": 9004082.0,
        "Basic Average Shares": 9004082.0,
        "Diluted EPS": 0.49,
        "Basic EPS": 0.49,
        "Diluted NI Availto Com Stockholders": 4412000.0,
        "Net Income Common Stockholders": 4412000.0,
        "Net Income": 4412000.0,
        "Net Income Including Noncontrolling Interests": 4412000.0,
        "Net Income Continuous Operations": 4412000.0,
        "Tax Provision": 1091000.0,
        "Pretax Income": 5503000.0,
        "Gain On Sale Of Security": 0.0,
        "Depreciation Amortization Depletion Income Statement": 136000.0,
        "Depreciation And Amortization In Income Statement": 136000.0,
        "Amortization": 136000.0,
        "Amortization Of Intangibles Income Statement": 136000.0,
        "Selling General And Administration": 5975000.0,
        "General And Administrative Expense": 5975000.0,
        "Other Gand A": NaN,
        "Insurance And Claims": 158000.0,
        "Salaries And Wages": 5817000.0,
        "Total Revenue": 15262000.0,
        "Operating Revenue": 15262000.0,
        "Gross Profit": 15,
        "Operating Income": 6,
        "EBIT": NaN
    },
    "2022-09-30": {
        "Tax Effect Of Unusual Items": 0.0,
        "Tax Rate For Calcs": 0.21,
        "Net Income From Continuing Operation Net Minority Interest": 5543000.0,
        "Reconciled Depreciation": 145000.0,
        "Net Interest Income": 13663000.0,
        "Interest Expense": 2142000.0,
        "Interest Income": 15805000.0,
        "Normalized Income": 5543000.0,
        "Net Income From Continuing And Discontinued Operation": 5543000.0,
        "Diluted Average Shares": 8992167.0,
        "Basic Average Shares": 8992167.0,
        "Diluted EPS": 0.62,
        "Basic EPS": 0.62,
        "Diluted NI Availto Com Stockholders": 5543000.0,
        "Net Income Common Stockholders": 5543000.0,
        "Net Income": 5543000.0,
        "Net Income Including Noncontrolling Interests": 5543000.0,
        "Net Income Continuous Operations": 5543000.0,
        "Tax Provision": 1439000.0,
        "Pretax Income": 6982000.0,
        "Gain On Sale Of Security": 2000.0,
        "Depreciation Amortization Depletion Income Statement": 145000.0,
        "Depreciation And Amortization In Income Statement": 145000.0,
        "Amortization": 145000.0,
        "Amortization Of Intangibles Income Statement": 145000.0,
        "Selling General And Administration": 5886000.0,
        "General And Administrative Expense": 5886000.0,
        "Other Gand A": 1840000.0,
        "Insurance And Claims": 155000.0,
        "Salaries And Wages": 5731000.0,
        "Total Revenue": 15949000.0,
        "Operating Revenue": 15949000.0,
        "Gross Profit": 16,
        "Operating Income": 7,
        "EBIT": NaN
    },
    "2022-06-30": {
        "Tax Effect Of Unusual Items": 0.0,
        "Tax Rate For Calcs": 0.33,
        "Net Income From Continuing Operation Net Minority Interest": 4193000.0,
        "Reconciled Depreciation": 147000.0,
        "Net Interest Income": 13636000.0,
        "Interest Expense": 1242000.0,
        "Interest Income": 14878000.0,
        "Normalized Income": 4193000.0,
        "Net Income From Continuing And Discontinued Operation": 4193000.0,
        "Diluted Average Shares": 9058690.0,
        "Basic Average Shares": 9058690.0,
        "Diluted EPS": 0.46,
        "Basic EPS": 0.46,
        "Diluted NI Availto Com Stockholders": 4193000.0,
        "Net Income Common Stockholders": 4193000.0,
        "Net Income": 4193000.0,
        "Net Income Including Noncontrolling Interests": 4193000.0,
        "Net Income Continuous Operations": 4193000.0,
        "Tax Provision": 2030000.0,
        "Pretax Income": 6223000.0,
        "Gain On Sale Of Security": 0.0,
        "Depreciation Amortization Depletion Income Statement": 147000.0,
        "Depreciation And Amortization In Income Statement": 147000.0,
        "Amortization": 147000.0,
        "Amortization Of Intangibles Income Statement": 147000.0,
        "Selling General And Administration": 5898000.0,
        "General And Administrative Expense": 5898000.0,
        "Other Gand A": 1967000.0,
        "Insurance And Claims": 148000.0,
        "Salaries And Wages": 5750000.0,
        "Total Revenue": 16015000.0,
        "Operating Revenue": 16015000.0,
        "Gross Profit": 16,
        "Operating Income": 6,
        "EBIT": NaN
    },
    "2022-03-31": {
        "Diluted EPS": 0.57,
        "Total Revenue": 17,
        "Gross Profit": 16,
        "Operating Income": 6,
        "EBIT": NaN,
        "Net Income": 5
    },
    "2021-12-31": {
        "Diluted EPS": 0.58,
        "Total Revenue": 17,
        "Gross Profit": 16,
        "Operating Income": 7,
        "EBIT": NaN,
        "Net Income": 5
    },
    "2021-09-30": {
        "Diluted EPS": 0.74,
        "Total Revenue": 18,
        "Gross Profit": 17,
        "Operating Income": 9,
        "EBIT": NaN,
        "Net Income": 7
    },
    "2021-06-30": {
        "Diluted EPS": 0.64,
        "Total Revenue": 18,
        "Gross Profit": 17,
        "Operating Income": 7,
        "EBIT": NaN,
        "Net Income": 6
    },
    "2021-03-31": {
        "Diluted EPS": 0.66,
        "Total Revenue": 18,
        "Gross Profit": 16,
        "Operating Income": 8,
        "EBIT": NaN,
        "Net Income": 6
    },
    "2020-12-31": {
        "Diluted EPS": 0.56,
        "Total Revenue": 18,
        "Gross Profit": 17,
        "Operating Income": 6,
        "EBIT": NaN,
        "Net Income": 5
    },
    "2020-09-30": {
        "Diluted EPS": 0.62,
        "Total Revenue": 19,
        "Gross Profit": 17,
        "Operating Income": 7,
        "EBIT": NaN,
        "Net Income": 6
    },
    "2020-06-30": {
        "Diluted EPS": 0.49,
        "Total Revenue": 18,
        "Gross Profit": 16,
        "Operating Income": 5,
        "EBIT": NaN,
        "Net Income": 4
    },
    "2020-03-31": {
        "Diluted EPS": 0.39,
        "Total Revenue": 18,
        "Gross Profit": 16,
        "Operating Income": 4,
        "EBIT": NaN,
        "Net Income": 4
    },
    "2019-12-31": {
        "Diluted EPS": 0.46,
        "Total Revenue": 18,
        "Gross Profit": 15,
        "Operating Income": 5,
        "EBIT": NaN,
        "Net Income": 4
    },
    "2019-09-30": {
        "Diluted EPS": 0.44,
        "Total Revenue": 16,
        "Gross Profit": 13,
        "Operating Income": 5,
        "EBIT": NaN,
        "Net Income": 4
    },
    "2019-06-30": {
        "Diluted EPS": 0.5,
        "Total Revenue": 16,
        "Gross Profit": 13,
        "Operating Income": 6,
        "EBIT": NaN,
        "Net Income": 5
    },
    "2019-03-31": {
        "Diluted EPS": 0.46,
        "Total Revenue": 15,
        "Gross Profit": 13,
        "Operating Income": 5,
        "EBIT": NaN,
        "Net Income": 4
    },
    "2018-12-31": {
        "Diluted EPS": 0.46,
        "Total Revenue": 15,
        "Gross Profit": 13,
        "Operating Income": 5,
        "EBIT": NaN,
        "Net Income": 4
    },
    "2018-09-30": {
        "Diluted EPS": 0.48,
        "Total Revenue": 15,
        "Gross Profit": 13,
        "Operating Income": 6,
        "EBIT": NaN,
        "Net Income": 4
    },
    "2018-06-30": {
        "Diluted EPS": 0.46,
        "Total Revenue": 14,
        "Gross Profit": 12,
        "Operating Income": 5,
        "EBIT": NaN,
        "Net Income": 4
    },
    "2018-03-31": {
        "Diluted EPS": 0.43,
        "Total Revenue": 14,
        "Gross Profit": 12,
        "Operating Income": 5,
        "EBIT": NaN,
        "Net Income": 4
    },
    "2017-12-31": {
        "Diluted EPS": 0.29,
        "Total Revenue": 14,
        "Gross Profit": 12,
        "Operating Income": 6,
        "EBIT": NaN,
        "Net Income": 3
    },
    "2017-09-30": {
        "Diluted EPS": 0.42,
        "Total Revenue": 13,
        "Gross Profit": 12,
        "Operating Income": 6,
        "EBIT": NaN,
        "Net Income": 4
    },
    "2017-06-30": {
        "Diluted EPS": 0.37,
        "Total Revenue": 13,
        "Gross Profit": 12,
        "Operating Income": 5,
        "EBIT": NaN,
        "Net Income": 3
    },
    "2017-03-31": {
        "Diluted EPS": 0.39,
        "Total Revenue": 13,
        "Gross Profit": 12,
        "Operating Income": 5,
        "EBIT": NaN,
        "Net Income": 4
    },
    "2016-12-31": {
        "Diluted EPS": 0.43,
        "Total Revenue": 13,
        "Gross Profit": 12,
        "Operating Income": 6,
        "EBIT": NaN,
        "Net Income": 4
    },
    "2016-09-30": {
        "Diluted EPS": 0.41,
        "Total Revenue": 13,
        "Gross Profit": 12,
        "Operating Income": 6,
        "EBIT": NaN,
        "Net Income": 4
    },
    "2016-06-30": {
        "Diluted EPS": 0.44,
        "Total Revenue": 13,
        "Gross Profit": 12,
        "Operating Income": 6,
        "EBIT": NaN,
        "Net Income": 4
    },
    "2016-03-31": {
        "Diluted EPS": 0.41,
        "Total Revenue": 13,
        "Gross Profit": 12,
        "Operating Income": 5,
        "EBIT": NaN,
        "Net Income": 4
    },
    "2015-12-31": {
        "Diluted EPS": 0.42,
        "Total Revenue": 13,
        "Gross Profit": 12,
        "Operating Income": 5,
        "EBIT": NaN,
        "Net Income": 4
    },
    "2015-09-30": {
        "Diluted EPS": 0.44,
        "Total Revenue": 13,
        "Gross Profit": 12,
        "Operating Income": 6,
        "EBIT": NaN,
        "Net Income": 4
    },
    "2015-06-30": {
        "Diluted EPS": 0.36,
        "Total Revenue": 13,
        "Gross Profit": 12,
        "Operating Income": 5,
        "EBIT": NaN,
        "Net Income": 3
    },
    "2015-03-31": {
        "Diluted EPS": 0.39,
        "Total Revenue": 12,
        "Gross Profit": 11,
        "Operating Income": 5,
        "EBIT": NaN,
        "Net Income": 4
    },
    "2014-12-31": {
        "Diluted EPS": 0.34,
        "Total Revenue": 14,
        "Gross Profit": 12,
        "Operating Income": 4,
        "EBIT": NaN,
        "Net Income": 3
    },
    "2014-09-30": {
        "Diluted EPS": 0.4,
        "Total Revenue": 12,
        "Gross Profit": 11,
        "Operating Income": 5,
        "EBIT": NaN,
        "Net Income": 4
    },
    "2014-06-30": {
        "Diluted EPS": 0.41,
        "Total Revenue": 12,
        "Gross Profit": 11,
        "Operating Income": 5,
        "EBIT": NaN,
        "Net Income": 4
    },
    "2014-03-31": {
        "Diluted EPS": 0.49,
        "Total Revenue": 13,
        "Gross Profit": 12,
        "Operating Income": 6,
        "EBIT": NaN,
        "Net Income": 5
    },
    "2013-12-31": {
        "Diluted EPS": 0.36,
        "Total Revenue": 12,
        "Gross Profit": 11,
        "Operating Income": 5,
        "EBIT": NaN,
        "Net Income": 3
    },
    "2013-09-30": {
        "Diluted EPS": 0.4,
        "Total Revenue": 12,
        "Gross Profit": 10,
        "Operating Income": 5,
        "EBIT": NaN,
        "Net Income": 4
    },
    "2013-06-30": {
        "Diluted EPS": 0.35,
        "Total Revenue": 11,
        "Gross Profit": 10,
        "Operating Income": 4,
        "EBIT": NaN,
        "Net Income": 3
    },
    "2013-03-31": {
        "Diluted EPS": 0.39,
        "Total Revenue": 11,
        "Gross Profit": 10,
        "Operating Income": 5,
        "EBIT": NaN,
        "Net Income": 4
    },
    "2012-12-31": {
        "Diluted EPS": 0.37,
        "Total Revenue": 11,
        "Gross Profit": 10,
        "Operating Income": 5,
        "EBIT": NaN,
        "Net Income": 3
    },
    "2012-09-30": {
        "Diluted EPS": 0.41,
        "Total Revenue": 12,
        "Gross Profit": 10,
        "Operating Income": 5,
        "EBIT": NaN,
        "Net Income": 4
    },
    "2012-06-30": {
        "Diluted EPS": 0.36,
        "Total Revenue": 11,
        "Gross Profit": 10,
        "Operating Income": 4,
        "EBIT": NaN,
        "Net Income": 3
    },
    "2012-03-31": {
        "Diluted EPS": 0.38,
        "Total Revenue": 11,
        "Gross Profit": 10,
        "Operating Income": 5,
        "EBIT": NaN,
        "Net Income": 4
    },
    "2011-12-31": {
        "Diluted EPS": 0.39,
        "Total Revenue": 11,
        "Gross Profit": 9,
        "Operating Income": 5,
        "EBIT": NaN,
        "Net Income": 4
    },
    "2011-09-30": {
        "Diluted EPS": 0.38,
        "Total Revenue": 11,
        "Gross Profit": 10,
        "Operating Income": 5,
        "EBIT": NaN,
        "Net Income": 4
    },
    "2011-06-30": {
        "Diluted EPS": 0.34,
        "Total Revenue": 11,
        "Gross Profit": 9,
        "Operating Income": 4,
        "EBIT": NaN,
        "Net Income": 3
    },
    "2011-03-31": {
        "Diluted EPS": 0.37,
        "Total Revenue": 11,
        "Gross Profit": 9,
        "Operating Income": 5,
        "EBIT": NaN,
        "Net Income": 3
    },
    "2010-12-31": {
        "Diluted EPS": 0.31,
        "Total Revenue": 11,
        "Gross Profit": 9,
        "Operating Income": 4,
        "EBIT": NaN,
        "Net Income": 3
    },
    "2010-09-30": {
        "Diluted EPS": 0.38,
        "Total Revenue": 11,
        "Gross Profit": 9,
        "Operating Income": 5,
        "EBIT": NaN,
        "Net Income": 4
    },
    "2010-06-30": {
        "Diluted EPS": 0.33,
        "Total Revenue": 11,
        "Gross Profit": 9,
        "Operating Income": 4,
        "EBIT": NaN,
        "Net Income": 3
    },
    "2010-03-31": {
        "Diluted EPS": 0.35,
        "Total Revenue": 11,
        "Gross Profit": 9,
        "Operating Income": 4,
        "EBIT": NaN,
        "Net Income": 3
    },
    "2009-12-31": {
        "Diluted EPS": 0.16,
        "Total Revenue": 11,
        "Gross Profit": 9,
        "Operating Income": 2,
        "EBIT": NaN,
        "Net Income": 2
    },
    "2009-09-30": {
        "Diluted EPS": 0.27,
        "Total Revenue": 12,
        "Gross Profit": 9,
        "Operating Income": 3,
        "EBIT": NaN,
        "Net Income": 3
    },
    "2009-06-30": {
        "Diluted EPS": 0.26,
        "Total Revenue": 12,
        "Gross Profit": 9,
        "Operating Income": 3,
        "EBIT": NaN,
        "Net Income": 2
    },
    "2009-03-31": {
        "Diluted EPS": 0.26,
        "Total Revenue": 11,
        "Gross Profit": 8,
        "Operating Income": 3,
        "EBIT": NaN,
        "Net Income": 2
    }
}