{
    "2023-06-30": {
        "Tax Effect Of Unusual Items": NaN,
        "Tax Rate For Calcs": NaN,
        "Normalized EBITDA": NaN,
        "Total Unusual Items": 0.0,
        "Total Unusual Items Excluding Goodwill": 0.0,
        "Net Income From Continuing Operation Net Minority Interest": NaN,
        "Reconciled Depreciation": NaN,
        "Reconciled Cost Of Revenue": NaN,
        "EBITDA": NaN,
        "EBIT": NaN,
        "Net Interest Income": NaN,
        "Interest Expense": NaN,
        "Interest Income": NaN,
        "Normalized Income": NaN,
        "Net Income From Continuing And Discontinued Operation": NaN,
        "Total Expenses": NaN,
        "Total Operating Income As Reported": NaN,
        "Diluted Average Shares": NaN,
        "Basic Average Shares": NaN,
        "Diluted EPS": NaN,
        "Basic EPS": NaN,
        "Diluted NI Availto Com Stockholders": NaN,
        "Net Income Common Stockholders": NaN,
        "Net Income": NaN,
        "Net Income Including Noncontrolling Interests": NaN,
        "Net Income Continuous Operations": NaN,
        "Tax Provision": NaN,
        "Pretax Income": NaN,
        "Other Income Expense": NaN,
        "Other Non Operating Income Expenses": NaN,
        "Special Income Charges": 0.0,
        "Other Special Charges": NaN,
        "Net Non Operating Interest Income Expense": NaN,
        "Interest Expense Non Operating": NaN,
        "Interest Income Non Operating": NaN,
        "Operating Income": NaN,
        "Operating Expense": NaN,
        "Research And Development": NaN,
        "Selling General And Administration": NaN,
        "Gross Profit": NaN,
        "Cost Of Revenue": NaN,
        "Total Revenue": NaN,
        "Operating Revenue": NaN
    },
    "2023-03-31": {
        "Tax Effect Of Unusual Items": NaN,
        "Tax Rate For Calcs": NaN,
        "Normalized EBITDA": NaN,
        "Total Unusual Items": 0.0,
        "Total Unusual Items Excluding Goodwill": 0.0,
        "Net Income From Continuing Operation Net Minority Interest": NaN,
        "Reconciled Depreciation": NaN,
        "Reconciled Cost Of Revenue": NaN,
        "EBITDA": NaN,
        "EBIT": NaN,
        "Net Interest Income": NaN,
        "Interest Expense": NaN,
        "Interest Income": NaN,
        "Normalized Income": NaN,
        "Net Income From Continuing And Discontinued Operation": NaN,
        "Total Expenses": NaN,
        "Total Operating Income As Reported": NaN,
        "Diluted Average Shares": NaN,
        "Basic Average Shares": NaN,
        "Diluted EPS": NaN,
        "Basic EPS": NaN,
        "Diluted NI Availto Com Stockholders": NaN,
        "Net Income Common Stockholders": NaN,
        "Net Income": NaN,
        "Net Income Including Noncontrolling Interests": NaN,
        "Net Income Continuous Operations": NaN,
        "Tax Provision": NaN,
        "Pretax Income": NaN,
        "Other Income Expense": NaN,
        "Other Non Operating Income Expenses": NaN,
        "Special Income Charges": 0.0,
        "Other Special Charges": NaN,
        "Net Non Operating Interest Income Expense": NaN,
        "Interest Expense Non Operating": NaN,
        "Interest Income Non Operating": NaN,
        "Operating Income": NaN,
        "Operating Expense": NaN,
        "Research And Development": NaN,
        "Selling General And Administration": NaN,
        "Gross Profit": NaN,
        "Cost Of Revenue": NaN,
        "Total Revenue": NaN,
        "Operating Revenue": NaN
    },
    "2022-12-31": {
        "Tax Effect Of Unusual Items": NaN,
        "Tax Rate For Calcs": NaN,
        "Normalized EBITDA": NaN,
        "Total Unusual Items": 0.0,
        "Total Unusual Items Excluding Goodwill": 0.0,
        "Net Income From Continuing Operation Net Minority Interest": NaN,
        "Reconciled Depreciation": NaN,
        "Reconciled Cost Of Revenue": NaN,
        "EBITDA": NaN,
        "EBIT": NaN,
        "Net Interest Income": NaN,
        "Interest Expense": NaN,
        "Interest Income": NaN,
        "Normalized Income": NaN,
        "Net Income From Continuing And Discontinued Operation": NaN,
        "Total Expenses": NaN,
        "Total Operating Income As Reported": NaN,
        "Diluted Average Shares": NaN,
        "Basic Average Shares": NaN,
        "Diluted EPS": NaN,
        "Basic EPS": NaN,
        "Diluted NI Availto Com Stockholders": NaN,
        "Net Income Common Stockholders": NaN,
        "Net Income": NaN,
        "Net Income Including Noncontrolling Interests": NaN,
        "Net Income Continuous Operations": NaN,
        "Tax Provision": NaN,
        "Pretax Income": NaN,
        "Other Income Expense": NaN,
        "Other Non Operating Income Expenses": NaN,
        "Special Income Charges": 0.0,
        "Other Special Charges": NaN,
        "Impairment Of Capital Assets": 0.0,
        "Restructuring And Mergern Acquisition": 0.0,
        "Net Non Operating Interest Income Expense": NaN,
        "Interest Expense Non Operating": NaN,
        "Interest Income Non Operating": NaN,
        "Operating Income": NaN,
        "Operating Expense": NaN,
        "Research And Development": NaN,
        "Selling General And Administration": NaN,
        "Gross Profit": NaN,
        "Cost Of Revenue": NaN,
        "Total Revenue": NaN,
        "Operating Revenue": NaN
    },
    "2022-09-30": {
        "Tax Effect Of Unusual Items": NaN,
        "Tax Rate For Calcs": NaN,
        "Normalized EBITDA": NaN,
        "Total Unusual Items": 0.0,
        "Total Unusual Items Excluding Goodwill": 0.0,
        "Net Income From Continuing Operation Net Minority Interest": NaN,
        "Reconciled Depreciation": NaN,
        "Reconciled Cost Of Revenue": NaN,
        "EBITDA": NaN,
        "EBIT": NaN,
        "Net Interest Income": NaN,
        "Interest Expense": NaN,
        "Interest Income": NaN,
        "Normalized Income": NaN,
        "Net Income From Continuing And Discontinued Operation": NaN,
        "Total Expenses": NaN,
        "Total Operating Income As Reported": NaN,
        "Diluted Average Shares": NaN,
        "Basic Average Shares": NaN,
        "Diluted EPS": NaN,
        "Basic EPS": NaN,
        "Diluted NI Availto Com Stockholders": NaN,
        "Net Income Common Stockholders": NaN,
        "Net Income": NaN,
        "Net Income Including Noncontrolling Interests": NaN,
        "Net Income Continuous Operations": NaN,
        "Tax Provision": NaN,
        "Pretax Income": NaN,
        "Other Income Expense": NaN,
        "Other Non Operating Income Expenses": NaN,
        "Special Income Charges": 0.0,
        "Other Special Charges": NaN,
        "Impairment Of Capital Assets": 0.0,
        "Restructuring And Mergern Acquisition": 0.0,
        "Net Non Operating Interest Income Expense": NaN,
        "Interest Expense Non Operating": NaN,
        "Interest Income Non Operating": NaN,
        "Operating Income": NaN,
        "Operating Expense": NaN,
        "Research And Development": NaN,
        "Selling General And Administration": NaN,
        "Gross Profit": NaN,
        "Cost Of Revenue": NaN,
        "Total Revenue": NaN,
        "Operating Revenue": NaN
    },
    "2022-06-30": {
        "Tax Effect Of Unusual Items": 0.0,
        "Tax Rate For Calcs": 0.4,
        "Normalized EBITDA": -13660000.0,
        "Total Unusual Items": NaN,
        "Total Unusual Items Excluding Goodwill": NaN,
        "Net Income From Continuing Operation Net Minority Interest": -14841000.0,
        "Reconciled Depreciation": 2937000.0,
        "Reconciled Cost Of Revenue": 21010000.0,
        "EBITDA": -13660000.0,
        "EBIT": -13660000.0,
        "Net Interest Income": -1025000.0,
        "Interest Expense": 1101000.0,
        "Interest Income": 76000.0,
        "Normalized Income": -14841000.0,
        "Net Income From Continuing And Discontinued Operation": -14841000.0,
        "Total Expenses": 98189000.0,
        "Total Operating Income As Reported": -13660000.0,
        "Diluted Average Shares": 45692000.0,
        "Basic Average Shares": 45692000.0,
        "Diluted EPS": -0.32,
        "Basic EPS": -0.32,
        "Diluted NI Availto Com Stockholders": -14841000.0,
        "Net Income Common Stockholders": -14841000.0,
        "Net Income": -14841000.0,
        "Net Income Including Noncontrolling Interests": -14841000.0,
        "Net Income Continuous Operations": -14841000.0,
        "Tax Provision": 45000.0,
        "Pretax Income": -14796000.0,
        "Other Income Expense": -1136000.0,
        "Other Non Operating Income Expenses": -1136000.0,
        "Special Income Charges": NaN,
        "Impairment Of Capital Assets": NaN,
        "Restructuring And Mergern Acquisition": NaN,
        "Net Non Operating Interest Income Expense": -1025000.0,
        "Interest Expense Non Operating": 1101000.0,
        "Interest Income Non Operating": 76000.0,
        "Operating Income": -13660000.0,
        "Operating Expense": 77179000.0,
        "Research And Development": 14791000.0,
        "Selling General And Administration": 62388000.0,
        "Gross Profit": 63519000.0,
        "Cost Of Revenue": 21010000.0,
        "Total Revenue": 84529000.0,
        "Operating Revenue": 84529000.0
    },
    "2022-03-31": {
        "Diluted EPS": -0.33,
        "Total Revenue": 75,
        "Gross Profit": 56,
        "Operating Income": -14,
        "EBIT": -11,
        "Net Income": -15
    },
    "2021-12-31": {
        "Diluted EPS": -0.28,
        "Total Revenue": 73,
        "Gross Profit": 55,
        "Operating Income": -13,
        "EBIT": -9,
        "Net Income": -14
    },
    "2021-09-30": {
        "Diluted EPS": 2.11,
        "Total Revenue": 70,
        "Gross Profit": 52,
        "Operating Income": 99,
        "EBIT": 185,
        "Net Income": 97
    },
    "2021-06-30": {
        "Diluted EPS": -0.36,
        "Total Revenue": 71,
        "Gross Profit": 54,
        "Operating Income": -15,
        "EBIT": -12,
        "Net Income": -16
    },
    "2021-03-31": {
        "Diluted EPS": -0.38,
        "Total Revenue": 59,
        "Gross Profit": 45,
        "Operating Income": -16,
        "EBIT": -13,
        "Net Income": -17
    },
    "2020-12-31": {
        "Diluted EPS": -0.41,
        "Total Revenue": 58,
        "Gross Profit": 42,
        "Operating Income": -18,
        "EBIT": -15,
        "Net Income": -19
    },
    "2020-09-30": {
        "Diluted EPS": -0.11,
        "Total Revenue": 55,
        "Gross Profit": 40,
        "Operating Income": -4,
        "EBIT": -1,
        "Net Income": -5
    },
    "2020-06-30": {
        "Diluted EPS": -0.2,
        "Total Revenue": 41,
        "Gross Profit": 28,
        "Operating Income": -7,
        "EBIT": -5,
        "Net Income": -8
    },
    "2020-03-31": {
        "Diluted EPS": -0.42,
        "Total Revenue": 53,
        "Gross Profit": 39,
        "Operating Income": -15,
        "EBIT": -13,
        "Net Income": -16
    },
    "2019-12-31": {
        "Diluted EPS": -0.43,
        "Total Revenue": 61,
        "Gross Profit": 45,
        "Operating Income": -15,
        "EBIT": -13,
        "Net Income": -16
    },
    "2019-09-30": {
        "Diluted EPS": -0.25,
        "Total Revenue": 57,
        "Gross Profit": 42,
        "Operating Income": -9,
        "EBIT": -6,
        "Net Income": -9
    },
    "2019-06-30": {
        "Diluted EPS": -0.11,
        "Total Revenue": 59,
        "Gross Profit": 44,
        "Operating Income": -4,
        "EBIT": -2,
        "Net Income": -4
    },
    "2019-03-31": {
        "Diluted EPS": -0.15,
        "Total Revenue": 54,
        "Gross Profit": 40,
        "Operating Income": -5,
        "EBIT": -3,
        "Net Income": -6
    },
    "2018-12-31": {
        "Diluted EPS": -0.08,
        "Total Revenue": 53,
        "Gross Profit": 39,
        "Operating Income": -3,
        "EBIT": 0,
        "Net Income": -3
    },
    "2018-09-30": {
        "Diluted EPS": -0.22,
        "Total Revenue": 50,
        "Gross Profit": 36,
        "Operating Income": -6,
        "EBIT": -4,
        "Net Income": -7
    },
    "2018-06-30": {
        "Diluted EPS": -0.01,
        "Total Revenue": 52,
        "Gross Profit": 38,
        "Operating Income": 1,
        "EBIT": 3,
        "Net Income": 0
    },
    "2018-03-31": {
        "Diluted EPS": -0.31,
        "Total Revenue": 47,
        "Gross Profit": 35,
        "Operating Income": -9,
        "EBIT": -7,
        "Net Income": -10
    },
    "2017-12-31": {
        "Diluted EPS": -0.08,
        "Total Revenue": 46,
        "Gross Profit": 33,
        "Operating Income": -2,
        "EBIT": 0,
        "Net Income": -3
    },
    "2017-09-30": {
        "Diluted EPS": -0.22,
        "Total Revenue": 42,
        "Gross Profit": 31,
        "Operating Income": -7,
        "EBIT": -5,
        "Net Income": -7
    },
    "2017-06-30": {
        "Diluted EPS": -0.21,
        "Total Revenue": 45,
        "Gross Profit": 33,
        "Operating Income": -6,
        "EBIT": -4,
        "Net Income": -7
    },
    "2017-03-31": {
        "Diluted EPS": -0.32,
        "Total Revenue": 41,
        "Gross Profit": 30,
        "Operating Income": -10,
        "EBIT": -7,
        "Net Income": -10
    },
    "2016-12-31": {
        "Diluted EPS": -0.27,
        "Total Revenue": 41,
        "Gross Profit": 29,
        "Operating Income": -8,
        "EBIT": -5,
        "Net Income": -9
    },
    "2016-09-30": {
        "Diluted EPS": -0.21,
        "Total Revenue": 38,
        "Gross Profit": 27,
        "Operating Income": -6,
        "EBIT": -4,
        "Net Income": -7
    },
    "2016-06-30": {
        "Diluted EPS": -0.26,
        "Total Revenue": 40,
        "Gross Profit": 29,
        "Operating Income": -8,
        "EBIT": -5,
        "Net Income": -8
    },
    "2016-03-31": {
        "Diluted EPS": -0.31,
        "Total Revenue": 36,
        "Gross Profit": 26,
        "Operating Income": -9,
        "EBIT": -7,
        "Net Income": -10
    },
    "2015-12-31": {
        "Diluted EPS": -0.38,
        "Total Revenue": 36,
        "Gross Profit": 26,
        "Operating Income": -11,
        "EBIT": -8,
        "Net Income": -11
    },
    "2015-09-30": {
        "Diluted EPS": -0.22,
        "Total Revenue": 31,
        "Gross Profit": 22,
        "Operating Income": -6,
        "EBIT": -4,
        "Net Income": -6
    },
    "2015-06-30": {
        "Diluted EPS": -0.18,
        "Total Revenue": 33,
        "Gross Profit": 23,
        "Operating Income": -5,
        "EBIT": -3,
        "Net Income": -5
    },
    "2015-03-31": {
        "Diluted EPS": -0.19,
        "Total Revenue": 30,
        "Gross Profit": 22,
        "Operating Income": -5,
        "EBIT": -4,
        "Net Income": -5
    },
    "2014-12-31": {
        "Diluted EPS": -0.18,
        "Total Revenue": 29,
        "Gross Profit": 20,
        "Operating Income": -5,
        "EBIT": -3,
        "Net Income": -5
    },
    "2014-09-30": {
        "Diluted EPS": -0.02,
        "Total Revenue": 27,
        "Gross Profit": 19,
        "Operating Income": -1,
        "EBIT": 1,
        "Net Income": 0
    },
    "2014-06-30": {
        "Diluted EPS": -0.1,
        "Total Revenue": 27,
        "Gross Profit": 19,
        "Operating Income": -3,
        "EBIT": -2,
        "Net Income": -3
    },
    "2014-03-31": {
        "Diluted EPS": -0.31,
        "Total Revenue": 25,
        "Gross Profit": 18,
        "Operating Income": -8,
        "EBIT": -7,
        "Net Income": -8
    },
    "2013-12-31": {
        "Diluted EPS": -0.24,
        "Total Revenue": 22,
        "Gross Profit": 16,
        "Operating Income": -5,
        "EBIT": -4,
        "Net Income": -5
    },
    "2013-09-30": {
        "Diluted EPS": -0.13,
        "Total Revenue": 20,
        "Gross Profit": 15,
        "Operating Income": -3,
        "EBIT": -2,
        "Net Income": -3
    },
    "2013-06-30": {
        "Diluted EPS": -0.09,
        "Total Revenue": 20,
        "Gross Profit": 15,
        "Operating Income": -2,
        "EBIT": -1,
        "Net Income": -2
    },
    "2013-03-31": {
        "Diluted EPS": -0.1,
        "Total Revenue": 19,
        "Gross Profit": 14,
        "Operating Income": -2,
        "EBIT": -1,
        "Net Income": -2
    },
    "2012-12-31": {
        "Diluted EPS": -0.13,
        "Total Revenue": 18,
        "Gross Profit": 13,
        "Operating Income": -2,
        "EBIT": -1,
        "Net Income": -2
    },
    "2012-09-30": {
        "Diluted EPS": -0.16,
        "Total Revenue": 16,
        "Gross Profit": 12,
        "Operating Income": -3,
        "EBIT": -2,
        "Net Income": -3
    },
    "2012-06-30": {
        "Diluted EPS": -0.08,
        "Total Revenue": 18,
        "Gross Profit": 13,
        "Operating Income": -1,
        "EBIT": -1,
        "Net Income": -1
    },
    "2012-03-31": {
        "Diluted EPS": -0.1,
        "Total Revenue": 17,
        "Gross Profit": 13,
        "Operating Income": -1,
        "EBIT": -1,
        "Net Income": -2
    },
    "2011-12-31": {
        "Diluted EPS": -0.14,
        "Total Revenue": 17,
        "Gross Profit": 12,
        "Operating Income": -2,
        "EBIT": -1,
        "Net Income": -2
    },
    "2011-09-30": {
        "Diluted EPS": -0.07,
        "Total Revenue": 15,
        "Gross Profit": 11,
        "Operating Income": -1,
        "EBIT": -1,
        "Net Income": -1
    },
    "2011-06-30": {
        "Diluted EPS": -0.06,
        "Total Revenue": 17,
        "Gross Profit": 12,
        "Operating Income": -1,
        "EBIT": 0,
        "Net Income": -1
    },
    "2011-03-31": {
        "Diluted EPS": -0.08,
        "Total Revenue": 16,
        "Gross Profit": 12,
        "Operating Income": -1,
        "EBIT": 0,
        "Net Income": -1
    },
    "2010-12-31": {
        "Diluted EPS": 0.0,
        "Total Revenue": 16,
        "Gross Profit": 12,
        "Operating Income": 0,
        "EBIT": 0,
        "Net Income": 0
    },
    "2010-09-30": {
        "Diluted EPS": -0.07,
        "Total Revenue": 14,
        "Gross Profit": 11,
        "Operating Income": -1,
        "EBIT": 0,
        "Net Income": -1
    },
    "2010-06-30": {
        "Diluted EPS": -0.05,
        "Total Revenue": 14,
        "Gross Profit": 11,
        "Operating Income": 0,
        "EBIT": 0,
        "Net Income": -1
    },
    "2010-03-31": {
        "Diluted EPS": -0.13,
        "Total Revenue": 14,
        "Gross Profit": 11,
        "Operating Income": -2,
        "EBIT": -1,
        "Net Income": -2
    },
    "2009-12-31": {
        "Diluted EPS": -0.15,
        "Total Revenue": 14,
        "Gross Profit": 10,
        "Operating Income": -2,
        "EBIT": -1,
        "Net Income": -2
    },
    "2009-09-30": {
        "Diluted EPS": -0.32,
        "Total Revenue": 13,
        "Gross Profit": 10,
        "Operating Income": -4,
        "EBIT": -4,
        "Net Income": -5
    },
    "2009-06-30": {
        "Diluted EPS": -0.1,
        "Total Revenue": 14,
        "Gross Profit": 11,
        "Operating Income": -1,
        "EBIT": 0,
        "Net Income": -1
    },
    "2009-03-31": {
        "Diluted EPS": -0.56,
        "Total Revenue": 14,
        "Gross Profit": 11,
        "Operating Income": -8,
        "EBIT": -1,
        "Net Income": -8
    },
    "2023-09-30": {
        "Tax Effect Of Unusual Items": 0.0,
        "Tax Rate For Calcs": 0.21,
        "Normalized EBITDA": -3125000.0,
        "Total Unusual Items": 0.0,
        "Total Unusual Items Excluding Goodwill": 0.0,
        "Net Income From Continuing Operation Net Minority Interest": -9055000.0,
        "Reconciled Depreciation": 4111000.0,
        "Reconciled Cost Of Revenue": 24421000.0,
        "EBITDA": -3125000.0,
        "EBIT": -7236000.0,
        "Net Interest Income": -857000.0,
        "Interest Expense": 1772000.0,
        "Interest Income": 915000.0,
        "Normalized Income": -9055000.0,
        "Net Income From Continuing And Discontinued Operation": -9055000.0,
        "Total Expenses": 106379000.0,
        "Total Operating Income As Reported": -8089000.0,
        "Diluted Average Shares": 46411000.0,
        "Basic Average Shares": 46411000.0,
        "Diluted EPS": -0.2,
        "Basic EPS": -0.2,
        "Diluted NI Availto Com Stockholders": -9055000.0,
        "Net Income Common Stockholders": -9055000.0,
        "Net Income": -9055000.0,
        "Net Income Including Noncontrolling Interests": -9055000.0,
        "Net Income Continuous Operations": -9055000.0,
        "Tax Provision": 47000.0,
        "Pretax Income": -9008000.0,
        "Other Income Expense": -62000.0,
        "Other Non Operating Income Expenses": -62000.0,
        "Special Income Charges": 0.0,
        "Other Special Charges": NaN,
        "Net Non Operating Interest Income Expense": -857000.0,
        "Interest Expense Non Operating": 1772000.0,
        "Interest Income Non Operating": 915000.0,
        "Operating Income": -8089000.0,
        "Operating Expense": 81958000.0,
        "Research And Development": 20354000.0,
        "Selling General And Administration": 61604000.0,
        "Gross Profit": 73869000.0,
        "Cost Of Revenue": 24421000.0,
        "Total Revenue": 98290000.0,
        "Operating Revenue": 98290000.0
    },
    "2023-12-31": {
        "Tax Effect Of Unusual Items": 0.0,
        "Tax Rate For Calcs": 0.21,
        "Normalized EBITDA": -3439000.0,
        "Total Unusual Items": NaN,
        "Total Unusual Items Excluding Goodwill": NaN,
        "Net Income From Continuing Operation Net Minority Interest": -9789000.0,
        "Reconciled Depreciation": 4179000.0,
        "Reconciled Cost Of Revenue": 26728000.0,
        "EBITDA": -3439000.0,
        "EBIT": -7618000.0,
        "Net Interest Income": -757000.0,
        "Interest Expense": 1798000.0,
        "Interest Income": 1041000.0,
        "Normalized Income": -9789000.0,
        "Net Income From Continuing And Discontinued Operation": -9789000.0,
        "Total Expenses": 115211000.0,
        "Total Operating Income As Reported": -8668000.0,
        "Diluted Average Shares": 46447000.0,
        "Basic Average Shares": 46447000.0,
        "Diluted EPS": -0.21,
        "Basic EPS": -0.21,
        "Diluted NI Availto Com Stockholders": -9789000.0,
        "Net Income Common Stockholders": -9789000.0,
        "Net Income": -9789000.0,
        "Net Income Including Noncontrolling Interests": -9789000.0,
        "Net Income Continuous Operations": -9789000.0,
        "Tax Provision": 373000.0,
        "Pretax Income": -9416000.0,
        "Other Income Expense": 9000.0,
        "Other Non Operating Income Expenses": 9000.0,
        "Special Income Charges": NaN,
        "Other Special Charges": NaN,
        "Net Non Operating Interest Income Expense": -757000.0,
        "Interest Expense Non Operating": 1798000.0,
        "Interest Income Non Operating": 1041000.0,
        "Operating Income": -8668000.0,
        "Operating Expense": 88483000.0,
        "Research And Development": 20796000.0,
        "Selling General And Administration": 67687000.0,
        "Gross Profit": 79815000.0,
        "Cost Of Revenue": 26728000.0,
        "Total Revenue": 106543000.0,
        "Operating Revenue": 106543000.0
    },
    "2024-03-31": {
        "Tax Effect Of Unusual Items": -286020.0,
        "Tax Rate For Calcs": 0.21,
        "Normalized EBITDA": -5595000.0,
        "Total Unusual Items": -1362000.0,
        "Total Unusual Items Excluding Goodwill": -1362000.0,
        "Net Income From Continuing Operation Net Minority Interest": -13269000.0,
        "Reconciled Depreciation": 4452000.0,
        "Reconciled Cost Of Revenue": 27583000.0,
        "EBITDA": -6957000.0,
        "EBIT": -11409000.0,
        "Net Interest Income": -725000.0,
        "Interest Expense": 1677000.0,
        "Interest Income": 952000.0,
        "Normalized Income": -12193020.0,
        "Net Income From Continuing And Discontinued Operation": -13269000.0,
        "Total Expenses": 119768000.0,
        "Total Operating Income As Reported": -10917000.0,
        "Diluted Average Shares": 46719000.0,
        "Basic Average Shares": 46719000.0,
        "Diluted EPS": -0.28,
        "Basic EPS": -0.28,
        "Diluted NI Availto Com Stockholders": -13269000.0,
        "Net Income Common Stockholders": -13269000.0,
        "Net Income": -13269000.0,
        "Net Income Including Noncontrolling Interests": -13269000.0,
        "Net Income Continuous Operations": -13269000.0,
        "Tax Provision": 183000.0,
        "Pretax Income": -13086000.0,
        "Other Income Expense": -1444000.0,
        "Other Non Operating Income Expenses": -82000.0,
        "Special Income Charges": -1362000.0,
        "Other Special Charges": 1362000.0,
        "Net Non Operating Interest Income Expense": -725000.0,
        "Interest Expense Non Operating": 1677000.0,
        "Interest Income Non Operating": 952000.0,
        "Operating Income": -10917000.0,
        "Operating Expense": 92185000.0,
        "Research And Development": 19845000.0,
        "Selling General And Administration": 72340000.0,
        "Gross Profit": 81268000.0,
        "Cost Of Revenue": 27583000.0,
        "Total Revenue": 108851000.0,
        "Operating Revenue": 108851000.0
    },
    "2024-06-30": {
        "Tax Effect Of Unusual Items": 0.0,
        "Tax Rate For Calcs": 0.21,
        "Normalized EBITDA": -1616000.0,
        "Total Unusual Items": 0.0,
        "Total Unusual Items Excluding Goodwill": 0.0,
        "Net Income From Continuing Operation Net Minority Interest": -8008000.0,
        "Reconciled Depreciation": 4527000.0,
        "Reconciled Cost Of Revenue": 29425000.0,
        "EBITDA": -1616000.0,
        "EBIT": -6143000.0,
        "Net Interest Income": -615000.0,
        "Interest Expense": 1612000.0,
        "Interest Income": 997000.0,
        "Normalized Income": -8008000.0,
        "Net Income From Continuing And Discontinued Operation": -8008000.0,
        "Total Expenses": 123437000.0,
        "Total Operating Income As Reported": -7168000.0,
        "Diluted Average Shares": 46909000.0,
        "Basic Average Shares": 46909000.0,
        "Diluted EPS": -0.17,
        "Basic EPS": -0.17,
        "Diluted NI Availto Com Stockholders": -8008000.0,
        "Net Income Common Stockholders": -8008000.0,
        "Net Income": -8008000.0,
        "Net Income Including Noncontrolling Interests": -8008000.0,
        "Net Income Continuous Operations": -8008000.0,
        "Tax Provision": 253000.0,
        "Pretax Income": -7755000.0,
        "Other Income Expense": 28000.0,
        "Other Non Operating Income Expenses": 28000.0,
        "Special Income Charges": 0.0,
        "Other Special Charges": NaN,
        "Net Non Operating Interest Income Expense": -615000.0,
        "Interest Expense Non Operating": 1612000.0,
        "Interest Income Non Operating": 997000.0,
        "Operating Income": -7168000.0,
        "Operating Expense": 94012000.0,
        "Research And Development": 20416000.0,
        "Selling General And Administration": 73596000.0,
        "Gross Profit": 86844000.0,
        "Cost Of Revenue": 29425000.0,
        "Total Revenue": 116269000.0,
        "Operating Revenue": 116269000.0
    },
    "2024-09-30": {
        "Tax Effect Of Unusual Items": 0.0,
        "Tax Rate For Calcs": 0.21,
        "Normalized EBITDA": -936000.0,
        "Total Unusual Items": 0.0,
        "Total Unusual Items Excluding Goodwill": 0.0,
        "Net Income From Continuing Operation Net Minority Interest": -7853000.0,
        "Reconciled Depreciation": 4928000.0,
        "Reconciled Cost Of Revenue": 29117000.0,
        "EBITDA": -936000.0,
        "EBIT": -5864000.0,
        "Net Interest Income": -386000.0,
        "Interest Expense": 1667000.0,
        "Interest Income": 1281000.0,
        "Normalized Income": -7853000.0,
        "Net Income From Continuing And Discontinued Operation": -7853000.0,
        "Total Expenses": 123315000.0,
        "Total Operating Income As Reported": -7405000.0,
        "Diluted Average Shares": 47105000.0,
        "Basic Average Shares": 47105000.0,
        "Diluted EPS": -0.17,
        "Basic EPS": -0.17,
        "Diluted NI Availto Com Stockholders": -7853000.0,
        "Net Income Common Stockholders": -7853000.0,
        "Net Income": -7853000.0,
        "Net Income Including Noncontrolling Interests": -7853000.0,
        "Net Income Continuous Operations": -7853000.0,
        "Tax Provision": 322000.0,
        "Pretax Income": -7531000.0,
        "Other Income Expense": 260000.0,
        "Other Non Operating Income Expenses": 260000.0,
        "Special Income Charges": 0.0,
        "Other Special Charges": NaN,
        "Net Non Operating Interest Income Expense": -386000.0,
        "Interest Expense Non Operating": 1667000.0,
        "Interest Income Non Operating": 1281000.0,
        "Operating Income": -7405000.0,
        "Operating Expense": 94198000.0,
        "Research And Development": 20960000.0,
        "Selling General And Administration": 73238000.0,
        "Gross Profit": 86793000.0,
        "Cost Of Revenue": 29117000.0,
        "Total Revenue": 115910000.0,
        "Operating Revenue": 115910000.0
    }
}