{
    "2023-03-31": {
        "Tax Effect Of Unusual Items": NaN,
        "Tax Rate For Calcs": NaN,
        "Normalized EBITDA": NaN,
        "Total Unusual Items": NaN,
        "Total Unusual Items Excluding Goodwill": NaN,
        "Net Income From Continuing Operation Net Minority Interest": NaN,
        "Reconciled Depreciation": NaN,
        "Reconciled Cost Of Revenue": NaN,
        "EBITDA": NaN,
        "EBIT": NaN,
        "Net Interest Income": NaN,
        "Interest Expense": NaN,
        "Interest Income": NaN,
        "Normalized Income": NaN,
        "Net Income From Continuing And Discontinued Operation": NaN,
        "Total Expenses": NaN,
        "Total Operating Income As Reported": NaN,
        "Diluted Average Shares": 1763000.0,
        "Basic Average Shares": 1762000.0,
        "Diluted EPS": 1.98,
        "Basic EPS": 1.98,
        "Diluted NI Availto Com Stockholders": NaN,
        "Net Income Common Stockholders": NaN,
        "Net Income": NaN,
        "Net Income Including Noncontrolling Interests": NaN,
        "Net Income Continuous Operations": NaN,
        "Tax Provision": NaN,
        "Pretax Income": NaN,
        "Other Income Expense": NaN,
        "Other Non Operating Income Expenses": 10000.0,
        "Gain On Sale Of Security": NaN,
        "Net Non Operating Interest Income Expense": NaN,
        "Interest Expense Non Operating": NaN,
        "Interest Income Non Operating": NaN,
        "Operating Income": NaN,
        "Operating Expense": NaN,
        "Research And Development": NaN,
        "Selling General And Administration": NaN,
        "Selling And Marketing Expense": NaN,
        "General And Administrative Expense": NaN,
        "Other Gand A": NaN,
        "Gross Profit": NaN,
        "Cost Of Revenue": NaN,
        "Total Revenue": NaN,
        "Operating Revenue": NaN
    },
    "2022-12-31": {
        "Tax Effect Of Unusual Items": NaN,
        "Tax Rate For Calcs": NaN,
        "Normalized EBITDA": NaN,
        "Total Unusual Items": NaN,
        "Total Unusual Items Excluding Goodwill": NaN,
        "Net Income From Continuing Operation Net Minority Interest": NaN,
        "Reconciled Depreciation": NaN,
        "Reconciled Cost Of Revenue": NaN,
        "EBITDA": NaN,
        "EBIT": NaN,
        "Net Interest Income": NaN,
        "Interest Expense": NaN,
        "Interest Income": NaN,
        "Normalized Income": NaN,
        "Net Income From Continuing And Discontinued Operation": NaN,
        "Total Expenses": NaN,
        "Total Operating Income As Reported": NaN,
        "Diluted Average Shares": 1771000.0,
        "Basic Average Shares": 1770000.0,
        "Diluted EPS": 4.7,
        "Basic EPS": 4.7,
        "Diluted NI Availto Com Stockholders": NaN,
        "Net Income Common Stockholders": NaN,
        "Net Income": NaN,
        "Net Income Including Noncontrolling Interests": NaN,
        "Net Income Continuous Operations": NaN,
        "Tax Provision": NaN,
        "Pretax Income": NaN,
        "Other Income Expense": NaN,
        "Other Non Operating Income Expenses": 0.0,
        "Gain On Sale Of Security": NaN,
        "Net Non Operating Interest Income Expense": NaN,
        "Interest Expense Non Operating": NaN,
        "Interest Income Non Operating": NaN,
        "Operating Income": NaN,
        "Operating Expense": NaN,
        "Research And Development": NaN,
        "Selling General And Administration": NaN,
        "Selling And Marketing Expense": NaN,
        "General And Administrative Expense": NaN,
        "Other Gand A": NaN,
        "Gross Profit": NaN,
        "Cost Of Revenue": NaN,
        "Total Revenue": NaN,
        "Operating Revenue": NaN
    },
    "2022-09-30": {
        "Tax Effect Of Unusual Items": NaN,
        "Tax Rate For Calcs": NaN,
        "Normalized EBITDA": NaN,
        "Total Unusual Items": NaN,
        "Total Unusual Items Excluding Goodwill": NaN,
        "Net Income From Continuing Operation Net Minority Interest": NaN,
        "Reconciled Depreciation": NaN,
        "Reconciled Cost Of Revenue": NaN,
        "EBITDA": NaN,
        "EBIT": NaN,
        "Net Interest Income": NaN,
        "Interest Expense": 0.0,
        "Interest Income": NaN,
        "Normalized Income": NaN,
        "Net Income From Continuing And Discontinued Operation": NaN,
        "Total Expenses": NaN,
        "Total Operating Income As Reported": NaN,
        "Diluted Average Shares": NaN,
        "Basic Average Shares": NaN,
        "Diluted EPS": NaN,
        "Basic EPS": NaN,
        "Diluted NI Availto Com Stockholders": NaN,
        "Net Income Common Stockholders": NaN,
        "Net Income": NaN,
        "Net Income Including Noncontrolling Interests": NaN,
        "Net Income Continuous Operations": NaN,
        "Tax Provision": NaN,
        "Pretax Income": NaN,
        "Other Income Expense": NaN,
        "Other Non Operating Income Expenses": NaN,
        "Gain On Sale Of Security": NaN,
        "Net Non Operating Interest Income Expense": NaN,
        "Interest Expense Non Operating": 0.0,
        "Interest Income Non Operating": NaN,
        "Operating Income": NaN,
        "Operating Expense": NaN,
        "Research And Development": NaN,
        "Selling General And Administration": NaN,
        "Selling And Marketing Expense": NaN,
        "General And Administrative Expense": NaN,
        "Other Gand A": NaN,
        "Gross Profit": NaN,
        "Cost Of Revenue": NaN,
        "Total Revenue": NaN,
        "Operating Revenue": NaN
    },
    "2022-06-30": {
        "Tax Effect Of Unusual Items": -48048.0,
        "Tax Rate For Calcs": 0.156,
        "Normalized EBITDA": 14783000.0,
        "Total Unusual Items": -308000.0,
        "Total Unusual Items Excluding Goodwill": -308000.0,
        "Net Income From Continuing Operation Net Minority Interest": 9348000.0,
        "Reconciled Depreciation": 3446000.0,
        "Reconciled Cost Of Revenue": 28049000.0,
        "EBITDA": 14475000.0,
        "EBIT": 11029000.0,
        "Net Interest Income": 292000.0,
        "Interest Expense": NaN,
        "Interest Income": 292000.0,
        "Normalized Income": 9607952.0,
        "Net Income From Continuing And Discontinued Operation": 9348000.0,
        "Total Expenses": 37853000.0,
        "Total Operating Income As Reported": 11029000.0,
        "Diluted Average Shares": 1798000.0,
        "Basic Average Shares": 1794000.0,
        "Diluted EPS": 5.2,
        "Basic EPS": 5.21,
        "Diluted NI Availto Com Stockholders": 9348000.0,
        "Net Income Common Stockholders": 9348000.0,
        "Net Income": 9348000.0,
        "Net Income Including Noncontrolling Interests": 9348000.0,
        "Net Income Continuous Operations": 9348000.0,
        "Tax Provision": 1725000.0,
        "Pretax Income": 11073000.0,
        "Other Income Expense": -248000.0,
        "Other Non Operating Income Expenses": 60000.0,
        "Gain On Sale Of Security": -308000.0,
        "Net Non Operating Interest Income Expense": 292000.0,
        "Interest Expense Non Operating": NaN,
        "Interest Income Non Operating": 292000.0,
        "Operating Income": 11029000.0,
        "Operating Expense": 9804000.0,
        "Research And Development": 1553000.0,
        "Selling General And Administration": 8251000.0,
        "Selling And Marketing Expense": 2629000.0,
        "General And Administrative Expense": 5622000.0,
        "Other Gand A": 5622000.0,
        "Gross Profit": 20833000.0,
        "Cost Of Revenue": 28049000.0,
        "Total Revenue": 48882000.0,
        "Operating Revenue": 48882000.0
    },
    "2022-03-31": {
        "Diluted EPS": 4.71,
        "Total Revenue": 47,
        "Gross Profit": 19,
        "Operating Income": 10,
        "EBIT": 14,
        "Net Income": 8
    },
    "2021-12-31": {
        "Diluted EPS": 4.5,
        "Total Revenue": 40,
        "Gross Profit": 17,
        "Operating Income": 8,
        "EBIT": 11,
        "Net Income": 8
    },
    "2021-09-30": {
        "Diluted EPS": 4.58,
        "Total Revenue": 43,
        "Gross Profit": 18,
        "Operating Income": 9,
        "EBIT": 13,
        "Net Income": 8
    },
    "2021-06-30": {
        "Diluted EPS": 4.88,
        "Total Revenue": 43,
        "Gross Profit": 18,
        "Operating Income": 10,
        "EBIT": 13,
        "Net Income": 9
    },
    "2021-03-31": {
        "Diluted EPS": 4.22,
        "Total Revenue": 39,
        "Gross Profit": 16,
        "Operating Income": 9,
        "EBIT": 12,
        "Net Income": 8
    },
    "2020-12-31": {
        "Diluted EPS": 4.02,
        "Total Revenue": 32,
        "Gross Profit": 14,
        "Operating Income": 6,
        "EBIT": 9,
        "Net Income": 7
    },
    "2020-09-30": {
        "Diluted EPS": 3.95,
        "Total Revenue": 34,
        "Gross Profit": 15,
        "Operating Income": 8,
        "EBIT": 11,
        "Net Income": 7
    },
    "2020-06-30": {
        "Diluted EPS": 4.68,
        "Total Revenue": 38,
        "Gross Profit": 17,
        "Operating Income": 10,
        "EBIT": 13,
        "Net Income": 9
    },
    "2020-03-31": {
        "Diluted EPS": 4.79,
        "Total Revenue": 44,
        "Gross Profit": 20,
        "Operating Income": 12,
        "EBIT": 14,
        "Net Income": 9
    },
    "2019-12-31": {
        "Diluted EPS": 4.33,
        "Total Revenue": 34,
        "Gross Profit": 16,
        "Operating Income": 8,
        "EBIT": 11,
        "Net Income": 8
    },
    "2019-09-30": {
        "Diluted EPS": 5.15,
        "Total Revenue": 39,
        "Gross Profit": 18,
        "Operating Income": 10,
        "EBIT": 13,
        "Net Income": 10
    },
    "2019-06-30": {
        "Diluted EPS": 5.18,
        "Total Revenue": 40,
        "Gross Profit": 19,
        "Operating Income": 11,
        "EBIT": 14,
        "Net Income": 10
    },
    "2019-03-31": {
        "Diluted EPS": 5.07,
        "Total Revenue": 42,
        "Gross Profit": 19,
        "Operating Income": 11,
        "EBIT": 14,
        "Net Income": 9
    },
    "2018-12-31": {
        "Diluted EPS": 4.17,
        "Total Revenue": 35,
        "Gross Profit": 16,
        "Operating Income": 8,
        "EBIT": 11,
        "Net Income": 8
    },
    "2018-09-30": {
        "Diluted EPS": 4.96,
        "Total Revenue": 39,
        "Gross Profit": 18,
        "Operating Income": 11,
        "EBIT": 13,
        "Net Income": 9
    },
    "2018-06-30": {
        "Diluted EPS": 4.74,
        "Total Revenue": 39,
        "Gross Profit": 19,
        "Operating Income": 11,
        "EBIT": 14,
        "Net Income": 9
    },
    "2018-03-31": {
        "Diluted EPS": 4.57,
        "Total Revenue": 39,
        "Gross Profit": 19,
        "Operating Income": 11,
        "EBIT": 14,
        "Net Income": 8
    },
    "2017-12-31": {
        "Diluted EPS": 4.66,
        "Total Revenue": 34,
        "Gross Profit": 16,
        "Operating Income": 8,
        "EBIT": 11,
        "Net Income": 9
    },
    "2017-09-30": {
        "Diluted EPS": 4.29,
        "Total Revenue": 38,
        "Gross Profit": 18,
        "Operating Income": 11,
        "EBIT": 14,
        "Net Income": 8
    },
    "2017-06-30": {
        "Diluted EPS": 5.4,
        "Total Revenue": 36,
        "Gross Profit": 18,
        "Operating Income": 10,
        "EBIT": 12,
        "Net Income": 10
    },
    "2017-03-31": {
        "Diluted EPS": 5.36,
        "Total Revenue": 39,
        "Gross Profit": 19,
        "Operating Income": 11,
        "EBIT": 13,
        "Net Income": 10
    },
    "2016-12-31": {
        "Diluted EPS": 2.99,
        "Total Revenue": 33,
        "Gross Profit": 15,
        "Operating Income": 8,
        "EBIT": 10,
        "Net Income": 6
    },
    "2016-09-30": {
        "Diluted EPS": 4.1,
        "Total Revenue": 38,
        "Gross Profit": 18,
        "Operating Income": 11,
        "EBIT": 13,
        "Net Income": 8
    },
    "2016-06-30": {
        "Diluted EPS": 4.02,
        "Total Revenue": 36,
        "Gross Profit": 17,
        "Operating Income": 10,
        "EBIT": 12,
        "Net Income": 7
    },
    "2016-03-31": {
        "Diluted EPS": 3.74,
        "Total Revenue": 36,
        "Gross Profit": 18,
        "Operating Income": 10,
        "EBIT": 13,
        "Net Income": 7
    },
    "2015-12-31": {
        "Diluted EPS": 3.28,
        "Total Revenue": 32,
        "Gross Profit": 15,
        "Operating Income": 8,
        "EBIT": 10,
        "Net Income": 6
    },
    "2015-09-30": {
        "Diluted EPS": 4.19,
        "Total Revenue": 37,
        "Gross Profit": 18,
        "Operating Income": 12,
        "EBIT": 14,
        "Net Income": 8
    },
    "2015-06-30": {
        "Diluted EPS": 3.99,
        "Total Revenue": 38,
        "Gross Profit": 19,
        "Operating Income": 11,
        "EBIT": 13,
        "Net Income": 7
    },
    "2015-03-31": {
        "Diluted EPS": 4.01,
        "Total Revenue": 38,
        "Gross Profit": 19,
        "Operating Income": 11,
        "EBIT": 14,
        "Net Income": 8
    },
    "2014-12-31": {
        "Diluted EPS": 3.08,
        "Total Revenue": 33,
        "Gross Profit": 16,
        "Operating Income": 9,
        "EBIT": 11,
        "Net Income": 6
    },
    "2014-09-30": {
        "Diluted EPS": 3.91,
        "Total Revenue": 37,
        "Gross Profit": 18,
        "Operating Income": 11,
        "EBIT": 13,
        "Net Income": 8
    },
    "2014-06-30": {
        "Diluted EPS": 3.48,
        "Total Revenue": 35,
        "Gross Profit": 17,
        "Operating Income": 10,
        "EBIT": 12,
        "Net Income": 7
    },
    "2014-03-31": {
        "Diluted EPS": 3.61,
        "Total Revenue": 36,
        "Gross Profit": 17,
        "Operating Income": 11,
        "EBIT": 13,
        "Net Income": 7
    },
    "2013-12-31": {
        "Diluted EPS": 2.87,
        "Total Revenue": 32,
        "Gross Profit": 15,
        "Operating Income": 8,
        "EBIT": 11,
        "Net Income": 6
    },
    "2013-09-30": {
        "Diluted EPS": 3.81,
        "Total Revenue": 34,
        "Gross Profit": 17,
        "Operating Income": 11,
        "EBIT": 13,
        "Net Income": 8
    },
    "2013-06-30": {
        "Diluted EPS": 3.22,
        "Total Revenue": 33,
        "Gross Profit": 16,
        "Operating Income": 9,
        "EBIT": 12,
        "Net Income": 7
    },
    "2013-03-31": {
        "Diluted EPS": 3.28,
        "Total Revenue": 33,
        "Gross Profit": 16,
        "Operating Income": 9,
        "EBIT": 12,
        "Net Income": 7
    },
    "2012-12-31": {
        "Diluted EPS": 2.4,
        "Total Revenue": 28,
        "Gross Profit": 13,
        "Operating Income": 7,
        "EBIT": 9,
        "Net Income": 5
    },
    "2012-09-30": {
        "Diluted EPS": 3.59,
        "Total Revenue": 31,
        "Gross Profit": 15,
        "Operating Income": 10,
        "EBIT": 12,
        "Net Income": 7
    },
    "2012-06-30": {
        "Diluted EPS": 3.02,
        "Total Revenue": 31,
        "Gross Profit": 15,
        "Operating Income": 9,
        "EBIT": 11,
        "Net Income": 6
    },
    "2012-03-31": {
        "Diluted EPS": 2.65,
        "Total Revenue": 29,
        "Gross Profit": 14,
        "Operating Income": 8,
        "EBIT": 10,
        "Net Income": 5
    },
    "2011-12-31": {
        "Diluted EPS": 2.65,
        "Total Revenue": 26,
        "Gross Profit": 13,
        "Operating Income": 8,
        "EBIT": 9,
        "Net Income": 5
    },
    "2011-09-30": {
        "Diluted EPS": 3.33,
        "Total Revenue": 30,
        "Gross Profit": 15,
        "Operating Income": 10,
        "EBIT": 12,
        "Net Income": 7
    },
    "2011-06-30": {
        "Diluted EPS": 3.46,
        "Total Revenue": 31,
        "Gross Profit": 16,
        "Operating Income": 10,
        "EBIT": 12,
        "Net Income": 7
    },
    "2011-03-31": {
        "Diluted EPS": 3.38,
        "Total Revenue": 31,
        "Gross Profit": 16,
        "Operating Income": 10,
        "EBIT": 12,
        "Net Income": 7
    },
    "2010-12-31": {
        "Diluted EPS": 2.68,
        "Total Revenue": 27,
        "Gross Profit": 13,
        "Operating Income": 8,
        "EBIT": 9,
        "Net Income": 5
    },
    "2010-09-30": {
        "Diluted EPS": 2.66,
        "Total Revenue": 27,
        "Gross Profit": 13,
        "Operating Income": 8,
        "EBIT": 10,
        "Net Income": 5
    },
    "2010-06-30": {
        "Diluted EPS": 2.67,
        "Total Revenue": 28,
        "Gross Profit": 13,
        "Operating Income": 8,
        "EBIT": 10,
        "Net Income": 5
    },
    "2010-03-31": {
        "Diluted EPS": 2.31,
        "Total Revenue": 27,
        "Gross Profit": 12,
        "Operating Income": 7,
        "EBIT": 9,
        "Net Income": 5
    },
    "2009-12-31": {
        "Diluted EPS": 1.8,
        "Total Revenue": 24,
        "Gross Profit": 11,
        "Operating Income": 5,
        "EBIT": 7,
        "Net Income": 4
    },
    "2009-09-30": {
        "Diluted EPS": 2.2,
        "Total Revenue": 25,
        "Gross Profit": 11,
        "Operating Income": 7,
        "EBIT": 8,
        "Net Income": 4
    },
    "2009-06-30": {
        "Diluted EPS": 2.3,
        "Total Revenue": 26,
        "Gross Profit": 12,
        "Operating Income": 7,
        "EBIT": 9,
        "Net Income": 5
    },
    "2009-03-31": {
        "Diluted EPS": 2.06,
        "Total Revenue": 25,
        "Gross Profit": 11,
        "Operating Income": 6,
        "EBIT": 8,
        "Net Income": 4
    },
    "2023-06-30": {
        "Tax Effect Of Unusual Items": 13426.0,
        "Tax Rate For Calcs": 0.137,
        "Normalized EBITDA": 11290000.0,
        "Total Unusual Items": 98000.0,
        "Total Unusual Items Excluding Goodwill": 98000.0,
        "Net Income From Continuing Operation Net Minority Interest": 6563000.0,
        "Reconciled Depreciation": 3755000.0,
        "Reconciled Cost Of Revenue": 26584000.0,
        "EBITDA": 11388000.0,
        "EBIT": 7633000.0,
        "Net Interest Income": 100000.0,
        "Interest Expense": 27000.0,
        "Interest Income": 127000.0,
        "Normalized Income": 6478426.0,
        "Net Income From Continuing And Discontinued Operation": 6563000.0,
        "Total Expenses": 36459000.0,
        "Total Operating Income As Reported": 7379000.0,
        "Diluted Average Shares": 1761000.0,
        "Basic Average Shares": 1760000.0,
        "Diluted EPS": 3.73,
        "Basic EPS": 3.73,
        "Diluted NI Availto Com Stockholders": 6563000.0,
        "Net Income Common Stockholders": 6563000.0,
        "Net Income": 6563000.0,
        "Net Income Including Noncontrolling Interests": 6563000.0,
        "Net Income Continuous Operations": 6563000.0,
        "Tax Provision": 1043000.0,
        "Pretax Income": 7606000.0,
        "Other Income Expense": 127000.0,
        "Other Non Operating Income Expenses": 29000.0,
        "Gain On Sale Of Security": 98000.0,
        "Net Non Operating Interest Income Expense": 100000.0,
        "Interest Expense Non Operating": 27000.0,
        "Interest Income Non Operating": 127000.0,
        "Operating Income": 7379000.0,
        "Operating Expense": 9875000.0,
        "Research And Development": 1607000.0,
        "Selling General And Administration": 8268000.0,
        "Selling And Marketing Expense": 2317000.0,
        "General And Administrative Expense": 5951000.0,
        "Other Gand A": 5951000.0,
        "Gross Profit": 17254000.0,
        "Cost Of Revenue": 26584000.0,
        "Total Revenue": 43838000.0,
        "Operating Revenue": 43838000.0
    },
    "2023-09-30": {
        "Tax Effect Of Unusual Items": -126684.0,
        "Tax Rate For Calcs": 0.162,
        "Normalized EBITDA": 8212000.0,
        "Total Unusual Items": -782000.0,
        "Total Unusual Items Excluding Goodwill": -782000.0,
        "Net Income From Continuing Operation Net Minority Interest": 2939000.0,
        "Reconciled Depreciation": 3826000.0,
        "Reconciled Cost Of Revenue": 28175000.0,
        "EBITDA": 7430000.0,
        "EBIT": 3604000.0,
        "Net Interest Income": 223000.0,
        "Interest Expense": 97000.0,
        "Interest Income": 320000.0,
        "Normalized Income": 3594316.0,
        "Net Income From Continuing And Discontinued Operation": 2939000.0,
        "Total Expenses": 37845000.0,
        "Total Operating Income As Reported": 4066000.0,
        "Diluted Average Shares": 1761000.0,
        "Basic Average Shares": 1760000.0,
        "Diluted EPS": 1.67,
        "Basic EPS": 1.67,
        "Diluted NI Availto Com Stockholders": 2939000.0,
        "Net Income Common Stockholders": 2939000.0,
        "Net Income": 2939000.0,
        "Net Income Including Noncontrolling Interests": 2939000.0,
        "Net Income Continuous Operations": 2939000.0,
        "Tax Provision": 568000.0,
        "Pretax Income": 3507000.0,
        "Other Income Expense": -782000.0,
        "Other Non Operating Income Expenses": NaN,
        "Gain On Sale Of Security": -782000.0,
        "Net Non Operating Interest Income Expense": 223000.0,
        "Interest Expense Non Operating": 97000.0,
        "Interest Income Non Operating": 320000.0,
        "Operating Income": 4066000.0,
        "Operating Expense": 9670000.0,
        "Research And Development": 1869000.0,
        "Selling General And Administration": 7801000.0,
        "Selling And Marketing Expense": 2348000.0,
        "General And Administrative Expense": 5453000.0,
        "Other Gand A": 5453000.0,
        "Gross Profit": 13736000.0,
        "Cost Of Revenue": 28175000.0,
        "Total Revenue": 41911000.0,
        "Operating Revenue": 41911000.0
    },
    "2023-12-31": {
        "Tax Effect Of Unusual Items": 58336.087016,
        "Tax Rate For Calcs": 0.115517,
        "Normalized EBITDA": 10791000.0,
        "Total Unusual Items": 505000.0,
        "Total Unusual Items Excluding Goodwill": 505000.0,
        "Net Income From Continuing Operation Net Minority Interest": 6424000.0,
        "Reconciled Depreciation": 4008000.0,
        "Reconciled Cost Of Revenue": 27267000.0,
        "EBITDA": 11296000.0,
        "EBIT": 7288000.0,
        "Net Interest Income": 94000.0,
        "Interest Expense": 25000.0,
        "Interest Income": 119000.0,
        "Normalized Income": 5977336.087016,
        "Net Income From Continuing And Discontinued Operation": 6424000.0,
        "Total Expenses": 36920000.0,
        "Total Operating Income As Reported": 6664000.0,
        "Diluted Average Shares": NaN,
        "Basic Average Shares": NaN,
        "Diluted EPS": NaN,
        "Basic EPS": NaN,
        "Diluted NI Availto Com Stockholders": 6424000.0,
        "Net Income Common Stockholders": 6424000.0,
        "Net Income": 6424000.0,
        "Net Income Including Noncontrolling Interests": 6424000.0,
        "Net Income Continuous Operations": 6424000.0,
        "Tax Provision": 839000.0,
        "Pretax Income": 7263000.0,
        "Other Income Expense": 505000.0,
        "Other Non Operating Income Expenses": 0.0,
        "Gain On Sale Of Security": 505000.0,
        "Net Non Operating Interest Income Expense": 94000.0,
        "Interest Expense Non Operating": 25000.0,
        "Interest Income Non Operating": 119000.0,
        "Operating Income": 6664000.0,
        "Operating Expense": 9653000.0,
        "Research And Development": 1585000.0,
        "Selling General And Administration": 8068000.0,
        "Selling And Marketing Expense": 2534000.0,
        "General And Administrative Expense": 5534000.0,
        "Other Gand A": 5534000.0,
        "Gross Profit": 16317000.0,
        "Cost Of Revenue": 27267000.0,
        "Total Revenue": 43584000.0,
        "Operating Revenue": 43584000.0
    },
    "2024-03-31": {
        "Tax Effect Of Unusual Items": -13952.0,
        "Tax Rate For Calcs": 0.128,
        "Normalized EBITDA": 7194000.0,
        "Total Unusual Items": -109000.0,
        "Total Unusual Items Excluding Goodwill": -109000.0,
        "Net Income From Continuing Operation Net Minority Interest": 2792000.0,
        "Reconciled Depreciation": 3943000.0,
        "Reconciled Cost Of Revenue": 34983000.0,
        "EBITDA": 7085000.0,
        "EBIT": 3142000.0,
        "Net Interest Income": 156000.0,
        "Interest Expense": NaN,
        "Interest Income": 156000.0,
        "Normalized Income": 2887048.0,
        "Net Income From Continuing And Discontinued Operation": 2792000.0,
        "Total Expenses": 44192000.0,
        "Total Operating Income As Reported": 3142000.0,
        "Diluted Average Shares": 1761000.0,
        "Basic Average Shares": 1760000.0,
        "Diluted EPS": 1.59,
        "Basic EPS": 1.59,
        "Diluted NI Availto Com Stockholders": 2792000.0,
        "Net Income Common Stockholders": 2792000.0,
        "Net Income": 2792000.0,
        "Net Income Including Noncontrolling Interests": 2792000.0,
        "Net Income Continuous Operations": 2792000.0,
        "Tax Provision": 411000.0,
        "Pretax Income": 3203000.0,
        "Other Income Expense": -95000.0,
        "Other Non Operating Income Expenses": 14000.0,
        "Gain On Sale Of Security": -109000.0,
        "Net Non Operating Interest Income Expense": 156000.0,
        "Interest Expense Non Operating": NaN,
        "Interest Income Non Operating": 156000.0,
        "Operating Income": 3142000.0,
        "Operating Expense": 9209000.0,
        "Research And Development": 1650000.0,
        "Selling General And Administration": 7559000.0,
        "Selling And Marketing Expense": 2772000.0,
        "General And Administrative Expense": 4787000.0,
        "Other Gand A": 4787000.0,
        "Gross Profit": 12351000.0,
        "Cost Of Revenue": 34983000.0,
        "Total Revenue": 47334000.0,
        "Operating Revenue": 47334000.0
    },
    "2024-06-30": {
        "Tax Effect Of Unusual Items": -1626.0,
        "Tax Rate For Calcs": 0.003,
        "Normalized EBITDA": 4961000.0,
        "Total Unusual Items": -542000.0,
        "Total Unusual Items Excluding Goodwill": -542000.0,
        "Net Income From Continuing Operation Net Minority Interest": 402000.0,
        "Reconciled Depreciation": 4016000.0,
        "Reconciled Cost Of Revenue": 32926000.0,
        "EBITDA": 4419000.0,
        "EBIT": 403000.0,
        "Net Interest Income": 388000.0,
        "Interest Expense": 0.0,
        "Interest Income": 388000.0,
        "Normalized Income": 942374.0,
        "Net Income From Continuing And Discontinued Operation": 402000.0,
        "Total Expenses": 48239000.0,
        "Total Operating Income As Reported": 534000.0,
        "Diluted Average Shares": 1763000.0,
        "Basic Average Shares": 1761000.0,
        "Diluted EPS": 0.23,
        "Basic EPS": 0.23,
        "Diluted NI Availto Com Stockholders": 402000.0,
        "Net Income Common Stockholders": 402000.0,
        "Net Income": 402000.0,
        "Net Income Including Noncontrolling Interests": 402000.0,
        "Net Income Continuous Operations": 402000.0,
        "Tax Provision": 1000.0,
        "Pretax Income": 403000.0,
        "Other Income Expense": -519000.0,
        "Other Non Operating Income Expenses": 23000.0,
        "Gain On Sale Of Security": -542000.0,
        "Net Non Operating Interest Income Expense": 388000.0,
        "Interest Expense Non Operating": 0.0,
        "Interest Income Non Operating": 388000.0,
        "Operating Income": 534000.0,
        "Operating Expense": 15313000.0,
        "Research And Development": 1320000.0,
        "Selling General And Administration": 13993000.0,
        "Selling And Marketing Expense": 2714000.0,
        "General And Administrative Expense": 11279000.0,
        "Other Gand A": 11279000.0,
        "Gross Profit": 15847000.0,
        "Cost Of Revenue": 32926000.0,
        "Total Revenue": 48773000.0,
        "Operating Revenue": 48773000.0
    }
}