{
    "2024-03-31": {
        "Tax Effect Of Unusual Items": 0.0,
        "Tax Rate For Calcs": 0.0,
        "Normalized EBITDA": -15866000.0,
        "Net Income From Continuing Operation Net Minority Interest": -15491000.0,
        "Reconciled Depreciation": 770000.0,
        "EBITDA": -15866000.0,
        "EBIT": -16636000.0,
        "Normalized Income": -15491000.0,
        "Net Income From Continuing And Discontinued Operation": -15491000.0,
        "Total Expenses": 16871000.0,
        "Total Operating Income As Reported": -16636000.0,
        "Diluted Average Shares": 66080593.0,
        "Basic Average Shares": 66080593.0,
        "Diluted EPS": -0.23,
        "Basic EPS": -0.23,
        "Diluted NI Availto Com Stockholders": -15491000.0,
        "Net Income Common Stockholders": -15491000.0,
        "Net Income": -15491000.0,
        "Minority Interests": -4000.0,
        "Net Income Including Noncontrolling Interests": -15487000.0,
        "Net Income Continuous Operations": -15487000.0,
        "Pretax Income": -15487000.0,
        "Other Income Expense": 1149000.0,
        "Other Non Operating Income Expenses": 1149000.0,
        "Operating Income": -16636000.0,
        "Operating Expense": 16871000.0,
        "Research And Development": 13364000.0,
        "Selling General And Administration": 3507000.0,
        "General And Administrative Expense": 3507000.0,
        "Other Gand A": 3507000.0,
        "Total Revenue": 235000.0,
        "Operating Revenue": 235000.0
    },
    "2023-12-31": {
        "Tax Effect Of Unusual Items": 0.0,
        "Tax Rate For Calcs": 0.0,
        "Normalized EBITDA": -15552000.0,
        "Net Income From Continuing Operation Net Minority Interest": -14760000.0,
        "Reconciled Depreciation": 407000.0,
        "EBITDA": -15552000.0,
        "EBIT": -15959000.0,
        "Normalized Income": -14760000.0,
        "Net Income From Continuing And Discontinued Operation": -14760000.0,
        "Total Expenses": 15959000.0,
        "Total Operating Income As Reported": -15959000.0,
        "Diluted Average Shares": NaN,
        "Basic Average Shares": NaN,
        "Diluted EPS": NaN,
        "Basic EPS": NaN,
        "Diluted NI Availto Com Stockholders": -14760000.0,
        "Net Income Common Stockholders": -14760000.0,
        "Net Income": -14760000.0,
        "Minority Interests": 1000.0,
        "Net Income Including Noncontrolling Interests": -14761000.0,
        "Net Income Continuous Operations": -14761000.0,
        "Pretax Income": -14761000.0,
        "Other Income Expense": 1198000.0,
        "Other Non Operating Income Expenses": 1198000.0,
        "Operating Income": -15959000.0,
        "Operating Expense": 15959000.0,
        "Research And Development": 12755000.0,
        "Selling General And Administration": 3204000.0,
        "General And Administrative Expense": 3204000.0,
        "Other Gand A": 3204000.0,
        "Total Revenue": 0.0,
        "Operating Revenue": 0.0
    },
    "2023-09-30": {
        "Tax Effect Of Unusual Items": 0.0,
        "Tax Rate For Calcs": 0.0,
        "Normalized EBITDA": -11622000.0,
        "Net Income From Continuing Operation Net Minority Interest": -11340000.0,
        "Reconciled Depreciation": 993000.0,
        "EBITDA": -11622000.0,
        "EBIT": -12615000.0,
        "Normalized Income": -11340000.0,
        "Net Income From Continuing And Discontinued Operation": -11340000.0,
        "Total Expenses": 12968000.0,
        "Total Operating Income As Reported": -12615000.0,
        "Diluted Average Shares": 57885393.0,
        "Basic Average Shares": 57885393.0,
        "Diluted EPS": -0.2,
        "Basic EPS": -0.2,
        "Diluted NI Availto Com Stockholders": -11340000.0,
        "Net Income Common Stockholders": -11340000.0,
        "Net Income": -11340000.0,
        "Minority Interests": 2000.0,
        "Net Income Including Noncontrolling Interests": -11342000.0,
        "Net Income Continuous Operations": -11342000.0,
        "Pretax Income": -11342000.0,
        "Other Income Expense": 1273000.0,
        "Other Non Operating Income Expenses": 1273000.0,
        "Operating Income": -12615000.0,
        "Operating Expense": 12968000.0,
        "Research And Development": 10319000.0,
        "Selling General And Administration": 2649000.0,
        "General And Administrative Expense": 2649000.0,
        "Other Gand A": 2649000.0,
        "Total Revenue": 353000.0,
        "Operating Revenue": 353000.0
    },
    "2023-06-30": {
        "Tax Effect Of Unusual Items": NaN,
        "Tax Rate For Calcs": NaN,
        "Normalized EBITDA": NaN,
        "Net Income From Continuing Operation Net Minority Interest": NaN,
        "Reconciled Depreciation": NaN,
        "EBITDA": NaN,
        "EBIT": NaN,
        "Normalized Income": NaN,
        "Net Income From Continuing And Discontinued Operation": NaN,
        "Total Expenses": NaN,
        "Total Operating Income As Reported": NaN,
        "Diluted Average Shares": 55143805.0,
        "Basic Average Shares": 55143805.0,
        "Diluted EPS": -0.22,
        "Basic EPS": -0.22,
        "Diluted NI Availto Com Stockholders": NaN,
        "Net Income Common Stockholders": NaN,
        "Net Income": NaN,
        "Minority Interests": NaN,
        "Net Income Including Noncontrolling Interests": NaN,
        "Net Income Continuous Operations": NaN,
        "Pretax Income": NaN,
        "Other Income Expense": NaN,
        "Other Non Operating Income Expenses": NaN,
        "Operating Income": NaN,
        "Operating Expense": NaN,
        "Research And Development": NaN,
        "Selling General And Administration": NaN,
        "General And Administrative Expense": NaN,
        "Other Gand A": NaN,
        "Total Revenue": NaN,
        "Operating Revenue": NaN
    },
    "2023-03-31": {
        "Tax Effect Of Unusual Items": NaN,
        "Tax Rate For Calcs": NaN,
        "Normalized EBITDA": NaN,
        "Net Income From Continuing Operation Net Minority Interest": NaN,
        "Reconciled Depreciation": NaN,
        "EBITDA": NaN,
        "EBIT": NaN,
        "Normalized Income": NaN,
        "Net Income From Continuing And Discontinued Operation": NaN,
        "Total Expenses": NaN,
        "Total Operating Income As Reported": NaN,
        "Diluted Average Shares": 41897706.0,
        "Basic Average Shares": 41897706.0,
        "Diluted EPS": -0.29,
        "Basic EPS": -0.29,
        "Diluted NI Availto Com Stockholders": NaN,
        "Net Income Common Stockholders": NaN,
        "Net Income": NaN,
        "Minority Interests": NaN,
        "Net Income Including Noncontrolling Interests": NaN,
        "Net Income Continuous Operations": NaN,
        "Pretax Income": NaN,
        "Other Income Expense": NaN,
        "Other Non Operating Income Expenses": NaN,
        "Operating Income": NaN,
        "Operating Expense": NaN,
        "Research And Development": NaN,
        "Selling General And Administration": NaN,
        "General And Administrative Expense": NaN,
        "Other Gand A": NaN,
        "Total Revenue": NaN,
        "Operating Revenue": NaN
    },
    "2022-12-31": {
        "Tax Effect Of Unusual Items": NaN,
        "Tax Rate For Calcs": NaN,
        "Normalized EBITDA": NaN,
        "Net Income From Continuing Operation Net Minority Interest": NaN,
        "Reconciled Depreciation": NaN,
        "EBITDA": NaN,
        "EBIT": NaN,
        "Normalized Income": NaN,
        "Net Income From Continuing And Discontinued Operation": NaN,
        "Total Expenses": NaN,
        "Total Operating Income As Reported": NaN,
        "Diluted Average Shares": 29116524.0,
        "Basic Average Shares": 29116524.0,
        "Diluted EPS": -0.26,
        "Basic EPS": -0.26,
        "Diluted NI Availto Com Stockholders": NaN,
        "Net Income Common Stockholders": NaN,
        "Net Income": NaN,
        "Minority Interests": NaN,
        "Net Income Including Noncontrolling Interests": NaN,
        "Net Income Continuous Operations": NaN,
        "Pretax Income": NaN,
        "Other Income Expense": NaN,
        "Other Non Operating Income Expenses": NaN,
        "Operating Income": NaN,
        "Operating Expense": NaN,
        "Research And Development": NaN,
        "Selling General And Administration": NaN,
        "General And Administrative Expense": NaN,
        "Other Gand A": NaN,
        "Total Revenue": NaN,
        "Operating Revenue": NaN
    },
    "2024-06-30": {
        "Tax Effect Of Unusual Items": 0.0,
        "Tax Rate For Calcs": 0.0,
        "Normalized EBITDA": -16932000.0,
        "Net Income From Continuing Operation Net Minority Interest": -16306000.0,
        "Reconciled Depreciation": 383000.0,
        "EBITDA": -16932000.0,
        "EBIT": -17315000.0,
        "Normalized Income": -16306000.0,
        "Net Income From Continuing And Discontinued Operation": -16306000.0,
        "Total Expenses": 17315000.0,
        "Total Operating Income As Reported": -17315000.0,
        "Diluted Average Shares": 72284351.0,
        "Basic Average Shares": 72284351.0,
        "Diluted EPS": -0.23,
        "Basic EPS": -0.23,
        "Diluted NI Availto Com Stockholders": -16306000.0,
        "Net Income Common Stockholders": -16306000.0,
        "Net Income": -16306000.0,
        "Minority Interests": 0.0,
        "Net Income Including Noncontrolling Interests": -16306000.0,
        "Net Income Continuous Operations": -16306000.0,
        "Pretax Income": -16306000.0,
        "Other Income Expense": 1009000.0,
        "Other Non Operating Income Expenses": 1009000.0,
        "Operating Income": -17315000.0,
        "Operating Expense": 17315000.0,
        "Research And Development": 13973000.0,
        "Selling General And Administration": 3342000.0,
        "General And Administrative Expense": 3342000.0,
        "Other Gand A": 3342000.0,
        "Total Revenue": 0.0,
        "Operating Revenue": 0.0
    },
    "2024-09-30": {
        "Tax Effect Of Unusual Items": 0.0,
        "Tax Rate For Calcs": 0.0,
        "Normalized EBITDA": -17755000.0,
        "Net Income From Continuing Operation Net Minority Interest": -17259000.0,
        "Reconciled Depreciation": 388000.0,
        "EBITDA": -17755000.0,
        "EBIT": -18143000.0,
        "Normalized Income": -17259000.0,
        "Net Income From Continuing And Discontinued Operation": -17259000.0,
        "Total Expenses": 18143000.0,
        "Total Operating Income As Reported": -18143000.0,
        "Diluted Average Shares": 75801666.0,
        "Basic Average Shares": 75801666.0,
        "Diluted EPS": -0.23,
        "Basic EPS": -0.23,
        "Diluted NI Availto Com Stockholders": -17259000.0,
        "Net Income Common Stockholders": -17259000.0,
        "Net Income": -17259000.0,
        "Minority Interests": 2000.0,
        "Net Income Including Noncontrolling Interests": -17261000.0,
        "Net Income Continuous Operations": -17261000.0,
        "Pretax Income": -17261000.0,
        "Other Income Expense": 882000.0,
        "Other Non Operating Income Expenses": 882000.0,
        "Operating Income": -18143000.0,
        "Operating Expense": 18143000.0,
        "Research And Development": 14807000.0,
        "Selling General And Administration": 3336000.0,
        "General And Administrative Expense": 3336000.0,
        "Other Gand A": 3336000.0,
        "Total Revenue": 0.0,
        "Operating Revenue": 0.0
    }
}