{
    "2023-06-30": {
        "Tax Effect Of Unusual Items": 0.0,
        "Tax Rate For Calcs": 0.144,
        "Total Unusual Items": NaN,
        "Total Unusual Items Excluding Goodwill": NaN,
        "Net Income From Continuing Operation Net Minority Interest": 55241000.0,
        "Reconciled Depreciation": 2216000.0,
        "Net Interest Income": 152084000.0,
        "Interest Expense": 78163000.0,
        "Interest Income": 230247000.0,
        "Normalized Income": 55241000.0,
        "Net Income From Continuing And Discontinued Operation": 55241000.0,
        "Diluted Average Shares": 74995557.0,
        "Basic Average Shares": 74995450.0,
        "Diluted EPS": 0.7,
        "Basic EPS": 0.7,
        "Diluted NI Availto Com Stockholders": 52274000.0,
        "Net Income Common Stockholders": 52274000.0,
        "Preferred Stock Dividends": 2967000.0,
        "Net Income": 55241000.0,
        "Net Income Including Noncontrolling Interests": 55241000.0,
        "Net Income Continuous Operations": 55241000.0,
        "Tax Provision": 9310000.0,
        "Pretax Income": 64551000.0,
        "Special Income Charges": NaN,
        "Gain On Sale Of Security": 2000.0,
        "Depreciation Amortization Depletion Income Statement": 2216000.0,
        "Depreciation And Amortization In Income Statement": 2216000.0,
        "Amortization": 2216000.0,
        "Amortization Of Intangibles Income Statement": 2216000.0,
        "Selling General And Administration": 68910000.0,
        "Selling And Marketing Expense": 2817000.0,
        "General And Administrative Expense": 66093000.0,
        "Other Gand A": NaN,
        "Insurance And Claims": 4074000.0,
        "Salaries And Wages": 62019000.0,
        "Total Revenue": 176281000.0,
        "Operating Revenue": 176281000.0
    },
    "2023-03-31": {
        "Tax Effect Of Unusual Items": 0.0,
        "Tax Rate For Calcs": 0.17,
        "Total Unusual Items": NaN,
        "Total Unusual Items Excluding Goodwill": NaN,
        "Net Income From Continuing Operation Net Minority Interest": 35653000.0,
        "Reconciled Depreciation": 2279000.0,
        "Net Interest Income": 153443000.0,
        "Interest Expense": 64103000.0,
        "Interest Income": 217546000.0,
        "Normalized Income": 35653000.0,
        "Net Income From Continuing And Discontinued Operation": 35653000.0,
        "Diluted Average Shares": 74835514.0,
        "Basic Average Shares": 74832141.0,
        "Diluted EPS": 0.44,
        "Basic EPS": 0.44,
        "Diluted NI Availto Com Stockholders": 32686000.0,
        "Net Income Common Stockholders": 32686000.0,
        "Preferred Stock Dividends": 2967000.0,
        "Net Income": 35653000.0,
        "Net Income Including Noncontrolling Interests": 35653000.0,
        "Net Income Continuous Operations": 35653000.0,
        "Tax Provision": 7294000.0,
        "Pretax Income": 42947000.0,
        "Special Income Charges": NaN,
        "Gain On Sale Of Security": -13400000.0,
        "Depreciation Amortization Depletion Income Statement": 2279000.0,
        "Depreciation And Amortization In Income Statement": 2279000.0,
        "Amortization": 2279000.0,
        "Amortization Of Intangibles Income Statement": 2279000.0,
        "Selling General And Administration": 66779000.0,
        "Selling And Marketing Expense": 2351000.0,
        "General And Administrative Expense": 64428000.0,
        "Other Gand A": NaN,
        "Insurance And Claims": 3899000.0,
        "Salaries And Wages": 60529000.0,
        "Total Revenue": 163071000.0,
        "Operating Revenue": 163071000.0
    },
    "2022-12-31": {
        "Tax Effect Of Unusual Items": 0.0,
        "Tax Rate For Calcs": 0.143,
        "Total Unusual Items": 0.0,
        "Total Unusual Items Excluding Goodwill": 0.0,
        "Net Income From Continuing Operation Net Minority Interest": 70524000.0,
        "Reconciled Depreciation": 2381000.0,
        "Net Interest Income": 163848000.0,
        "Interest Expense": 38220000.0,
        "Interest Income": 202068000.0,
        "Normalized Income": 70524000.0,
        "Net Income From Continuing And Discontinued Operation": 70524000.0,
        "Diluted Average Shares": 74713972.0,
        "Basic Average Shares": 74712040.0,
        "Diluted EPS": 0.9,
        "Basic EPS": 0.9,
        "Diluted NI Availto Com Stockholders": 67557000.0,
        "Net Income Common Stockholders": 67557000.0,
        "Preferred Stock Dividends": 2967000.0,
        "Net Income": 70524000.0,
        "Net Income Including Noncontrolling Interests": 70524000.0,
        "Net Income Continuous Operations": 70524000.0,
        "Tax Provision": 11777000.0,
        "Pretax Income": 82301000.0,
        "Special Income Charges": 0.0,
        "Gain On Sale Of Security": NaN,
        "Depreciation Amortization Depletion Income Statement": 2381000.0,
        "Depreciation And Amortization In Income Statement": 2381000.0,
        "Amortization": 2381000.0,
        "Amortization Of Intangibles Income Statement": 2381000.0,
        "Selling General And Administration": 62847000.0,
        "Selling And Marketing Expense": 2228000.0,
        "General And Administrative Expense": 60619000.0,
        "Other Gand A": NaN,
        "Insurance And Claims": 1896000.0,
        "Salaries And Wages": 58723000.0,
        "Total Revenue": 188348000.0,
        "Operating Revenue": 188348000.0
    },
    "2022-09-30": {
        "Tax Effect Of Unusual Items": 0.0,
        "Tax Rate For Calcs": 0.17,
        "Total Unusual Items": 0.0,
        "Total Unusual Items Excluding Goodwill": 0.0,
        "Net Income From Continuing Operation Net Minority Interest": 58070000.0,
        "Reconciled Depreciation": 2480000.0,
        "Net Interest Income": 150715000.0,
        "Interest Expense": 20441000.0,
        "Interest Income": 171156000.0,
        "Normalized Income": 58070000.0,
        "Net Income From Continuing And Discontinued Operation": 58070000.0,
        "Diluted Average Shares": 74705054.0,
        "Basic Average Shares": 74703699.0,
        "Diluted EPS": 0.74,
        "Basic EPS": 0.74,
        "Diluted NI Availto Com Stockholders": 55103000.0,
        "Net Income Common Stockholders": 55103000.0,
        "Preferred Stock Dividends": 2967000.0,
        "Net Income": 58070000.0,
        "Net Income Including Noncontrolling Interests": 58070000.0,
        "Net Income Continuous Operations": 58070000.0,
        "Tax Provision": 11894000.0,
        "Pretax Income": 69964000.0,
        "Special Income Charges": 0.0,
        "Gain On Sale Of Security": NaN,
        "Depreciation Amortization Depletion Income Statement": 2480000.0,
        "Depreciation And Amortization In Income Statement": 2480000.0,
        "Amortization": 2480000.0,
        "Amortization Of Intangibles Income Statement": 2480000.0,
        "Selling General And Administration": 70310000.0,
        "Selling And Marketing Expense": 2343000.0,
        "General And Administrative Expense": 67967000.0,
        "Other Gand A": 8273000.0,
        "Insurance And Claims": 3094000.0,
        "Salaries And Wages": 56600000.0,
        "Total Revenue": 176299000.0,
        "Operating Revenue": 176299000.0
    },
    "2022-06-30": {
        "Tax Effect Of Unusual Items": 0.0,
        "Tax Rate For Calcs": 0.167,
        "Total Unusual Items": 0.0,
        "Total Unusual Items Excluding Goodwill": 0.0,
        "Net Income From Continuing Operation Net Minority Interest": 62226000.0,
        "Reconciled Depreciation": 2915000.0,
        "Net Interest Income": 138767000.0,
        "Interest Expense": 9988000.0,
        "Interest Income": 148755000.0,
        "Normalized Income": 62226000.0,
        "Net Income From Continuing And Discontinued Operation": 62226000.0,
        "Diluted Average Shares": 74849871.0,
        "Basic Average Shares": 74847899.0,
        "Diluted EPS": 0.79,
        "Basic EPS": 0.79,
        "Diluted NI Availto Com Stockholders": 59259000.0,
        "Net Income Common Stockholders": 59259000.0,
        "Preferred Stock Dividends": 2967000.0,
        "Net Income": 62226000.0,
        "Net Income Including Noncontrolling Interests": 62226000.0,
        "Net Income Continuous Operations": 62226000.0,
        "Tax Provision": 12500000.0,
        "Pretax Income": 74726000.0,
        "Special Income Charges": 0.0,
        "Gain On Sale Of Security": NaN,
        "Depreciation Amortization Depletion Income Statement": 2915000.0,
        "Depreciation And Amortization In Income Statement": 2915000.0,
        "Amortization": 2915000.0,
        "Amortization Of Intangibles Income Statement": 2915000.0,
        "Selling General And Administration": 68434000.0,
        "Selling And Marketing Expense": 2502000.0,
        "General And Administrative Expense": 65932000.0,
        "Other Gand A": 7862000.0,
        "Insurance And Claims": 2765000.0,
        "Salaries And Wages": 55305000.0,
        "Total Revenue": 177053000.0,
        "Operating Revenue": 177053000.0
    },
    "2022-03-31": {
        "Diluted EPS": 0.54,
        "Total Revenue": 169,
        "Gross Profit": 161,
        "Operating Income": 53,
        "EBIT": NaN,
        "Net Income": 41
    },
    "2021-12-31": {
        "Diluted EPS": 0.6,
        "Total Revenue": 184,
        "Gross Profit": 175,
        "Operating Income": 56,
        "EBIT": NaN,
        "Net Income": 45
    },
    "2021-09-30": {
        "Diluted EPS": 0.94,
        "Total Revenue": 176,
        "Gross Profit": 167,
        "Operating Income": 91,
        "EBIT": NaN,
        "Net Income": 72
    },
    "2021-06-30": {
        "Diluted EPS": 1.05,
        "Total Revenue": 179,
        "Gross Profit": 169,
        "Operating Income": 104,
        "EBIT": NaN,
        "Net Income": 82
    },
    "2021-03-31": {
        "Diluted EPS": 0.67,
        "Total Revenue": 179,
        "Gross Profit": 166,
        "Operating Income": 68,
        "EBIT": NaN,
        "Net Income": 53
    },
    "2020-12-31": {
        "Diluted EPS": 0.71,
        "Total Revenue": 194,
        "Gross Profit": 178,
        "Operating Income": 69,
        "EBIT": NaN,
        "Net Income": 56
    },
    "2020-09-30": {
        "Diluted EPS": 0.74,
        "Total Revenue": 192,
        "Gross Profit": 172,
        "Operating Income": 72,
        "EBIT": NaN,
        "Net Income": 58
    },
    "2020-06-30": {
        "Diluted EPS": 0.39,
        "Total Revenue": 199,
        "Gross Profit": 173,
        "Operating Income": 36,
        "EBIT": NaN,
        "Net Income": 31
    },
    "2020-03-31": {
        "Diluted EPS": 0.09,
        "Total Revenue": 200,
        "Gross Profit": 164,
        "Operating Income": 8,
        "EBIT": NaN,
        "Net Income": 7
    },
    "2019-12-31": {
        "Diluted EPS": 0.7,
        "Total Revenue": 203,
        "Gross Profit": 164,
        "Operating Income": 65,
        "EBIT": NaN,
        "Net Income": 56
    },
    "2019-09-30": {
        "Diluted EPS": 0.65,
        "Total Revenue": 226,
        "Gross Profit": 185,
        "Operating Income": 66,
        "EBIT": NaN,
        "Net Income": 53
    },
    "2019-06-30": {
        "Diluted EPS": 0.59,
        "Total Revenue": 212,
        "Gross Profit": 169,
        "Operating Income": 65,
        "EBIT": NaN,
        "Net Income": 49
    },
    "2019-03-31": {
        "Diluted EPS": 0.47,
        "Total Revenue": 191,
        "Gross Profit": 152,
        "Operating Income": 60,
        "EBIT": NaN,
        "Net Income": 36
    },
    "2018-12-31": {
        "Diluted EPS": 0.67,
        "Total Revenue": 164,
        "Gross Profit": 133,
        "Operating Income": 56,
        "EBIT": NaN,
        "Net Income": 44
    },
    "2018-09-30": {
        "Diluted EPS": 0.58,
        "Total Revenue": 151,
        "Gross Profit": 126,
        "Operating Income": 48,
        "EBIT": NaN,
        "Net Income": 38
    },
    "2018-06-30": {
        "Diluted EPS": 0.72,
        "Total Revenue": 173,
        "Gross Profit": 149,
        "Operating Income": 70,
        "EBIT": NaN,
        "Net Income": 47
    },
    "2018-03-31": {
        "Diluted EPS": 0.25,
        "Total Revenue": 145,
        "Gross Profit": 124,
        "Operating Income": 46,
        "EBIT": NaN,
        "Net Income": 17
    },
    "2017-12-31": {
        "Diluted EPS": 0.35,
        "Total Revenue": 100,
        "Gross Profit": 86,
        "Operating Income": 29,
        "EBIT": NaN,
        "Net Income": 15
    },
    "2017-09-30": {
        "Diluted EPS": 0.47,
        "Total Revenue": 100,
        "Gross Profit": 86,
        "Operating Income": 29,
        "EBIT": NaN,
        "Net Income": 21
    },
    "2017-06-30": {
        "Diluted EPS": 0.41,
        "Total Revenue": 96,
        "Gross Profit": 84,
        "Operating Income": 27,
        "EBIT": NaN,
        "Net Income": 18
    },
    "2017-03-31": {
        "Diluted EPS": 0.44,
        "Total Revenue": 95,
        "Gross Profit": 85,
        "Operating Income": 26,
        "EBIT": NaN,
        "Net Income": 19
    },
    "2016-12-31": {
        "Diluted EPS": 0.48,
        "Total Revenue": 83,
        "Gross Profit": 74,
        "Operating Income": 26,
        "EBIT": NaN,
        "Net Income": 21
    },
    "2016-09-30": {
        "Diluted EPS": 0.47,
        "Total Revenue": 93,
        "Gross Profit": 86,
        "Operating Income": 27,
        "EBIT": NaN,
        "Net Income": 20
    },
    "2016-06-30": {
        "Diluted EPS": 0.44,
        "Total Revenue": 91,
        "Gross Profit": 84,
        "Operating Income": 26,
        "EBIT": NaN,
        "Net Income": 19
    },
    "2016-03-31": {
        "Diluted EPS": 0.38,
        "Total Revenue": 87,
        "Gross Profit": 80,
        "Operating Income": 23,
        "EBIT": NaN,
        "Net Income": 17
    },
    "2015-12-31": {
        "Diluted EPS": 0.4,
        "Total Revenue": 86,
        "Gross Profit": 80,
        "Operating Income": 23,
        "EBIT": NaN,
        "Net Income": 18
    },
    "2015-09-30": {
        "Diluted EPS": 0.4,
        "Total Revenue": 87,
        "Gross Profit": 80,
        "Operating Income": 25,
        "EBIT": NaN,
        "Net Income": 18
    },
    "2015-06-30": {
        "Diluted EPS": 0.34,
        "Total Revenue": 86,
        "Gross Profit": 80,
        "Operating Income": 21,
        "EBIT": NaN,
        "Net Income": 15
    },
    "2015-03-31": {
        "Diluted EPS": 0.35,
        "Total Revenue": 83,
        "Gross Profit": 77,
        "Operating Income": 21,
        "EBIT": NaN,
        "Net Income": 16
    },
    "2014-12-31": {
        "Diluted EPS": 0.33,
        "Total Revenue": 83,
        "Gross Profit": 78,
        "Operating Income": 22,
        "EBIT": NaN,
        "Net Income": 15
    },
    "2014-09-30": {
        "Diluted EPS": 0.32,
        "Total Revenue": 86,
        "Gross Profit": 81,
        "Operating Income": 21,
        "EBIT": NaN,
        "Net Income": 15
    },
    "2014-06-30": {
        "Diluted EPS": 0.32,
        "Total Revenue": 85,
        "Gross Profit": 80,
        "Operating Income": 24,
        "EBIT": NaN,
        "Net Income": 15
    },
    "2014-03-31": {
        "Diluted EPS": 0.16,
        "Total Revenue": 82,
        "Gross Profit": 78,
        "Operating Income": 23,
        "EBIT": NaN,
        "Net Income": 8
    },
    "2013-12-31": {
        "Diluted EPS": 0.31,
        "Total Revenue": 52,
        "Gross Profit": 47,
        "Operating Income": 12,
        "EBIT": NaN,
        "Net Income": 8
    },
    "2013-09-30": {
        "Diluted EPS": 0.32,
        "Total Revenue": 52,
        "Gross Profit": 47,
        "Operating Income": 12,
        "EBIT": NaN,
        "Net Income": 8
    },
    "2013-06-30": {
        "Diluted EPS": 0.38,
        "Total Revenue": 54,
        "Gross Profit": 49,
        "Operating Income": 13,
        "EBIT": NaN,
        "Net Income": 9
    },
    "2013-03-31": {
        "Diluted EPS": 0.36,
        "Total Revenue": 53,
        "Gross Profit": 48,
        "Operating Income": 12,
        "EBIT": NaN,
        "Net Income": 9
    },
    "2012-12-31": {
        "Diluted EPS": 0.37,
        "Total Revenue": 57,
        "Gross Profit": 51,
        "Operating Income": 26,
        "EBIT": NaN,
        "Net Income": 9
    },
    "2012-09-30": {
        "Diluted EPS": 0.37,
        "Total Revenue": 56,
        "Gross Profit": 49,
        "Operating Income": 14,
        "EBIT": NaN,
        "Net Income": 10
    },
    "2012-06-30": {
        "Diluted EPS": 0.32,
        "Total Revenue": 56,
        "Gross Profit": 48,
        "Operating Income": 12,
        "EBIT": NaN,
        "Net Income": 8
    },
    "2012-03-31": {
        "Diluted EPS": 0.31,
        "Total Revenue": 54,
        "Gross Profit": 47,
        "Operating Income": 11,
        "EBIT": NaN,
        "Net Income": 8
    },
    "2011-12-31": {
        "Diluted EPS": 0.28,
        "Total Revenue": 47,
        "Gross Profit": 40,
        "Operating Income": 11,
        "EBIT": NaN,
        "Net Income": 7
    },
    "2011-09-30": {
        "Diluted EPS": 0.33,
        "Total Revenue": 59,
        "Gross Profit": 51,
        "Operating Income": 13,
        "EBIT": NaN,
        "Net Income": 9
    },
    "2011-06-30": {
        "Diluted EPS": 0.24,
        "Total Revenue": 58,
        "Gross Profit": 50,
        "Operating Income": 9,
        "EBIT": NaN,
        "Net Income": 6
    },
    "2011-03-31": {
        "Diluted EPS": 0.22,
        "Total Revenue": 58,
        "Gross Profit": 49,
        "Operating Income": 8,
        "EBIT": NaN,
        "Net Income": 6
    },
    "2010-12-31": {
        "Diluted EPS": 0.16,
        "Total Revenue": 49,
        "Gross Profit": 39,
        "Operating Income": 6,
        "EBIT": NaN,
        "Net Income": 4
    },
    "2010-09-30": {
        "Diluted EPS": 0.29,
        "Total Revenue": 61,
        "Gross Profit": 51,
        "Operating Income": 11,
        "EBIT": NaN,
        "Net Income": 8
    },
    "2010-06-30": {
        "Diluted EPS": 0.32,
        "Total Revenue": 61,
        "Gross Profit": 52,
        "Operating Income": 13,
        "EBIT": NaN,
        "Net Income": 8
    },
    "2010-03-31": {
        "Diluted EPS": 0.06,
        "Total Revenue": 53,
        "Gross Profit": 44,
        "Operating Income": 2,
        "EBIT": NaN,
        "Net Income": 1
    },
    "2009-12-31": {
        "Diluted EPS": -0.02,
        "Total Revenue": 41,
        "Gross Profit": 31,
        "Operating Income": 3,
        "EBIT": NaN,
        "Net Income": 0
    },
    "2009-09-30": {
        "Diluted EPS": 0.13,
        "Total Revenue": 40,
        "Gross Profit": 29,
        "Operating Income": 3,
        "EBIT": NaN,
        "Net Income": 2
    },
    "2009-06-30": {
        "Diluted EPS": 0.01,
        "Total Revenue": 41,
        "Gross Profit": 28,
        "Operating Income": 1,
        "EBIT": NaN,
        "Net Income": 0
    },
    "2009-03-31": {
        "Diluted EPS": 0.07,
        "Total Revenue": 39,
        "Gross Profit": 25,
        "Operating Income": 2,
        "EBIT": NaN,
        "Net Income": 1
    },
    "2023-09-30": {
        "Tax Effect Of Unusual Items": 0.0,
        "Tax Rate For Calcs": 0.176,
        "Total Unusual Items": NaN,
        "Total Unusual Items Excluding Goodwill": NaN,
        "Net Income From Continuing Operation Net Minority Interest": 54017000.0,
        "Reconciled Depreciation": 2193000.0,
        "Net Interest Income": 151941000.0,
        "Interest Expense": 95218000.0,
        "Interest Income": 247159000.0,
        "Normalized Income": 54017000.0,
        "Net Income From Continuing And Discontinued Operation": 54017000.0,
        "Diluted Average Shares": 74999128.0,
        "Basic Average Shares": 74999128.0,
        "Diluted EPS": 0.68,
        "Basic EPS": 0.68,
        "Diluted NI Availto Com Stockholders": 51050000.0,
        "Net Income Common Stockholders": 51050000.0,
        "Preferred Stock Dividends": 2967000.0,
        "Net Income": 54017000.0,
        "Net Income Including Noncontrolling Interests": 54017000.0,
        "Net Income Continuous Operations": 54017000.0,
        "Tax Provision": 11519000.0,
        "Pretax Income": 65536000.0,
        "Special Income Charges": NaN,
        "Gain On Sale Of Security": -27594000.0,
        "Depreciation Amortization Depletion Income Statement": 2193000.0,
        "Depreciation And Amortization In Income Statement": 2193000.0,
        "Amortization": 2193000.0,
        "Amortization Of Intangibles Income Statement": 2193000.0,
        "Selling General And Administration": 63926000.0,
        "Selling And Marketing Expense": 2219000.0,
        "General And Administrative Expense": 61707000.0,
        "Other Gand A": NaN,
        "Insurance And Claims": 4258000.0,
        "Salaries And Wages": 57449000.0,
        "Total Revenue": 177647000.0,
        "Operating Revenue": 177647000.0
    }
}