{
    "2023-03-31": {
        "Tax Effect Of Unusual Items": 0.0,
        "Tax Rate For Calcs": 0.23,
        "Normalized EBITDA": -193000.0,
        "Net Income From Continuing Operation Net Minority Interest": -182000.0,
        "Reconciled Depreciation": 651000.0,
        "Reconciled Cost Of Revenue": 22670000.0,
        "EBITDA": -193000.0,
        "EBIT": -844000.0,
        "Net Interest Income": 949000.0,
        "Interest Income": 949000.0,
        "Normalized Income": -182000.0,
        "Net Income From Continuing And Discontinued Operation": -182000.0,
        "Total Expenses": 60057000.0,
        "Total Operating Income As Reported": -844000.0,
        "Diluted Average Shares": 32148000.0,
        "Basic Average Shares": 31750000.0,
        "Diluted EPS": -0.01,
        "Basic EPS": -0.01,
        "Diluted NI Availto Com Stockholders": -182000.0,
        "Net Income Common Stockholders": -182000.0,
        "Net Income": -182000.0,
        "Net Income Including Noncontrolling Interests": -182000.0,
        "Net Income Continuous Operations": -182000.0,
        "Tax Provision": 287000.0,
        "Pretax Income": 105000.0,
        "Net Non Operating Interest Income Expense": 949000.0,
        "Total Other Finance Cost": NaN,
        "Interest Income Non Operating": 949000.0,
        "Operating Income": -844000.0,
        "Operating Expense": 37387000.0,
        "Research And Development": 15009000.0,
        "Selling General And Administration": 22378000.0,
        "Selling And Marketing Expense": 17847000.0,
        "General And Administrative Expense": 4531000.0,
        "Other Gand A": 4531000.0,
        "Gross Profit": 36543000.0,
        "Cost Of Revenue": 22670000.0,
        "Total Revenue": 59213000.0,
        "Operating Revenue": 59213000.0
    },
    "2022-12-31": {
        "Tax Effect Of Unusual Items": 0.0,
        "Tax Rate For Calcs": 0.161688,
        "Normalized EBITDA": 12248000.0,
        "Net Income From Continuing Operation Net Minority Interest": 7549000.0,
        "Reconciled Depreciation": 723000.0,
        "Reconciled Cost Of Revenue": 24498000.0,
        "EBITDA": 12248000.0,
        "EBIT": 11525000.0,
        "Net Interest Income": -74000.0,
        "Interest Income": 609000.0,
        "Normalized Income": 7549000.0,
        "Net Income From Continuing And Discontinued Operation": 7549000.0,
        "Total Expenses": 62320000.0,
        "Total Operating Income As Reported": 8336000.0,
        "Diluted Average Shares": 32145000.0,
        "Basic Average Shares": 31642000.0,
        "Diluted EPS": 0.23,
        "Basic EPS": 0.24,
        "Diluted NI Availto Com Stockholders": 7549000.0,
        "Net Income Common Stockholders": 7549000.0,
        "Net Income": 7549000.0,
        "Net Income Including Noncontrolling Interests": 7549000.0,
        "Net Income Continuous Operations": 7549000.0,
        "Tax Provision": 1456000.0,
        "Pretax Income": 9005000.0,
        "Net Non Operating Interest Income Expense": -74000.0,
        "Total Other Finance Cost": NaN,
        "Interest Income Non Operating": 609000.0,
        "Operating Income": 8336000.0,
        "Operating Expense": 37822000.0,
        "Research And Development": 15090000.0,
        "Selling General And Administration": 22732000.0,
        "Selling And Marketing Expense": 18088000.0,
        "General And Administrative Expense": 4644000.0,
        "Other Gand A": 4644000.0,
        "Gross Profit": 46158000.0,
        "Cost Of Revenue": 24498000.0,
        "Total Revenue": 70656000.0,
        "Operating Revenue": 70656000.0
    },
    "2022-09-30": {
        "Tax Effect Of Unusual Items": 0.0,
        "Tax Rate For Calcs": 0.269278,
        "Normalized EBITDA": 7806000.0,
        "Net Income From Continuing Operation Net Minority Interest": 5373000.0,
        "Reconciled Depreciation": 797000.0,
        "Reconciled Cost Of Revenue": 25970000.0,
        "EBITDA": 7806000.0,
        "EBIT": 7009000.0,
        "Net Interest Income": 344000.0,
        "Interest Income": 344000.0,
        "Normalized Income": 5373000.0,
        "Net Income From Continuing And Discontinued Operation": 5373000.0,
        "Total Expenses": 62711000.0,
        "Total Operating Income As Reported": 7009000.0,
        "Diluted Average Shares": 32256000.0,
        "Basic Average Shares": 31717000.0,
        "Diluted EPS": 0.17,
        "Basic EPS": 0.17,
        "Diluted NI Availto Com Stockholders": 5373000.0,
        "Net Income Common Stockholders": 5373000.0,
        "Net Income": 5373000.0,
        "Net Income Including Noncontrolling Interests": 5373000.0,
        "Net Income Continuous Operations": 5373000.0,
        "Tax Provision": 1980000.0,
        "Pretax Income": 7353000.0,
        "Net Non Operating Interest Income Expense": 344000.0,
        "Total Other Finance Cost": NaN,
        "Interest Income Non Operating": 344000.0,
        "Operating Income": 7009000.0,
        "Operating Expense": 36741000.0,
        "Research And Development": 14811000.0,
        "Selling General And Administration": 21930000.0,
        "Selling And Marketing Expense": 17663000.0,
        "General And Administrative Expense": 4267000.0,
        "Other Gand A": 4267000.0,
        "Gross Profit": 43750000.0,
        "Cost Of Revenue": 25970000.0,
        "Total Revenue": 69720000.0,
        "Operating Revenue": 69720000.0
    },
    "2022-06-30": {
        "Tax Effect Of Unusual Items": 0.0,
        "Tax Rate For Calcs": 0.20849,
        "Normalized EBITDA": 8644000.0,
        "Net Income From Continuing Operation Net Minority Interest": 6936000.0,
        "Reconciled Depreciation": 722000.0,
        "Reconciled Cost Of Revenue": 23850000.0,
        "EBITDA": 8644000.0,
        "EBIT": 7922000.0,
        "Net Interest Income": 841000.0,
        "Interest Income": NaN,
        "Normalized Income": 6936000.0,
        "Net Income From Continuing And Discontinued Operation": 6936000.0,
        "Total Expenses": 60438000.0,
        "Total Operating Income As Reported": 7922000.0,
        "Diluted Average Shares": 32518000.0,
        "Basic Average Shares": 31809000.0,
        "Diluted EPS": 0.21,
        "Basic EPS": 0.22,
        "Diluted NI Availto Com Stockholders": 6936000.0,
        "Net Income Common Stockholders": 6936000.0,
        "Net Income": 6936000.0,
        "Net Income Including Noncontrolling Interests": 6936000.0,
        "Net Income Continuous Operations": 6936000.0,
        "Tax Provision": 1827000.0,
        "Pretax Income": 8763000.0,
        "Net Non Operating Interest Income Expense": 841000.0,
        "Total Other Finance Cost": -841000.0,
        "Interest Income Non Operating": NaN,
        "Operating Income": 7922000.0,
        "Operating Expense": 36588000.0,
        "Research And Development": 14959000.0,
        "Selling General And Administration": 21629000.0,
        "Selling And Marketing Expense": 17084000.0,
        "General And Administrative Expense": 4545000.0,
        "Other Gand A": 4545000.0,
        "Gross Profit": 44510000.0,
        "Cost Of Revenue": 23850000.0,
        "Total Revenue": 68360000.0,
        "Operating Revenue": 68360000.0
    },
    "2023-06-30": {
        "Tax Effect Of Unusual Items": 0.0,
        "Tax Rate For Calcs": 0.23,
        "Normalized EBITDA": 2924000.0,
        "Net Income From Continuing Operation Net Minority Interest": 1055000.0,
        "Reconciled Depreciation": 669000.0,
        "Reconciled Cost Of Revenue": 21543000.0,
        "EBITDA": 2924000.0,
        "EBIT": 2255000.0,
        "Net Interest Income": 247000.0,
        "Interest Income": NaN,
        "Normalized Income": 1055000.0,
        "Net Income From Continuing And Discontinued Operation": 1055000.0,
        "Total Expenses": 57765000.0,
        "Total Operating Income As Reported": 2255000.0,
        "Diluted Average Shares": 32977000.0,
        "Basic Average Shares": 31900000.0,
        "Diluted EPS": 0.03,
        "Basic EPS": 0.03,
        "Diluted NI Availto Com Stockholders": 1055000.0,
        "Net Income Common Stockholders": 1055000.0,
        "Net Income": 1055000.0,
        "Net Income Including Noncontrolling Interests": 1055000.0,
        "Net Income Continuous Operations": 1055000.0,
        "Tax Provision": 1447000.0,
        "Pretax Income": 2502000.0,
        "Net Non Operating Interest Income Expense": 247000.0,
        "Total Other Finance Cost": -247000.0,
        "Interest Income Non Operating": NaN,
        "Operating Income": 2255000.0,
        "Operating Expense": 36222000.0,
        "Research And Development": 14394000.0,
        "Selling General And Administration": 21828000.0,
        "Selling And Marketing Expense": 17679000.0,
        "General And Administrative Expense": 4149000.0,
        "Other Gand A": 4149000.0,
        "Gross Profit": 38477000.0,
        "Cost Of Revenue": 21543000.0,
        "Total Revenue": 60020000.0,
        "Operating Revenue": 60020000.0
    },
    "2022-03-31": {
        "Diluted EPS": 0.26,
        "Total Revenue": 66,
        "Gross Profit": 44,
        "Operating Income": 8,
        "EBIT": 9,
        "Net Income": 9
    },
    "2021-12-31": {
        "Diluted EPS": 0.23,
        "Total Revenue": 66,
        "Gross Profit": 44,
        "Operating Income": 9,
        "EBIT": 10,
        "Net Income": 7
    },
    "2021-09-30": {
        "Diluted EPS": 0.24,
        "Total Revenue": 63,
        "Gross Profit": 44,
        "Operating Income": 10,
        "EBIT": 11,
        "Net Income": 8
    },
    "2021-06-30": {
        "Diluted EPS": 0.24,
        "Total Revenue": 61,
        "Gross Profit": 42,
        "Operating Income": 10,
        "EBIT": 11,
        "Net Income": 8
    },
    "2021-03-31": {
        "Diluted EPS": 0.29,
        "Total Revenue": 59,
        "Gross Profit": 40,
        "Operating Income": 10,
        "EBIT": 11,
        "Net Income": 10
    },
    "2020-12-31": {
        "Diluted EPS": 0.25,
        "Total Revenue": 59,
        "Gross Profit": 42,
        "Operating Income": 12,
        "EBIT": 13,
        "Net Income": 8
    },
    "2020-09-30": {
        "Diluted EPS": 0.2,
        "Total Revenue": 57,
        "Gross Profit": 38,
        "Operating Income": 11,
        "EBIT": 12,
        "Net Income": 7
    },
    "2020-06-30": {
        "Diluted EPS": 0.21,
        "Total Revenue": 54,
        "Gross Profit": 36,
        "Operating Income": 9,
        "EBIT": 9,
        "Net Income": 7
    },
    "2020-03-31": {
        "Diluted EPS": 0.17,
        "Total Revenue": 52,
        "Gross Profit": 34,
        "Operating Income": 6,
        "EBIT": 7,
        "Net Income": 5
    },
    "2019-12-31": {
        "Diluted EPS": -0.27,
        "Total Revenue": 53,
        "Gross Profit": 2,
        "Operating Income": -26,
        "EBIT": -25,
        "Net Income": -8
    },
    "2019-09-30": {
        "Diluted EPS": 0.14,
        "Total Revenue": 51,
        "Gross Profit": 32,
        "Operating Income": 6,
        "EBIT": 7,
        "Net Income": 4
    },
    "2019-06-30": {
        "Diluted EPS": 0.16,
        "Total Revenue": 49,
        "Gross Profit": 31,
        "Operating Income": 6,
        "EBIT": 6,
        "Net Income": 5
    },
    "2019-03-31": {
        "Diluted EPS": 0.1,
        "Total Revenue": 47,
        "Gross Profit": 29,
        "Operating Income": 5,
        "EBIT": 5,
        "Net Income": 3
    },
    "2018-12-31": {
        "Diluted EPS": 0.15,
        "Total Revenue": 46,
        "Gross Profit": 29,
        "Operating Income": 5,
        "EBIT": 6,
        "Net Income": 5
    },
    "2018-09-30": {
        "Diluted EPS": 0.14,
        "Total Revenue": 45,
        "Gross Profit": 28,
        "Operating Income": 5,
        "EBIT": 6,
        "Net Income": 4
    },
    "2018-06-30": {
        "Diluted EPS": 0.08,
        "Total Revenue": 44,
        "Gross Profit": 27,
        "Operating Income": 3,
        "EBIT": 4,
        "Net Income": 2
    },
    "2018-03-31": {
        "Diluted EPS": 0.08,
        "Total Revenue": 42,
        "Gross Profit": 27,
        "Operating Income": 3,
        "EBIT": 4,
        "Net Income": 2
    },
    "2017-12-31": {
        "Diluted EPS": 0.03,
        "Total Revenue": 41,
        "Gross Profit": 26,
        "Operating Income": 3,
        "EBIT": 4,
        "Net Income": 1
    },
    "2017-09-30": {
        "Diluted EPS": 0.03,
        "Total Revenue": 39,
        "Gross Profit": 25,
        "Operating Income": 3,
        "EBIT": 3,
        "Net Income": 1
    },
    "2017-06-30": {
        "Diluted EPS": 0.03,
        "Total Revenue": 39,
        "Gross Profit": 24,
        "Operating Income": 2,
        "EBIT": 3,
        "Net Income": 1
    },
    "2017-03-31": {
        "Diluted EPS": 0.04,
        "Total Revenue": 37,
        "Gross Profit": 23,
        "Operating Income": 2,
        "EBIT": 3,
        "Net Income": 1
    },
    "2016-12-31": {
        "Diluted EPS": 0.41,
        "Total Revenue": 38,
        "Gross Profit": 23,
        "Operating Income": 4,
        "EBIT": 5,
        "Net Income": 15
    },
    "2016-09-30": {
        "Diluted EPS": 0.03,
        "Total Revenue": 37,
        "Gross Profit": 23,
        "Operating Income": 2,
        "EBIT": 3,
        "Net Income": 1
    },
    "2016-06-30": {
        "Diluted EPS": 0.02,
        "Total Revenue": 36,
        "Gross Profit": 22,
        "Operating Income": 1,
        "EBIT": 2,
        "Net Income": 1
    },
    "2016-03-31": {
        "Diluted EPS": -0.01,
        "Total Revenue": 35,
        "Gross Profit": 21,
        "Operating Income": 1,
        "EBIT": 2,
        "Net Income": 0
    },
    "2015-12-31": {
        "Diluted EPS": 0.07,
        "Total Revenue": 36,
        "Gross Profit": 21,
        "Operating Income": 2,
        "EBIT": 3,
        "Net Income": 3
    },
    "2015-09-30": {
        "Diluted EPS": 0.0,
        "Total Revenue": 34,
        "Gross Profit": 20,
        "Operating Income": 1,
        "EBIT": 2,
        "Net Income": 0
    },
    "2015-06-30": {
        "Diluted EPS": 0.0,
        "Total Revenue": NaN,
        "Gross Profit": NaN,
        "Operating Income": NaN,
        "Net Income": NaN
    },
    "2015-03-31": {
        "Diluted EPS": -0.01,
        "Total Revenue": 37,
        "Gross Profit": 22,
        "Operating Income": 1,
        "EBIT": 2,
        "Net Income": 0
    },
    "2014-12-31": {
        "Diluted EPS": 0.02,
        "Total Revenue": 39,
        "Gross Profit": 23,
        "Operating Income": 2,
        "EBIT": 4,
        "Net Income": 1
    },
    "2014-09-30": {
        "Diluted EPS": -0.02,
        "Total Revenue": 39,
        "Gross Profit": 22,
        "Operating Income": 1,
        "EBIT": 2,
        "Net Income": -1
    },
    "2014-06-30": {
        "Diluted EPS": 0.0,
        "Total Revenue": 38,
        "Gross Profit": 22,
        "Operating Income": 0,
        "EBIT": 1,
        "Net Income": 0
    },
    "2014-03-31": {
        "Diluted EPS": -0.01,
        "Total Revenue": 36,
        "Gross Profit": 21,
        "Operating Income": 0,
        "EBIT": 1,
        "Net Income": 0
    },
    "2013-12-31": {
        "Diluted EPS": 0.07,
        "Total Revenue": 36,
        "Gross Profit": 21,
        "Operating Income": 1,
        "EBIT": 2,
        "Net Income": 3
    },
    "2013-09-30": {
        "Diluted EPS": 0.02,
        "Total Revenue": 35,
        "Gross Profit": 20,
        "Operating Income": 1,
        "EBIT": 2,
        "Net Income": 1
    },
    "2013-06-30": {
        "Diluted EPS": 0.01,
        "Total Revenue": 34,
        "Gross Profit": 19,
        "Operating Income": 0,
        "EBIT": 1,
        "Net Income": 0
    },
    "2013-03-31": {
        "Diluted EPS": 0.0,
        "Total Revenue": 32,
        "Gross Profit": 19,
        "Operating Income": 0,
        "EBIT": 1,
        "Net Income": 0
    },
    "2012-12-31": {
        "Diluted EPS": 0.01,
        "Total Revenue": 33,
        "Gross Profit": 19,
        "Operating Income": 1,
        "EBIT": 2,
        "Net Income": 1
    },
    "2012-09-30": {
        "Diluted EPS": -0.03,
        "Total Revenue": 31,
        "Gross Profit": 18,
        "Operating Income": -1,
        "EBIT": 0,
        "Net Income": -1
    },
    "2012-06-30": {
        "Diluted EPS": -0.05,
        "Total Revenue": 31,
        "Gross Profit": 18,
        "Operating Income": -2,
        "EBIT": -1,
        "Net Income": -2
    },
    "2012-03-31": {
        "Diluted EPS": -0.04,
        "Total Revenue": 32,
        "Gross Profit": 19,
        "Operating Income": -2,
        "EBIT": -1,
        "Net Income": -2
    },
    "2011-12-31": {
        "Diluted EPS": 0.02,
        "Total Revenue": 37,
        "Gross Profit": 22,
        "Operating Income": 1,
        "EBIT": 2,
        "Net Income": 1
    },
    "2011-09-30": {
        "Diluted EPS": -0.01,
        "Total Revenue": 36,
        "Gross Profit": 21,
        "Operating Income": 0,
        "EBIT": 0,
        "Net Income": -1
    },
    "2011-06-30": {
        "Diluted EPS": 0.09,
        "Total Revenue": 42,
        "Gross Profit": 25,
        "Operating Income": 4,
        "EBIT": 5,
        "Net Income": 4
    },
    "2011-03-31": {
        "Diluted EPS": 0.07,
        "Total Revenue": 41,
        "Gross Profit": 24,
        "Operating Income": 3,
        "EBIT": 4,
        "Net Income": 3
    },
    "2010-12-31": {
        "Diluted EPS": 0.13,
        "Total Revenue": 40,
        "Gross Profit": 23,
        "Operating Income": 3,
        "EBIT": 4,
        "Net Income": 5
    },
    "2010-09-30": {
        "Diluted EPS": 0.07,
        "Total Revenue": 38,
        "Gross Profit": 21,
        "Operating Income": 3,
        "EBIT": 4,
        "Net Income": 3
    },
    "2010-06-30": {
        "Diluted EPS": 0.05,
        "Total Revenue": 36,
        "Gross Profit": 20,
        "Operating Income": 2,
        "EBIT": 3,
        "Net Income": 2
    },
    "2010-03-31": {
        "Diluted EPS": 0.04,
        "Total Revenue": 35,
        "Gross Profit": 19,
        "Operating Income": 2,
        "EBIT": 3,
        "Net Income": 2
    },
    "2009-12-31": {
        "Diluted EPS": 0.03,
        "Total Revenue": 34,
        "Gross Profit": 19,
        "Operating Income": 2,
        "EBIT": 3,
        "Net Income": 1
    },
    "2009-09-30": {
        "Diluted EPS": 0.01,
        "Total Revenue": 32,
        "Gross Profit": 18,
        "Operating Income": 1,
        "EBIT": 3,
        "Net Income": 0
    },
    "2009-06-30": {
        "Diluted EPS": -0.02,
        "Total Revenue": 30,
        "Gross Profit": 17,
        "Operating Income": 0,
        "EBIT": 2,
        "Net Income": -1
    },
    "2009-03-31": {
        "Diluted EPS": -0.07,
        "Total Revenue": 29,
        "Gross Profit": 16,
        "Operating Income": -2,
        "EBIT": 0,
        "Net Income": -3
    },
    "2023-09-30": {
        "Tax Effect Of Unusual Items": 0.0,
        "Tax Rate For Calcs": 0.321958,
        "Normalized EBITDA": 6431000.0,
        "Net Income From Continuing Operation Net Minority Interest": 4252000.0,
        "Reconciled Depreciation": 652000.0,
        "Reconciled Cost Of Revenue": 20654000.0,
        "EBITDA": 6431000.0,
        "EBIT": 5779000.0,
        "Net Interest Income": 492000.0,
        "Interest Income": 492000.0,
        "Normalized Income": 4252000.0,
        "Net Income From Continuing And Discontinued Operation": 4252000.0,
        "Total Expenses": 55812000.0,
        "Total Operating Income As Reported": 5779000.0,
        "Diluted Average Shares": 31390000.0,
        "Basic Average Shares": 31390000.0,
        "Diluted EPS": 0.14,
        "Basic EPS": 0.14,
        "Diluted NI Availto Com Stockholders": 4252000.0,
        "Net Income Common Stockholders": 4252000.0,
        "Net Income": 4252000.0,
        "Net Income Including Noncontrolling Interests": 4252000.0,
        "Net Income Continuous Operations": 4252000.0,
        "Tax Provision": 2019000.0,
        "Pretax Income": 6271000.0,
        "Net Non Operating Interest Income Expense": 492000.0,
        "Total Other Finance Cost": NaN,
        "Interest Income Non Operating": 492000.0,
        "Operating Income": 5779000.0,
        "Operating Expense": 35158000.0,
        "Research And Development": 13960000.0,
        "Selling General And Administration": 21198000.0,
        "Selling And Marketing Expense": 17221000.0,
        "General And Administrative Expense": 3977000.0,
        "Other Gand A": 3977000.0,
        "Gross Profit": 40937000.0,
        "Cost Of Revenue": 20654000.0,
        "Total Revenue": 61591000.0,
        "Operating Revenue": 61591000.0
    }
}