{
    "2023-03-31": {
        "Tax Effect Of Unusual Items": NaN,
        "Tax Rate For Calcs": NaN,
        "Normalized EBITDA": NaN,
        "Total Unusual Items": NaN,
        "Total Unusual Items Excluding Goodwill": NaN,
        "Net Income From Continuing Operation Net Minority Interest": NaN,
        "Reconciled Depreciation": NaN,
        "Reconciled Cost Of Revenue": NaN,
        "EBITDA": NaN,
        "EBIT": NaN,
        "Net Interest Income": NaN,
        "Interest Expense": NaN,
        "Interest Income": NaN,
        "Normalized Income": NaN,
        "Net Income From Continuing And Discontinued Operation": NaN,
        "Total Expenses": NaN,
        "Rent Expense Supplemental": NaN,
        "Total Operating Income As Reported": NaN,
        "Diluted Average Shares": 189054000.0,
        "Basic Average Shares": 189054000.0,
        "Diluted EPS": -0.17,
        "Basic EPS": -0.17,
        "Diluted NI Availto Com Stockholders": NaN,
        "Net Income Common Stockholders": NaN,
        "Net Income": NaN,
        "Net Income Including Noncontrolling Interests": NaN,
        "Net Income Continuous Operations": NaN,
        "Tax Provision": NaN,
        "Pretax Income": NaN,
        "Other Income Expense": NaN,
        "Other Non Operating Income Expenses": NaN,
        "Special Income Charges": NaN,
        "Impairment Of Capital Assets": NaN,
        "Restructuring And Mergern Acquisition": NaN,
        "Gain On Sale Of Security": NaN,
        "Net Non Operating Interest Income Expense": NaN,
        "Total Other Finance Cost": 1421000.0,
        "Interest Expense Non Operating": NaN,
        "Interest Income Non Operating": NaN,
        "Operating Income": NaN,
        "Operating Expense": NaN,
        "Other Operating Expenses": NaN,
        "Depreciation Amortization Depletion Income Statement": NaN,
        "Depreciation And Amortization In Income Statement": NaN,
        "Selling General And Administration": NaN,
        "General And Administrative Expense": NaN,
        "Other Gand A": NaN,
        "Rent And Landing Fees": NaN,
        "Salaries And Wages": NaN,
        "Gross Profit": NaN,
        "Cost Of Revenue": NaN,
        "Total Revenue": NaN,
        "Operating Revenue": NaN
    },
    "2022-12-31": {
        "Tax Effect Of Unusual Items": NaN,
        "Tax Rate For Calcs": NaN,
        "Normalized EBITDA": NaN,
        "Total Unusual Items": NaN,
        "Total Unusual Items Excluding Goodwill": NaN,
        "Net Income From Continuing Operation Net Minority Interest": NaN,
        "Reconciled Depreciation": NaN,
        "Reconciled Cost Of Revenue": NaN,
        "EBITDA": NaN,
        "EBIT": NaN,
        "Net Interest Income": NaN,
        "Interest Expense": NaN,
        "Interest Income": NaN,
        "Normalized Income": NaN,
        "Net Income From Continuing And Discontinued Operation": NaN,
        "Total Expenses": NaN,
        "Rent Expense Supplemental": NaN,
        "Total Operating Income As Reported": NaN,
        "Diluted Average Shares": NaN,
        "Basic Average Shares": NaN,
        "Diluted EPS": NaN,
        "Basic EPS": NaN,
        "Diluted NI Availto Com Stockholders": NaN,
        "Net Income Common Stockholders": NaN,
        "Net Income": NaN,
        "Net Income Including Noncontrolling Interests": NaN,
        "Net Income Continuous Operations": NaN,
        "Tax Provision": NaN,
        "Pretax Income": NaN,
        "Other Income Expense": NaN,
        "Other Non Operating Income Expenses": NaN,
        "Special Income Charges": NaN,
        "Impairment Of Capital Assets": 205139000.0,
        "Restructuring And Mergern Acquisition": NaN,
        "Gain On Sale Of Security": NaN,
        "Net Non Operating Interest Income Expense": NaN,
        "Total Other Finance Cost": 2559000.0,
        "Interest Expense Non Operating": NaN,
        "Interest Income Non Operating": NaN,
        "Operating Income": NaN,
        "Operating Expense": NaN,
        "Other Operating Expenses": NaN,
        "Depreciation Amortization Depletion Income Statement": NaN,
        "Depreciation And Amortization In Income Statement": NaN,
        "Selling General And Administration": NaN,
        "General And Administrative Expense": NaN,
        "Other Gand A": NaN,
        "Rent And Landing Fees": NaN,
        "Salaries And Wages": NaN,
        "Gross Profit": NaN,
        "Cost Of Revenue": NaN,
        "Total Revenue": NaN,
        "Operating Revenue": NaN
    },
    "2022-09-30": {
        "Tax Effect Of Unusual Items": NaN,
        "Tax Rate For Calcs": NaN,
        "Normalized EBITDA": NaN,
        "Total Unusual Items": NaN,
        "Total Unusual Items Excluding Goodwill": NaN,
        "Net Income From Continuing Operation Net Minority Interest": NaN,
        "Reconciled Depreciation": NaN,
        "Reconciled Cost Of Revenue": NaN,
        "EBITDA": NaN,
        "EBIT": NaN,
        "Net Interest Income": NaN,
        "Interest Expense": NaN,
        "Interest Income": NaN,
        "Normalized Income": NaN,
        "Net Income From Continuing And Discontinued Operation": NaN,
        "Total Expenses": NaN,
        "Rent Expense Supplemental": NaN,
        "Total Operating Income As Reported": NaN,
        "Diluted Average Shares": 186166000.0,
        "Basic Average Shares": 186113000.0,
        "Diluted EPS": 0.13,
        "Basic EPS": 0.13,
        "Diluted NI Availto Com Stockholders": NaN,
        "Net Income Common Stockholders": NaN,
        "Net Income": NaN,
        "Net Income Including Noncontrolling Interests": NaN,
        "Net Income Continuous Operations": NaN,
        "Tax Provision": NaN,
        "Pretax Income": NaN,
        "Other Income Expense": NaN,
        "Other Non Operating Income Expenses": NaN,
        "Special Income Charges": NaN,
        "Impairment Of Capital Assets": 0.0,
        "Restructuring And Mergern Acquisition": NaN,
        "Gain On Sale Of Security": NaN,
        "Net Non Operating Interest Income Expense": NaN,
        "Total Other Finance Cost": NaN,
        "Interest Expense Non Operating": NaN,
        "Interest Income Non Operating": NaN,
        "Operating Income": NaN,
        "Operating Expense": NaN,
        "Other Operating Expenses": NaN,
        "Depreciation Amortization Depletion Income Statement": NaN,
        "Depreciation And Amortization In Income Statement": NaN,
        "Selling General And Administration": NaN,
        "General And Administrative Expense": NaN,
        "Other Gand A": NaN,
        "Rent And Landing Fees": NaN,
        "Salaries And Wages": NaN,
        "Gross Profit": NaN,
        "Cost Of Revenue": NaN,
        "Total Revenue": NaN,
        "Operating Revenue": NaN
    },
    "2022-06-30": {
        "Tax Effect Of Unusual Items": -465340.0,
        "Tax Rate For Calcs": 0.001,
        "Normalized EBITDA": 24275000.0,
        "Total Unusual Items": -465340000.0,
        "Total Unusual Items Excluding Goodwill": -465340000.0,
        "Net Income From Continuing Operation Net Minority Interest": -473887000.0,
        "Reconciled Depreciation": 10247000.0,
        "Reconciled Cost Of Revenue": 293703000.0,
        "EBITDA": -441065000.0,
        "EBIT": -451312000.0,
        "Net Interest Income": -22776000.0,
        "Interest Expense": 22919000.0,
        "Interest Income": 143000.0,
        "Normalized Income": -9012340.0,
        "Net Income From Continuing And Discontinued Operation": -473887000.0,
        "Total Expenses": 429151000.0,
        "Rent Expense Supplemental": 3524000.0,
        "Total Operating Income As Reported": -456381000.0,
        "Diluted Average Shares": 184953000.0,
        "Basic Average Shares": 184953000.0,
        "Diluted EPS": -2.56,
        "Basic EPS": -2.56,
        "Diluted NI Availto Com Stockholders": -473887000.0,
        "Net Income Common Stockholders": -473887000.0,
        "Net Income": -473887000.0,
        "Net Income Including Noncontrolling Interests": -473887000.0,
        "Net Income Continuous Operations": -473887000.0,
        "Tax Provision": -344000.0,
        "Pretax Income": -474231000.0,
        "Other Income Expense": -465259000.0,
        "Other Non Operating Income Expenses": 81000.0,
        "Special Income Charges": -470185000.0,
        "Impairment Of Capital Assets": 470207000.0,
        "Restructuring And Mergern Acquisition": -22000.0,
        "Gain On Sale Of Security": 4845000.0,
        "Net Non Operating Interest Income Expense": -22776000.0,
        "Total Other Finance Cost": NaN,
        "Interest Expense Non Operating": 22919000.0,
        "Interest Income Non Operating": 143000.0,
        "Operating Income": 13804000.0,
        "Operating Expense": 131239000.0,
        "Other Operating Expenses": 1000.0,
        "Depreciation Amortization Depletion Income Statement": 6038000.0,
        "Depreciation And Amortization In Income Statement": 6038000.0,
        "Selling General And Administration": 125200000.0,
        "General And Administrative Expense": 125200000.0,
        "Other Gand A": 100826000.0,
        "Rent And Landing Fees": 3524000.0,
        "Salaries And Wages": 20850000.0,
        "Gross Profit": 145043000.0,
        "Cost Of Revenue": 297912000.0,
        "Total Revenue": 442955000.0,
        "Operating Revenue": 442955000.0
    },
    "2022-03-31": {
        "Diluted EPS": 0.14,
        "Total Revenue": 451,
        "Gross Profit": 145,
        "Operating Income": 14,
        "EBIT": 26,
        "Net Income": 25
    },
    "2021-12-31": {
        "Diluted EPS": -0.75,
        "Total Revenue": 414,
        "Gross Profit": 124,
        "Operating Income": -113,
        "EBIT": 15,
        "Net Income": -126
    },
    "2021-09-30": {
        "Diluted EPS": 0.01,
        "Total Revenue": 411,
        "Gross Profit": 140,
        "Operating Income": 18,
        "EBIT": 27,
        "Net Income": 2
    },
    "2021-06-30": {
        "Diluted EPS": 0.01,
        "Total Revenue": 436,
        "Gross Profit": 147,
        "Operating Income": 30,
        "EBIT": 45,
        "Net Income": 1
    },
    "2021-03-31": {
        "Diluted EPS": 0.04,
        "Total Revenue": 417,
        "Gross Profit": 132,
        "Operating Income": 28,
        "EBIT": 39,
        "Net Income": 6
    },
    "2020-12-31": {
        "Diluted EPS": -0.07,
        "Total Revenue": 422,
        "Gross Profit": 126,
        "Operating Income": 18,
        "EBIT": 28,
        "Net Income": -10
    },
    "2020-09-30": {
        "Diluted EPS": -0.05,
        "Total Revenue": 366,
        "Gross Profit": 114,
        "Operating Income": 13,
        "EBIT": 22,
        "Net Income": -7
    },
    "2020-06-30": {
        "Diluted EPS": -0.55,
        "Total Revenue": 352,
        "Gross Profit": 107,
        "Operating Income": -52,
        "EBIT": 33,
        "Net Income": -78
    },
    "2020-03-31": {
        "Diluted EPS": 0.27,
        "Total Revenue": 355,
        "Gross Profit": 108,
        "Operating Income": 18,
        "EBIT": 27,
        "Net Income": 38
    },
    "2019-12-31": {
        "Diluted EPS": 0.0,
        "Total Revenue": NaN,
        "Gross Profit": NaN,
        "Operating Income": NaN,
        "EBIT": NaN,
        "Net Income": NaN
    },
    "2023-06-30": {
        "Tax Effect Of Unusual Items": 5186580.0,
        "Tax Rate For Calcs": 0.21,
        "Normalized EBITDA": 45505000.0,
        "Total Unusual Items": 24698000.0,
        "Total Unusual Items Excluding Goodwill": 24698000.0,
        "Net Income From Continuing Operation Net Minority Interest": 25599000.0,
        "Reconciled Depreciation": 7429000.0,
        "Reconciled Cost Of Revenue": 312752000.0,
        "EBITDA": 70203000.0,
        "EBIT": 62774000.0,
        "Net Interest Income": -37872000.0,
        "Interest Expense": 37985000.0,
        "Interest Income": 113000.0,
        "Normalized Income": 6087580.0,
        "Net Income From Continuing And Discontinued Operation": 25599000.0,
        "Total Expenses": 434485000.0,
        "Rent Expense Supplemental": 3120000.0,
        "Total Operating Income As Reported": 37492000.0,
        "Diluted Average Shares": 189739000.0,
        "Basic Average Shares": 189071000.0,
        "Diluted EPS": 0.13,
        "Basic EPS": 0.14,
        "Diluted NI Availto Com Stockholders": 25599000.0,
        "Net Income Common Stockholders": 25599000.0,
        "Net Income": 25599000.0,
        "Net Income Including Noncontrolling Interests": 25599000.0,
        "Net Income Continuous Operations": 25599000.0,
        "Tax Provision": -810000.0,
        "Pretax Income": 24789000.0,
        "Other Income Expense": 25201000.0,
        "Other Non Operating Income Expenses": 503000.0,
        "Special Income Charges": 32000.0,
        "Impairment Of Capital Assets": 0.0,
        "Restructuring And Mergern Acquisition": -32000.0,
        "Gain On Sale Of Security": 24666000.0,
        "Net Non Operating Interest Income Expense": -37872000.0,
        "Total Other Finance Cost": NaN,
        "Interest Expense Non Operating": 37985000.0,
        "Interest Income Non Operating": 113000.0,
        "Operating Income": 37460000.0,
        "Operating Expense": 117795000.0,
        "Other Operating Expenses": -1183000.0,
        "Depreciation Amortization Depletion Income Statement": 3491000.0,
        "Depreciation And Amortization In Income Statement": 3491000.0,
        "Selling General And Administration": 115487000.0,
        "General And Administrative Expense": 115487000.0,
        "Other Gand A": 94577000.0,
        "Rent And Landing Fees": 3120000.0,
        "Salaries And Wages": 17790000.0,
        "Gross Profit": 155255000.0,
        "Cost Of Revenue": 316690000.0,
        "Total Revenue": 471945000.0,
        "Operating Revenue": 471945000.0
    },
    "2023-09-30": {
        "Tax Effect Of Unusual Items": -19203450.0,
        "Tax Rate For Calcs": 0.21,
        "Normalized EBITDA": 36564000.0,
        "Total Unusual Items": -91445000.0,
        "Total Unusual Items Excluding Goodwill": -91445000.0,
        "Net Income From Continuing Operation Net Minority Interest": -102389000.0,
        "Reconciled Depreciation": 7278000.0,
        "Reconciled Cost Of Revenue": 326430000.0,
        "EBITDA": -54881000.0,
        "EBIT": -62159000.0,
        "Net Interest Income": -39549000.0,
        "Interest Expense": 39599000.0,
        "Interest Income": 50000.0,
        "Normalized Income": -30147450.0,
        "Net Income From Continuing And Discontinued Operation": -102389000.0,
        "Total Expenses": 448798000.0,
        "Rent Expense Supplemental": 3301000.0,
        "Total Operating Income As Reported": -76352000.0,
        "Diluted Average Shares": 189139000.0,
        "Basic Average Shares": 189139000.0,
        "Diluted EPS": -0.54,
        "Basic EPS": -0.54,
        "Diluted NI Availto Com Stockholders": -102389000.0,
        "Net Income Common Stockholders": -102389000.0,
        "Net Income": -102389000.0,
        "Net Income Including Noncontrolling Interests": -102389000.0,
        "Net Income Continuous Operations": -102389000.0,
        "Tax Provision": 631000.0,
        "Pretax Income": -101758000.0,
        "Other Income Expense": -91421000.0,
        "Other Non Operating Income Expenses": 24000.0,
        "Special Income Charges": -105564000.0,
        "Impairment Of Capital Assets": 105136000.0,
        "Restructuring And Mergern Acquisition": 428000.0,
        "Gain On Sale Of Security": 14119000.0,
        "Net Non Operating Interest Income Expense": -39549000.0,
        "Total Other Finance Cost": NaN,
        "Interest Expense Non Operating": 39599000.0,
        "Interest Income Non Operating": 50000.0,
        "Operating Income": 29212000.0,
        "Operating Expense": 118052000.0,
        "Other Operating Expenses": -2878000.0,
        "Depreciation Amortization Depletion Income Statement": 2962000.0,
        "Depreciation And Amortization In Income Statement": 2962000.0,
        "Selling General And Administration": 117968000.0,
        "General And Administrative Expense": 117968000.0,
        "Other Gand A": 97561000.0,
        "Rent And Landing Fees": 3301000.0,
        "Salaries And Wages": 17106000.0,
        "Gross Profit": 147264000.0,
        "Cost Of Revenue": 330746000.0,
        "Total Revenue": 478010000.0,
        "Operating Revenue": 478010000.0
    },
    "2023-12-31": {
        "Tax Effect Of Unusual Items": -3941171.925938,
        "Tax Rate For Calcs": 0.185441,
        "Normalized EBITDA": 35280000.0,
        "Total Unusual Items": -21253000.0,
        "Total Unusual Items Excluding Goodwill": -21253000.0,
        "Net Income From Continuing Operation Net Minority Interest": -25736000.0,
        "Reconciled Depreciation": 7114000.0,
        "Reconciled Cost Of Revenue": 326563000.0,
        "EBITDA": 14027000.0,
        "EBIT": 6913000.0,
        "Net Interest Income": -39615000.0,
        "Interest Expense": 38508000.0,
        "Interest Income": 89000.0,
        "Normalized Income": -8424171.925938,
        "Net Income From Continuing And Discontinued Operation": -25736000.0,
        "Total Expenses": 449548000.0,
        "Rent Expense Supplemental": 3058000.0,
        "Total Operating Income As Reported": 29293000.0,
        "Diluted Average Shares": NaN,
        "Basic Average Shares": NaN,
        "Diluted EPS": NaN,
        "Basic EPS": NaN,
        "Diluted NI Availto Com Stockholders": -25736000.0,
        "Net Income Common Stockholders": -25736000.0,
        "Net Income": -25736000.0,
        "Net Income Including Noncontrolling Interests": -25736000.0,
        "Net Income Continuous Operations": -25736000.0,
        "Tax Provision": -5859000.0,
        "Pretax Income": -31595000.0,
        "Other Income Expense": -21273000.0,
        "Other Non Operating Income Expenses": -20000.0,
        "Special Income Charges": 0.0,
        "Impairment Of Capital Assets": 0.0,
        "Restructuring And Mergern Acquisition": 0.0,
        "Gain On Sale Of Security": -21253000.0,
        "Net Non Operating Interest Income Expense": -39615000.0,
        "Total Other Finance Cost": 1196000.0,
        "Interest Expense Non Operating": 38508000.0,
        "Interest Income Non Operating": 89000.0,
        "Operating Income": 29293000.0,
        "Operating Expense": 119155000.0,
        "Other Operating Expenses": 8620000.0,
        "Depreciation Amortization Depletion Income Statement": 3284000.0,
        "Depreciation And Amortization In Income Statement": 3284000.0,
        "Selling General And Administration": 107251000.0,
        "General And Administrative Expense": 107251000.0,
        "Other Gand A": 88424000.0,
        "Rent And Landing Fees": 3058000.0,
        "Salaries And Wages": 15769000.0,
        "Gross Profit": 148448000.0,
        "Cost Of Revenue": 330393000.0,
        "Total Revenue": 478841000.0,
        "Operating Revenue": 478841000.0
    },
    "2024-03-31": {
        "Tax Effect Of Unusual Items": 3762570.0,
        "Tax Rate For Calcs": 0.21,
        "Normalized EBITDA": 31142000.0,
        "Total Unusual Items": 17917000.0,
        "Total Unusual Items Excluding Goodwill": 17917000.0,
        "Net Income From Continuing Operation Net Minority Interest": -11172000.0,
        "Reconciled Depreciation": 9145000.0,
        "Reconciled Cost Of Revenue": 338566000.0,
        "EBITDA": 49059000.0,
        "EBIT": 39914000.0,
        "Net Interest Income": -39545000.0,
        "Interest Expense": 38424000.0,
        "Interest Income": 102000.0,
        "Normalized Income": -25326430.0,
        "Net Income From Continuing And Discontinued Operation": -11172000.0,
        "Total Expenses": 467787000.0,
        "Rent Expense Supplemental": 3013000.0,
        "Total Operating Income As Reported": 22866000.0,
        "Diluted Average Shares": 192241000.0,
        "Basic Average Shares": 192241000.0,
        "Diluted EPS": -0.06,
        "Basic EPS": -0.06,
        "Diluted NI Availto Com Stockholders": -11172000.0,
        "Net Income Common Stockholders": -11172000.0,
        "Net Income": -11172000.0,
        "Net Income Including Noncontrolling Interests": -11172000.0,
        "Net Income Continuous Operations": -11172000.0,
        "Tax Provision": 12662000.0,
        "Pretax Income": 1490000.0,
        "Other Income Expense": 18169000.0,
        "Other Non Operating Income Expenses": 252000.0,
        "Special Income Charges": 0.0,
        "Impairment Of Capital Assets": NaN,
        "Restructuring And Mergern Acquisition": 0.0,
        "Gain On Sale Of Security": 17917000.0,
        "Net Non Operating Interest Income Expense": -39545000.0,
        "Total Other Finance Cost": 1223000.0,
        "Interest Expense Non Operating": 38424000.0,
        "Interest Income Non Operating": 102000.0,
        "Operating Income": 22866000.0,
        "Operating Expense": 122988000.0,
        "Other Operating Expenses": 2897000.0,
        "Depreciation Amortization Depletion Income Statement": 2912000.0,
        "Depreciation And Amortization In Income Statement": 2912000.0,
        "Selling General And Administration": 117179000.0,
        "General And Administrative Expense": 117179000.0,
        "Other Gand A": 95865000.0,
        "Rent And Landing Fees": 3013000.0,
        "Salaries And Wages": 18301000.0,
        "Gross Profit": 145854000.0,
        "Cost Of Revenue": 344799000.0,
        "Total Revenue": 490653000.0,
        "Operating Revenue": 490653000.0
    },
    "2024-06-30": {
        "Tax Effect Of Unusual Items": 1352610.0,
        "Tax Rate For Calcs": 0.21,
        "Normalized EBITDA": 44618000.0,
        "Total Unusual Items": 6441000.0,
        "Total Unusual Items Excluding Goodwill": 6441000.0,
        "Net Income From Continuing Operation Net Minority Interest": 13906000.0,
        "Reconciled Depreciation": 7467000.0,
        "Reconciled Cost Of Revenue": 342057000.0,
        "EBITDA": 51059000.0,
        "EBIT": 43592000.0,
        "Net Interest Income": -39518000.0,
        "Interest Expense": 39613000.0,
        "Interest Income": 95000.0,
        "Normalized Income": 8817610.0,
        "Net Income From Continuing And Discontinued Operation": 13906000.0,
        "Total Expenses": 467832000.0,
        "Rent Expense Supplemental": 3203000.0,
        "Total Operating Income As Reported": 37126000.0,
        "Diluted Average Shares": 196869000.0,
        "Basic Average Shares": 192600000.0,
        "Diluted EPS": 0.07,
        "Basic EPS": 0.07,
        "Diluted NI Availto Com Stockholders": 13906000.0,
        "Net Income Common Stockholders": 13906000.0,
        "Net Income": 13906000.0,
        "Net Income Including Noncontrolling Interests": 13906000.0,
        "Net Income Continuous Operations": 13906000.0,
        "Tax Provision": -9927000.0,
        "Pretax Income": 3979000.0,
        "Other Income Expense": 6371000.0,
        "Other Non Operating Income Expenses": -70000.0,
        "Special Income Charges": 0.0,
        "Impairment Of Capital Assets": NaN,
        "Restructuring And Mergern Acquisition": 0.0,
        "Gain On Sale Of Security": 6441000.0,
        "Net Non Operating Interest Income Expense": -39518000.0,
        "Total Other Finance Cost": NaN,
        "Interest Expense Non Operating": 39613000.0,
        "Interest Income Non Operating": 95000.0,
        "Operating Income": 37126000.0,
        "Operating Expense": 121141000.0,
        "Other Operating Expenses": 1949000.0,
        "Depreciation Amortization Depletion Income Statement": 2833000.0,
        "Depreciation And Amortization In Income Statement": 2833000.0,
        "Selling General And Administration": 116359000.0,
        "General And Administrative Expense": 116359000.0,
        "Other Gand A": 92921000.0,
        "Rent And Landing Fees": 3203000.0,
        "Salaries And Wages": 20235000.0,
        "Gross Profit": 158267000.0,
        "Cost Of Revenue": 346691000.0,
        "Total Revenue": 504958000.0,
        "Operating Revenue": 504958000.0
    }
}