{
    "2023-04-30": {
        "Tax Effect Of Unusual Items": 0.0,
        "Tax Rate For Calcs": 0.037726,
        "Normalized EBITDA": -111955000.0,
        "Net Income From Continuing Operation Net Minority Interest": -160473000.0,
        "Reconciled Depreciation": 51890000.0,
        "Reconciled Cost Of Revenue": 117641000.0,
        "EBITDA": -111955000.0,
        "EBIT": -163845000.0,
        "Net Interest Income": -2646000.0,
        "Interest Expense": 2646000.0,
        "Normalized Income": -160473000.0,
        "Net Income From Continuing And Discontinued Operation": -160473000.0,
        "Total Expenses": 195706000.0,
        "Total Operating Income As Reported": -165682000.0,
        "Diluted Average Shares": 25451034.0,
        "Basic Average Shares": 25451034.0,
        "Diluted EPS": -6.31,
        "Basic EPS": -6.31,
        "Diluted NI Availto Com Stockholders": -160473000.0,
        "Net Income Common Stockholders": -160473000.0,
        "Net Income": -160473000.0,
        "Minority Interests": 0.0,
        "Net Income Including Noncontrolling Interests": -160473000.0,
        "Net Income Continuous Operations": -160473000.0,
        "Earnings From Equity Interest Net Of Tax": -263000.0,
        "Tax Provision": -6281000.0,
        "Pretax Income": -166491000.0,
        "Other Income Expense": -154180000.0,
        "Other Non Operating Income Expenses": 1837000.0,
        "Net Non Operating Interest Income Expense": -2646000.0,
        "Interest Expense Non Operating": 2646000.0,
        "Operating Income": -9665000.0,
        "Operating Expense": 78065000.0,
        "Research And Development": 16462000.0,
        "Selling General And Administration": 61603000.0,
        "Gross Profit": 68400000.0,
        "Cost Of Revenue": 117641000.0,
        "Total Revenue": 186041000.0,
        "Operating Revenue": 186041000.0
    },
    "2023-01-31": {
        "Tax Effect Of Unusual Items": 0.0,
        "Tax Rate For Calcs": 0.21,
        "Normalized EBITDA": 17854000.0,
        "Net Income From Continuing Operation Net Minority Interest": -676000.0,
        "Reconciled Depreciation": 15834000.0,
        "Reconciled Cost Of Revenue": 88885000.0,
        "EBITDA": 17854000.0,
        "EBIT": 2020000.0,
        "Net Interest Income": -2810000.0,
        "Interest Expense": 2810000.0,
        "Normalized Income": -676000.0,
        "Net Income From Continuing And Discontinued Operation": -676000.0,
        "Total Expenses": 129788000.0,
        "Total Operating Income As Reported": 4607000.0,
        "Diluted Average Shares": 25012412.0,
        "Basic Average Shares": 25012412.0,
        "Diluted EPS": -0.03,
        "Basic EPS": -0.03,
        "Diluted NI Availto Com Stockholders": -676000.0,
        "Net Income Common Stockholders": -676000.0,
        "Net Income": -676000.0,
        "Minority Interests": 0.0,
        "Net Income Including Noncontrolling Interests": -676000.0,
        "Net Income Continuous Operations": -676000.0,
        "Earnings From Equity Interest Net Of Tax": -417000.0,
        "Tax Provision": -531000.0,
        "Pretax Income": -790000.0,
        "Other Income Expense": -2587000.0,
        "Other Non Operating Income Expenses": -2587000.0,
        "Net Non Operating Interest Income Expense": -2810000.0,
        "Interest Expense Non Operating": 2810000.0,
        "Operating Income": 4607000.0,
        "Operating Expense": 40903000.0,
        "Research And Development": 16157000.0,
        "Selling General And Administration": 24746000.0,
        "Gross Profit": 45510000.0,
        "Cost Of Revenue": 88885000.0,
        "Total Revenue": 134395000.0,
        "Operating Revenue": 134395000.0
    },
    "2022-10-31": {
        "Tax Effect Of Unusual Items": 0.0,
        "Tax Rate For Calcs": 0.21,
        "Normalized EBITDA": 4771000.0,
        "Net Income From Continuing Operation Net Minority Interest": -6668000.0,
        "Reconciled Depreciation": 18275000.0,
        "Reconciled Cost Of Revenue": 85694000.0,
        "EBITDA": 4771000.0,
        "EBIT": -13504000.0,
        "Net Interest Income": -2309000.0,
        "Interest Expense": 2309000.0,
        "Normalized Income": -6668000.0,
        "Net Income From Continuing And Discontinued Operation": -6668000.0,
        "Total Expenses": 125898000.0,
        "Total Operating Income As Reported": -14314000.0,
        "Diluted Average Shares": 24900873.0,
        "Basic Average Shares": 24900873.0,
        "Diluted EPS": -0.27,
        "Basic EPS": -0.27,
        "Diluted NI Availto Com Stockholders": -6668000.0,
        "Net Income Common Stockholders": -6668000.0,
        "Net Income": -6668000.0,
        "Minority Interests": -39000.0,
        "Net Income Including Noncontrolling Interests": -6629000.0,
        "Net Income Continuous Operations": -6629000.0,
        "Earnings From Equity Interest Net Of Tax": -1273000.0,
        "Tax Provision": -10457000.0,
        "Pretax Income": -15813000.0,
        "Other Income Expense": 810000.0,
        "Other Non Operating Income Expenses": 810000.0,
        "Net Non Operating Interest Income Expense": -2309000.0,
        "Interest Expense Non Operating": 2309000.0,
        "Operating Income": -14314000.0,
        "Operating Expense": 40204000.0,
        "Research And Development": 16591000.0,
        "Selling General And Administration": 23613000.0,
        "Gross Profit": 25890000.0,
        "Cost Of Revenue": 85694000.0,
        "Total Revenue": 111584000.0,
        "Operating Revenue": 111584000.0
    },
    "2022-07-31": {
        "Tax Effect Of Unusual Items": 0.0,
        "Tax Rate For Calcs": 0.4,
        "Normalized EBITDA": 10320000.0,
        "Total Unusual Items": NaN,
        "Total Unusual Items Excluding Goodwill": NaN,
        "Net Income From Continuing Operation Net Minority Interest": -8395000.0,
        "Reconciled Depreciation": 14000000.0,
        "Reconciled Cost Of Revenue": 74802000.0,
        "EBITDA": 10320000.0,
        "EBIT": -3680000.0,
        "Net Interest Income": -1603000.0,
        "Interest Expense": 1603000.0,
        "Normalized Income": -8395000.0,
        "Net Income From Continuing And Discontinued Operation": -8395000.0,
        "Total Expenses": 111790000.0,
        "Total Operating Income As Reported": -3274000.0,
        "Diluted Average Shares": 24804232.0,
        "Basic Average Shares": 24804232.0,
        "Diluted EPS": -0.34,
        "Basic EPS": -0.34,
        "Diluted NI Availto Com Stockholders": -8395000.0,
        "Net Income Common Stockholders": -8395000.0,
        "Net Income": -8395000.0,
        "Minority Interests": -6000.0,
        "Net Income Including Noncontrolling Interests": -8389000.0,
        "Net Income Continuous Operations": -8389000.0,
        "Earnings From Equity Interest Net Of Tax": -500000.0,
        "Tax Provision": 2606000.0,
        "Pretax Income": -5283000.0,
        "Other Income Expense": -406000.0,
        "Other Non Operating Income Expenses": -406000.0,
        "Special Income Charges": NaN,
        "Gain On Sale Of Business": NaN,
        "Impairment Of Capital Assets": NaN,
        "Net Non Operating Interest Income Expense": -1603000.0,
        "Interest Expense Non Operating": 1603000.0,
        "Operating Income": -3274000.0,
        "Operating Expense": 36988000.0,
        "Research And Development": 15045000.0,
        "Selling General And Administration": 21943000.0,
        "Gross Profit": 33714000.0,
        "Cost Of Revenue": 74802000.0,
        "Total Revenue": 108516000.0,
        "Operating Revenue": 108516000.0
    },
    "2022-04-30": {
        "Diluted EPS": 0.3,
        "Total Revenue": 133,
        "Gross Profit": 49,
        "Operating Income": 13,
        "EBIT": 27,
        "Net Income": 7
    },
    "2022-01-31": {
        "Diluted EPS": 0.0,
        "Total Revenue": 90,
        "Gross Profit": 21,
        "Operating Income": -14,
        "EBIT": 4,
        "Net Income": 0
    },
    "2021-10-31": {
        "Diluted EPS": 0.1,
        "Total Revenue": 122,
        "Gross Profit": 42,
        "Operating Income": 3,
        "EBIT": 20,
        "Net Income": 3
    },
    "2021-07-31": {
        "Diluted EPS": -0.57,
        "Total Revenue": 101,
        "Gross Profit": 29,
        "Operating Income": -12,
        "EBIT": 2,
        "Net Income": -14
    },
    "2021-04-30": {
        "Diluted EPS": 0.44,
        "Total Revenue": 136,
        "Gross Profit": 60,
        "Operating Income": 18,
        "EBIT": 29,
        "Net Income": 11
    },
    "2021-01-31": {
        "Diluted EPS": 0.01,
        "Total Revenue": 79,
        "Gross Profit": 29,
        "Operating Income": -1,
        "EBIT": 2,
        "Net Income": 0
    },
    "2020-10-31": {
        "Diluted EPS": 0.09,
        "Total Revenue": 93,
        "Gross Profit": 41,
        "Operating Income": 14,
        "EBIT": 17,
        "Net Income": 2
    },
    "2020-07-31": {
        "Diluted EPS": 0.42,
        "Total Revenue": 87,
        "Gross Profit": 35,
        "Operating Income": 12,
        "EBIT": 15,
        "Net Income": 10
    },
    "2020-04-30": {
        "Diluted EPS": 0.73,
        "Total Revenue": 135,
        "Gross Profit": 53,
        "Operating Income": 21,
        "EBIT": 24,
        "Net Income": 17
    },
    "2020-01-31": {
        "Diluted EPS": -0.04,
        "Total Revenue": 62,
        "Gross Profit": 23,
        "Operating Income": -1,
        "EBIT": 2,
        "Net Income": -1
    },
    "2019-10-31": {
        "Diluted EPS": 0.31,
        "Total Revenue": 83,
        "Gross Profit": 35,
        "Operating Income": 8,
        "EBIT": 10,
        "Net Income": 8
    },
    "2019-07-31": {
        "Diluted EPS": 0.71,
        "Total Revenue": 87,
        "Gross Profit": 41,
        "Operating Income": 19,
        "EBIT": 21,
        "Net Income": 17
    },
    "2019-04-30": {
        "Diluted EPS": 0.23,
        "Total Revenue": 88,
        "Gross Profit": 37,
        "Operating Income": 5,
        "EBIT": 7,
        "Net Income": 6
    },
    "2019-01-31": {
        "Diluted EPS": 0.35,
        "Total Revenue": 75,
        "Gross Profit": 30,
        "Operating Income": 8,
        "EBIT": 10,
        "Net Income": 8
    },
    "2018-10-31": {
        "Diluted EPS": 0.25,
        "Total Revenue": 73,
        "Gross Profit": 28,
        "Operating Income": 7,
        "EBIT": 8,
        "Net Income": 6
    },
    "2018-07-31": {
        "Diluted EPS": 1.14,
        "Total Revenue": 78,
        "Gross Profit": 33,
        "Operating Income": 14,
        "EBIT": 16,
        "Net Income": 27
    },
    "2018-04-30": {
        "Diluted EPS": 0.71,
        "Total Revenue": 114,
        "Gross Profit": 51,
        "Operating Income": 28,
        "EBIT": 30,
        "Net Income": 17
    },
    "2018-01-31": {
        "Diluted EPS": -0.03,
        "Total Revenue": 55,
        "Gross Profit": 18,
        "Operating Income": 0,
        "EBIT": 2,
        "Net Income": -1
    },
    "2017-10-31": {
        "Diluted EPS": 0.32,
        "Total Revenue": 66,
        "Gross Profit": 30,
        "Operating Income": 11,
        "EBIT": 12,
        "Net Income": 8
    },
    "2017-07-31": {
        "Diluted EPS": -0.25,
        "Total Revenue": 34,
        "Gross Profit": 9,
        "Operating Income": -8,
        "EBIT": -7,
        "Net Income": -6
    },
    "2017-04-30": {
        "Diluted EPS": 1.34,
        "Total Revenue": 94,
        "Gross Profit": 53,
        "Operating Income": 42,
        "EBIT": 42,
        "Net Income": 31
    },
    "2017-01-31": {
        "Diluted EPS": -0.09,
        "Total Revenue": 53,
        "Gross Profit": 19,
        "Operating Income": -1,
        "EBIT": 0,
        "Net Income": -2
    },
    "2016-10-31": {
        "Diluted EPS": -0.18,
        "Total Revenue": 50,
        "Gross Profit": 17,
        "Operating Income": -4,
        "EBIT": -3,
        "Net Income": -4
    },
    "2016-07-31": {
        "Diluted EPS": -0.51,
        "Total Revenue": 36,
        "Gross Profit": 7,
        "Operating Income": -16,
        "EBIT": -14,
        "Net Income": -12
    },
    "2016-04-30": {
        "Diluted EPS": 0.23,
        "Total Revenue": 54,
        "Gross Profit": 31,
        "Operating Income": 17,
        "EBIT": 16,
        "Net Income": 5
    },
    "2016-01-31": {
        "Diluted EPS": 0.27,
        "Total Revenue": 68,
        "Gross Profit": 27,
        "Operating Income": 5,
        "EBIT": 7,
        "Net Income": 6
    },
    "2015-10-31": {
        "Diluted EPS": 0.19,
        "Total Revenue": 65,
        "Gross Profit": 32,
        "Operating Income": 7,
        "EBIT": 8,
        "Net Income": 4
    },
    "2015-07-31": {
        "Diluted EPS": -0.3,
        "Total Revenue": 47,
        "Gross Profit": 16,
        "Operating Income": -9,
        "EBIT": -8,
        "Net Income": -7
    },
    "2015-04-30": {
        "Diluted EPS": 0.32,
        "Total Revenue": 86,
        "Gross Profit": 45,
        "Operating Income": 7,
        "EBIT": 9,
        "Net Income": 7
    },
    "2015-01-31": {
        "Diluted EPS": 0.1,
        "Total Revenue": 68,
        "Gross Profit": 27,
        "Operating Income": 5,
        "EBIT": 7,
        "Net Income": 2
    },
    "2014-10-31": {
        "Diluted EPS": -0.13,
        "Total Revenue": 53,
        "Gross Profit": 18,
        "Operating Income": -4,
        "EBIT": -2,
        "Net Income": -3
    },
    "2014-07-31": {
        "Diluted EPS": -0.16,
        "Total Revenue": 52,
        "Gross Profit": 14,
        "Operating Income": -6,
        "EBIT": -4,
        "Net Income": -4
    },
    "2014-04-30": {
        "Diluted EPS": 0.36,
        "Total Revenue": 73,
        "Gross Profit": 30,
        "Operating Income": 7,
        "EBIT": 9,
        "Net Income": 8
    },
    "2014-01-31": {
        "Diluted EPS": 0.49,
        "Total Revenue": 69,
        "Gross Profit": 27,
        "Operating Income": 9,
        "EBIT": 11,
        "Net Income": 11
    },
    "2013-10-31": {
        "Diluted EPS": 0.07,
        "Total Revenue": 65,
        "Gross Profit": 24,
        "Operating Income": 4,
        "EBIT": 6,
        "Net Income": 2
    },
    "2013-07-31": {
        "Diluted EPS": -0.32,
        "Total Revenue": 44,
        "Gross Profit": 13,
        "Operating Income": -7,
        "EBIT": -5,
        "Net Income": -7
    },
    "2013-04-30": {
        "Diluted EPS": -0.03,
        "Total Revenue": 54,
        "Gross Profit": 18,
        "Operating Income": -6,
        "EBIT": -3,
        "Net Income": -1
    },
    "2013-01-31": {
        "Diluted EPS": 0.17,
        "Total Revenue": 47,
        "Gross Profit": 20,
        "Operating Income": -1,
        "EBIT": 1,
        "Net Income": 4
    },
    "2012-10-31": {
        "Diluted EPS": 0.39,
        "Total Revenue": 80,
        "Gross Profit": 36,
        "Operating Income": 13,
        "EBIT": 16,
        "Net Income": 9
    },
    "2012-07-31": {
        "Diluted EPS": -0.06,
        "Total Revenue": 59,
        "Gross Profit": 20,
        "Operating Income": -2,
        "EBIT": 1,
        "Net Income": -1
    },
    "2012-04-30": {
        "Diluted EPS": 0.79,
        "Total Revenue": 111,
        "Gross Profit": 50,
        "Operating Income": 26,
        "EBIT": 28,
        "Net Income": 18
    },
    "2012-01-31": {
        "Diluted EPS": 0.26,
        "Total Revenue": 72,
        "Gross Profit": 27,
        "Operating Income": 7,
        "EBIT": 10,
        "Net Income": 6
    },
    "2011-10-31": {
        "Diluted EPS": 0.3,
        "Total Revenue": 80,
        "Gross Profit": 31,
        "Operating Income": 10,
        "EBIT": 12,
        "Net Income": 7
    },
    "2011-07-31": {
        "Diluted EPS": 0.01,
        "Total Revenue": 62,
        "Gross Profit": 22,
        "Operating Income": 0,
        "EBIT": 2,
        "Net Income": 0
    },
    "2011-04-30": {
        "Diluted EPS": 0.8,
        "Total Revenue": 106,
        "Gross Profit": 49,
        "Operating Income": 25,
        "EBIT": 28,
        "Net Income": 18
    },
    "2011-01-31": {
        "Diluted EPS": 0.52,
        "Total Revenue": 84,
        "Gross Profit": 34,
        "Operating Income": 16,
        "EBIT": 18,
        "Net Income": 11
    },
    "2010-10-31": {
        "Diluted EPS": 0.01,
        "Total Revenue": 64,
        "Gross Profit": 22,
        "Operating Income": 0,
        "EBIT": 3,
        "Net Income": 0
    },
    "2010-07-31": {
        "Diluted EPS": -0.16,
        "Total Revenue": 38,
        "Gross Profit": 12,
        "Operating Income": -7,
        "EBIT": -5,
        "Net Income": -3
    },
    "2010-04-30": {
        "Diluted EPS": 0.71,
        "Total Revenue": 99,
        "Gross Profit": 43,
        "Operating Income": 23,
        "EBIT": 26,
        "Net Income": 16
    },
    "2010-01-31": {
        "Diluted EPS": 0.3,
        "Total Revenue": 61,
        "Gross Profit": 23,
        "Operating Income": 8,
        "EBIT": 11,
        "Net Income": 7
    },
    "2009-10-31": {
        "Diluted EPS": 0.1,
        "Total Revenue": 51,
        "Gross Profit": 20,
        "Operating Income": 3,
        "EBIT": 6,
        "Net Income": 2
    },
    "2009-07-31": {
        "Diluted EPS": -0.17,
        "Total Revenue": 38,
        "Gross Profit": 11,
        "Operating Income": -5,
        "EBIT": -4,
        "Net Income": -4
    },
    "2009-04-30": {
        "Diluted EPS": 0.27,
        "Total Revenue": 76,
        "Gross Profit": 26,
        "Operating Income": 9,
        "EBIT": 11,
        "Net Income": 6
    },
    "2009-01-31": {
        "Diluted EPS": 0.21,
        "Total Revenue": 52,
        "Gross Profit": 17,
        "Operating Income": 4,
        "EBIT": 6,
        "Net Income": 5
    },
    "2023-07-31": {
        "Tax Effect Of Unusual Items": 0.0,
        "Tax Rate For Calcs": 0.057,
        "Normalized EBITDA": 32189000.0,
        "Net Income From Continuing Operation Net Minority Interest": 21895000.0,
        "Reconciled Depreciation": 6951000.0,
        "Reconciled Cost Of Revenue": 86687000.0,
        "EBITDA": 32189000.0,
        "EBIT": 25238000.0,
        "Net Interest Income": -2008000.0,
        "Interest Expense": 2008000.0,
        "Normalized Income": 21895000.0,
        "Net Income From Continuing And Discontinued Operation": 21895000.0,
        "Total Expenses": 125980000.0,
        "Total Operating Income As Reported": 26367000.0,
        "Diluted Average Shares": 26179042.0,
        "Basic Average Shares": 26088277.0,
        "Diluted EPS": 0.84,
        "Basic EPS": 0.84,
        "Diluted NI Availto Com Stockholders": 21895000.0,
        "Net Income Common Stockholders": 21895000.0,
        "Net Income": 21895000.0,
        "Minority Interests": 0.0,
        "Net Income Including Noncontrolling Interests": 21895000.0,
        "Net Income Continuous Operations": 21895000.0,
        "Earnings From Equity Interest Net Of Tax": -21000.0,
        "Tax Provision": 1314000.0,
        "Pretax Income": 23230000.0,
        "Other Income Expense": -1129000.0,
        "Other Non Operating Income Expenses": -1129000.0,
        "Net Non Operating Interest Income Expense": -2008000.0,
        "Interest Expense Non Operating": 2008000.0,
        "Operating Income": 26367000.0,
        "Operating Expense": 39293000.0,
        "Research And Development": 15466000.0,
        "Selling General And Administration": 23827000.0,
        "Gross Profit": 65660000.0,
        "Cost Of Revenue": 86687000.0,
        "Total Revenue": 152347000.0,
        "Operating Revenue": 152347000.0
    },
    "2023-10-31": {
        "Tax Effect Of Unusual Items": 0.0,
        "Tax Rate For Calcs": 0.056,
        "Normalized EBITDA": 30756000.0,
        "Net Income From Continuing Operation Net Minority Interest": 17840000.0,
        "Reconciled Depreciation": 8436000.0,
        "Reconciled Cost Of Revenue": 105466000.0,
        "EBITDA": 30756000.0,
        "EBIT": 22320000.0,
        "Net Interest Income": -1950000.0,
        "Interest Expense": 1950000.0,
        "Normalized Income": 17840000.0,
        "Net Income From Continuing And Discontinued Operation": 17840000.0,
        "Total Expenses": 155638000.0,
        "Total Operating Income As Reported": 25178000.0,
        "Diluted Average Shares": 26956806.0,
        "Basic Average Shares": 26865763.0,
        "Diluted EPS": 0.66,
        "Basic EPS": 0.66,
        "Diluted NI Availto Com Stockholders": 17840000.0,
        "Net Income Common Stockholders": 17840000.0,
        "Net Income": 17840000.0,
        "Minority Interests": 0.0,
        "Net Income Including Noncontrolling Interests": 17840000.0,
        "Net Income Continuous Operations": 17840000.0,
        "Earnings From Equity Interest Net Of Tax": -1393000.0,
        "Tax Provision": 1137000.0,
        "Pretax Income": 20370000.0,
        "Other Income Expense": -2858000.0,
        "Other Non Operating Income Expenses": -2858000.0,
        "Net Non Operating Interest Income Expense": -1950000.0,
        "Interest Expense Non Operating": 1950000.0,
        "Operating Income": 25178000.0,
        "Operating Expense": 50172000.0,
        "Research And Development": 22025000.0,
        "Selling General And Administration": 28147000.0,
        "Gross Profit": 75350000.0,
        "Cost Of Revenue": 105466000.0,
        "Total Revenue": 180816000.0,
        "Operating Revenue": 180816000.0
    },
    "2024-01-31": {
        "Tax Effect Of Unusual Items": 0.0,
        "Tax Rate For Calcs": 0.083,
        "Normalized EBITDA": 24920000.0,
        "Net Income From Continuing Operation Net Minority Interest": 13885000.0,
        "Reconciled Depreciation": 9582000.0,
        "Reconciled Cost Of Revenue": 119291000.0,
        "EBITDA": 24920000.0,
        "EBIT": 15338000.0,
        "Net Interest Income": -114000.0,
        "Interest Expense": 114000.0,
        "Normalized Income": 13885000.0,
        "Net Income From Continuing And Discontinued Operation": 13885000.0,
        "Total Expenses": 172244000.0,
        "Total Operating Income As Reported": 14334000.0,
        "Diluted Average Shares": 28044127.0,
        "Basic Average Shares": 27907568.0,
        "Diluted EPS": 0.5,
        "Basic EPS": 0.5,
        "Diluted NI Availto Com Stockholders": 13885000.0,
        "Net Income Common Stockholders": 13885000.0,
        "Net Income": 13885000.0,
        "Minority Interests": 0.0,
        "Net Income Including Noncontrolling Interests": 13885000.0,
        "Net Income Continuous Operations": 13885000.0,
        "Earnings From Equity Interest Net Of Tax": -80000.0,
        "Tax Provision": 1259000.0,
        "Pretax Income": 15224000.0,
        "Other Income Expense": 1004000.0,
        "Other Non Operating Income Expenses": 1004000.0,
        "Net Non Operating Interest Income Expense": -114000.0,
        "Interest Expense Non Operating": 114000.0,
        "Operating Income": 14334000.0,
        "Operating Expense": 52953000.0,
        "Research And Development": 25127000.0,
        "Selling General And Administration": 27826000.0,
        "Gross Profit": 67287000.0,
        "Cost Of Revenue": 119291000.0,
        "Total Revenue": 186578000.0,
        "Operating Revenue": 186578000.0
    }
}