{
    "2023-03-31": {
        "Tax Effect Of Unusual Items": NaN,
        "Tax Rate For Calcs": NaN,
        "Normalized EBITDA": NaN,
        "Total Unusual Items": NaN,
        "Total Unusual Items Excluding Goodwill": NaN,
        "Net Income From Continuing Operation Net Minority Interest": NaN,
        "Reconciled Depreciation": NaN,
        "Reconciled Cost Of Revenue": NaN,
        "EBITDA": NaN,
        "EBIT": NaN,
        "Net Interest Income": NaN,
        "Interest Expense": NaN,
        "Interest Income": NaN,
        "Normalized Income": NaN,
        "Net Income From Continuing And Discontinued Operation": NaN,
        "Total Expenses": NaN,
        "Total Operating Income As Reported": NaN,
        "Diluted Average Shares": 29073000.0,
        "Basic Average Shares": 28367000.0,
        "Diluted EPS": 0.07,
        "Basic EPS": 0.07,
        "Diluted NI Availto Com Stockholders": NaN,
        "Net Income Common Stockholders": NaN,
        "Net Income": NaN,
        "Net Income Including Noncontrolling Interests": NaN,
        "Net Income Continuous Operations": NaN,
        "Tax Provision": NaN,
        "Pretax Income": NaN,
        "Other Income Expense": NaN,
        "Special Income Charges": NaN,
        "Restructuring And Mergern Acquisition": NaN,
        "Gain On Sale Of Security": NaN,
        "Net Non Operating Interest Income Expense": NaN,
        "Total Other Finance Cost": NaN,
        "Interest Expense Non Operating": NaN,
        "Interest Income Non Operating": NaN,
        "Operating Income": NaN,
        "Operating Expense": NaN,
        "Depreciation Amortization Depletion Income Statement": 3360000.0,
        "Depreciation And Amortization In Income Statement": 3360000.0,
        "Amortization": 3360000.0,
        "Amortization Of Intangibles Income Statement": 3360000.0,
        "Research And Development": NaN,
        "Selling General And Administration": NaN,
        "Selling And Marketing Expense": 13371000.0,
        "General And Administrative Expense": 9671000.0,
        "Other Gand A": 9671000.0,
        "Gross Profit": NaN,
        "Cost Of Revenue": NaN,
        "Total Revenue": NaN,
        "Operating Revenue": NaN
    },
    "2022-12-31": {
        "Tax Effect Of Unusual Items": NaN,
        "Tax Rate For Calcs": NaN,
        "Normalized EBITDA": NaN,
        "Total Unusual Items": NaN,
        "Total Unusual Items Excluding Goodwill": NaN,
        "Net Income From Continuing Operation Net Minority Interest": NaN,
        "Reconciled Depreciation": NaN,
        "Reconciled Cost Of Revenue": NaN,
        "EBITDA": NaN,
        "EBIT": NaN,
        "Net Interest Income": NaN,
        "Interest Expense": NaN,
        "Interest Income": NaN,
        "Normalized Income": NaN,
        "Net Income From Continuing And Discontinued Operation": NaN,
        "Total Expenses": NaN,
        "Total Operating Income As Reported": NaN,
        "Diluted Average Shares": NaN,
        "Basic Average Shares": NaN,
        "Diluted EPS": NaN,
        "Basic EPS": NaN,
        "Diluted NI Availto Com Stockholders": NaN,
        "Net Income Common Stockholders": NaN,
        "Net Income": NaN,
        "Net Income Including Noncontrolling Interests": NaN,
        "Net Income Continuous Operations": NaN,
        "Earnings From Equity Interest Net Of Tax": 0.0,
        "Tax Provision": NaN,
        "Pretax Income": NaN,
        "Other Income Expense": NaN,
        "Special Income Charges": 0.0,
        "Restructuring And Mergern Acquisition": 0.0,
        "Gain On Sale Of Security": NaN,
        "Net Non Operating Interest Income Expense": NaN,
        "Total Other Finance Cost": NaN,
        "Interest Expense Non Operating": NaN,
        "Interest Income Non Operating": NaN,
        "Operating Income": NaN,
        "Operating Expense": NaN,
        "Depreciation Amortization Depletion Income Statement": NaN,
        "Depreciation And Amortization In Income Statement": NaN,
        "Amortization": NaN,
        "Amortization Of Intangibles Income Statement": NaN,
        "Research And Development": NaN,
        "Selling General And Administration": NaN,
        "Selling And Marketing Expense": NaN,
        "General And Administrative Expense": NaN,
        "Other Gand A": NaN,
        "Gross Profit": NaN,
        "Cost Of Revenue": NaN,
        "Total Revenue": NaN,
        "Operating Revenue": NaN
    },
    "2022-09-30": {
        "Tax Effect Of Unusual Items": NaN,
        "Tax Rate For Calcs": NaN,
        "Normalized EBITDA": NaN,
        "Total Unusual Items": NaN,
        "Total Unusual Items Excluding Goodwill": NaN,
        "Net Income From Continuing Operation Net Minority Interest": NaN,
        "Reconciled Depreciation": NaN,
        "Reconciled Cost Of Revenue": NaN,
        "EBITDA": NaN,
        "EBIT": NaN,
        "Net Interest Income": NaN,
        "Interest Expense": NaN,
        "Interest Income": 1000.0,
        "Normalized Income": NaN,
        "Net Income From Continuing And Discontinued Operation": NaN,
        "Total Expenses": NaN,
        "Total Operating Income As Reported": NaN,
        "Diluted Average Shares": 29805000.0,
        "Basic Average Shares": 29214000.0,
        "Diluted EPS": 0.23,
        "Basic EPS": 0.23,
        "Diluted NI Availto Com Stockholders": NaN,
        "Net Income Common Stockholders": NaN,
        "Net Income": NaN,
        "Net Income Including Noncontrolling Interests": NaN,
        "Net Income Continuous Operations": NaN,
        "Earnings From Equity Interest Net Of Tax": 0.0,
        "Tax Provision": NaN,
        "Pretax Income": NaN,
        "Other Income Expense": NaN,
        "Special Income Charges": 0.0,
        "Restructuring And Mergern Acquisition": 0.0,
        "Gain On Sale Of Security": NaN,
        "Net Non Operating Interest Income Expense": NaN,
        "Total Other Finance Cost": NaN,
        "Interest Expense Non Operating": NaN,
        "Interest Income Non Operating": 1000.0,
        "Operating Income": NaN,
        "Operating Expense": NaN,
        "Depreciation Amortization Depletion Income Statement": NaN,
        "Depreciation And Amortization In Income Statement": NaN,
        "Amortization": NaN,
        "Amortization Of Intangibles Income Statement": NaN,
        "Research And Development": NaN,
        "Selling General And Administration": NaN,
        "Selling And Marketing Expense": NaN,
        "General And Administrative Expense": NaN,
        "Other Gand A": NaN,
        "Gross Profit": NaN,
        "Cost Of Revenue": NaN,
        "Total Revenue": NaN,
        "Operating Revenue": NaN
    },
    "2022-06-30": {
        "Tax Effect Of Unusual Items": -138602.825746,
        "Tax Rate For Calcs": 0.285191,
        "Normalized EBITDA": 10813000.0,
        "Total Unusual Items": -486000.0,
        "Total Unusual Items Excluding Goodwill": -486000.0,
        "Net Income From Continuing Operation Net Minority Interest": 6830000.0,
        "Reconciled Depreciation": 5774000.0,
        "Reconciled Cost Of Revenue": 88305000.0,
        "EBITDA": 10327000.0,
        "EBIT": 10327000.0,
        "Net Interest Income": -772000.0,
        "Interest Expense": 772000.0,
        "Interest Income": NaN,
        "Normalized Income": 7177397.174254,
        "Net Income From Continuing And Discontinued Operation": 6830000.0,
        "Total Expenses": 137271000.0,
        "Total Operating Income As Reported": 10813000.0,
        "Diluted Average Shares": 30225000.0,
        "Basic Average Shares": 29602000.0,
        "Diluted EPS": 0.23,
        "Basic EPS": 0.23,
        "Diluted NI Availto Com Stockholders": 6830000.0,
        "Net Income Common Stockholders": 6830000.0,
        "Net Income": 6830000.0,
        "Net Income Including Noncontrolling Interests": 6830000.0,
        "Net Income Continuous Operations": 6830000.0,
        "Earnings From Equity Interest Net Of Tax": 0.0,
        "Tax Provision": 2725000.0,
        "Pretax Income": 9555000.0,
        "Other Income Expense": -486000.0,
        "Special Income Charges": 0.0,
        "Restructuring And Mergern Acquisition": 0.0,
        "Gain On Sale Of Security": -486000.0,
        "Net Non Operating Interest Income Expense": -772000.0,
        "Total Other Finance Cost": 80000.0,
        "Interest Expense Non Operating": 772000.0,
        "Interest Income Non Operating": NaN,
        "Operating Income": 10813000.0,
        "Operating Expense": 48966000.0,
        "Other Operating Expenses": 48966000.0,
        "Depreciation Amortization Depletion Income Statement": NaN,
        "Depreciation And Amortization In Income Statement": NaN,
        "Amortization": NaN,
        "Amortization Of Intangibles Income Statement": NaN,
        "Research And Development": 7758000.0,
        "Selling General And Administration": 41208000.0,
        "Selling And Marketing Expense": 23165000.0,
        "General And Administrative Expense": 18043000.0,
        "Other Gand A": 18043000.0,
        "Gross Profit": 59779000.0,
        "Cost Of Revenue": 88305000.0,
        "Total Revenue": 148084000.0,
        "Operating Revenue": 148084000.0
    },
    "2022-03-31": {
        "Diluted EPS": 0.33,
        "Total Revenue": 150,
        "Gross Profit": 51,
        "Operating Income": 15,
        "EBIT": 21,
        "Net Income": 10
    },
    "2021-12-31": {
        "Diluted EPS": 0.16,
        "Total Revenue": 160,
        "Gross Profit": 60,
        "Operating Income": 9,
        "EBIT": 16,
        "Net Income": 5
    },
    "2021-09-30": {
        "Diluted EPS": 0.18,
        "Total Revenue": 147,
        "Gross Profit": 57,
        "Operating Income": 9,
        "EBIT": 16,
        "Net Income": 5
    },
    "2021-06-30": {
        "Diluted EPS": 0.17,
        "Total Revenue": 135,
        "Gross Profit": 52,
        "Operating Income": 9,
        "EBIT": 15,
        "Net Income": 5
    },
    "2021-03-31": {
        "Diluted EPS": 0.1,
        "Total Revenue": 116,
        "Gross Profit": 45,
        "Operating Income": 4,
        "EBIT": 10,
        "Net Income": 3
    },
    "2020-12-31": {
        "Diluted EPS": 0.26,
        "Total Revenue": 141,
        "Gross Profit": 51,
        "Operating Income": 10,
        "EBIT": 16,
        "Net Income": 8
    },
    "2020-09-30": {
        "Diluted EPS": 0.1,
        "Total Revenue": 117,
        "Gross Profit": 43,
        "Operating Income": 4,
        "EBIT": 10,
        "Net Income": 3
    },
    "2020-06-30": {
        "Diluted EPS": 0.13,
        "Total Revenue": 105,
        "Gross Profit": 40,
        "Operating Income": 7,
        "EBIT": 13,
        "Net Income": 4
    },
    "2020-03-31": {
        "Diluted EPS": 0.02,
        "Total Revenue": 96,
        "Gross Profit": 38,
        "Operating Income": 2,
        "EBIT": 8,
        "Net Income": 1
    },
    "2019-12-31": {
        "Diluted EPS": 0.11,
        "Total Revenue": 131,
        "Gross Profit": 47,
        "Operating Income": 6,
        "EBIT": 12,
        "Net Income": 3
    },
    "2019-09-30": {
        "Diluted EPS": 0.11,
        "Total Revenue": 125,
        "Gross Profit": 47,
        "Operating Income": 7,
        "EBIT": 13,
        "Net Income": 3
    },
    "2019-06-30": {
        "Diluted EPS": 0.11,
        "Total Revenue": 113,
        "Gross Profit": 42,
        "Operating Income": 6,
        "EBIT": 12,
        "Net Income": 3
    },
    "2019-03-31": {
        "Diluted EPS": 0.13,
        "Total Revenue": 100,
        "Gross Profit": 42,
        "Operating Income": 7,
        "EBIT": 13,
        "Net Income": 4
    },
    "2018-12-31": {
        "Diluted EPS": 0.24,
        "Total Revenue": 131,
        "Gross Profit": 53,
        "Operating Income": 11,
        "EBIT": 17,
        "Net Income": 7
    },
    "2018-09-30": {
        "Diluted EPS": 0.22,
        "Total Revenue": 112,
        "Gross Profit": 45,
        "Operating Income": 12,
        "EBIT": 18,
        "Net Income": 7
    },
    "2018-06-30": {
        "Diluted EPS": 0.19,
        "Total Revenue": 107,
        "Gross Profit": 43,
        "Operating Income": 9,
        "EBIT": 14,
        "Net Income": 6
    },
    "2018-03-31": {
        "Diluted EPS": 0.16,
        "Total Revenue": 104,
        "Gross Profit": 41,
        "Operating Income": 7,
        "EBIT": 14,
        "Net Income": 5
    },
    "2017-12-31": {
        "Diluted EPS": 0.27,
        "Total Revenue": 116,
        "Gross Profit": 45,
        "Operating Income": 9,
        "EBIT": 14,
        "Net Income": 8
    },
    "2017-09-30": {
        "Diluted EPS": 0.14,
        "Total Revenue": 90,
        "Gross Profit": 38,
        "Operating Income": 6,
        "EBIT": 12,
        "Net Income": 4
    },
    "2017-06-30": {
        "Diluted EPS": 0.15,
        "Total Revenue": 78,
        "Gross Profit": 34,
        "Operating Income": 7,
        "EBIT": 12,
        "Net Income": 4
    },
    "2017-03-31": {
        "Diluted EPS": 0.12,
        "Total Revenue": 71,
        "Gross Profit": 30,
        "Operating Income": 5,
        "EBIT": 11,
        "Net Income": 3
    },
    "2016-12-31": {
        "Diluted EPS": 0.13,
        "Total Revenue": 87,
        "Gross Profit": 36,
        "Operating Income": 6,
        "EBIT": 11,
        "Net Income": 4
    },
    "2016-09-30": {
        "Diluted EPS": 0.1,
        "Total Revenue": 82,
        "Gross Profit": 33,
        "Operating Income": 5,
        "EBIT": 10,
        "Net Income": 3
    },
    "2016-06-30": {
        "Diluted EPS": 0.11,
        "Total Revenue": 73,
        "Gross Profit": 31,
        "Operating Income": 5,
        "EBIT": 10,
        "Net Income": 3
    },
    "2016-03-31": {
        "Diluted EPS": 0.1,
        "Total Revenue": 69,
        "Gross Profit": 28,
        "Operating Income": 5,
        "EBIT": 10,
        "Net Income": 3
    },
    "2015-12-31": {
        "Diluted EPS": 0.11,
        "Total Revenue": 84,
        "Gross Profit": 31,
        "Operating Income": 5,
        "EBIT": 10,
        "Net Income": 3
    },
    "2015-09-30": {
        "Diluted EPS": 0.09,
        "Total Revenue": 72,
        "Gross Profit": 31,
        "Operating Income": 5,
        "EBIT": 11,
        "Net Income": 3
    },
    "2015-06-30": {
        "Diluted EPS": 0.03,
        "Total Revenue": 67,
        "Gross Profit": 25,
        "Operating Income": 1,
        "EBIT": 7,
        "Net Income": 1
    },
    "2015-03-31": {
        "Diluted EPS": 0.0,
        "Total Revenue": 67,
        "Gross Profit": 25,
        "Operating Income": 0,
        "EBIT": 6,
        "Net Income": 0
    },
    "2014-12-31": {
        "Diluted EPS": 0.06,
        "Total Revenue": 78,
        "Gross Profit": 31,
        "Operating Income": 1,
        "EBIT": 7,
        "Net Income": 2
    },
    "2014-09-30": {
        "Diluted EPS": 0.03,
        "Total Revenue": 72,
        "Gross Profit": 28,
        "Operating Income": 1,
        "EBIT": 6,
        "Net Income": 1
    },
    "2014-06-30": {
        "Diluted EPS": 0.01,
        "Total Revenue": 68,
        "Gross Profit": 26,
        "Operating Income": 1,
        "EBIT": 7,
        "Net Income": 0
    },
    "2014-03-31": {
        "Diluted EPS": 0.07,
        "Total Revenue": 81,
        "Gross Profit": 29,
        "Operating Income": 4,
        "EBIT": 9,
        "Net Income": 2
    },
    "2013-12-31": {
        "Diluted EPS": 0.0,
        "Total Revenue": 76,
        "Gross Profit": 32,
        "Operating Income": 2,
        "EBIT": 7,
        "Net Income": 0
    },
    "2013-09-30": {
        "Diluted EPS": 0.31,
        "Total Revenue": 97,
        "Gross Profit": 43,
        "Operating Income": 15,
        "EBIT": 20,
        "Net Income": 9
    },
    "2013-06-30": {
        "Diluted EPS": 0.29,
        "Total Revenue": 87,
        "Gross Profit": 42,
        "Operating Income": 13,
        "EBIT": 18,
        "Net Income": 8
    },
    "2013-03-31": {
        "Diluted EPS": 0.59,
        "Total Revenue": 122,
        "Gross Profit": 54,
        "Operating Income": 26,
        "EBIT": 31,
        "Net Income": 17
    },
    "2012-12-31": {
        "Diluted EPS": 0.39,
        "Total Revenue": 104,
        "Gross Profit": 46,
        "Operating Income": 18,
        "EBIT": 22,
        "Net Income": 11
    },
    "2012-09-30": {
        "Diluted EPS": 0.28,
        "Total Revenue": 90,
        "Gross Profit": 40,
        "Operating Income": 13,
        "EBIT": 17,
        "Net Income": 8
    },
    "2012-06-30": {
        "Diluted EPS": 0.3,
        "Total Revenue": 85,
        "Gross Profit": 38,
        "Operating Income": 14,
        "EBIT": 19,
        "Net Income": 9
    },
    "2012-03-31": {
        "Diluted EPS": 0.31,
        "Total Revenue": 87,
        "Gross Profit": 37,
        "Operating Income": 14,
        "EBIT": 19,
        "Net Income": 9
    },
    "2011-12-31": {
        "Diluted EPS": 0.23,
        "Total Revenue": 81,
        "Gross Profit": 34,
        "Operating Income": 11,
        "EBIT": 15,
        "Net Income": 6
    },
    "2011-09-30": {
        "Diluted EPS": 0.16,
        "Total Revenue": 74,
        "Gross Profit": 31,
        "Operating Income": 8,
        "EBIT": 12,
        "Net Income": 5
    },
    "2011-06-30": {
        "Diluted EPS": 0.22,
        "Total Revenue": 80,
        "Gross Profit": 32,
        "Operating Income": 11,
        "EBIT": 15,
        "Net Income": 6
    },
    "2011-03-31": {
        "Diluted EPS": 0.18,
        "Total Revenue": 66,
        "Gross Profit": 27,
        "Operating Income": 9,
        "EBIT": 14,
        "Net Income": 5
    },
    "2010-12-31": {
        "Diluted EPS": 0.14,
        "Total Revenue": 60,
        "Gross Profit": 23,
        "Operating Income": 5,
        "EBIT": 9,
        "Net Income": 4
    },
    "2010-09-30": {
        "Diluted EPS": 0.13,
        "Total Revenue": 68,
        "Gross Profit": 25,
        "Operating Income": 7,
        "EBIT": 10,
        "Net Income": 4
    },
    "2010-06-30": {
        "Diluted EPS": 0.06,
        "Total Revenue": 52,
        "Gross Profit": 19,
        "Operating Income": 4,
        "EBIT": 7,
        "Net Income": 2
    },
    "2010-03-31": {
        "Diluted EPS": 0.07,
        "Total Revenue": 47,
        "Gross Profit": 19,
        "Operating Income": 4,
        "EBIT": 7,
        "Net Income": 2
    },
    "2009-12-31": {
        "Diluted EPS": -0.32,
        "Total Revenue": 47,
        "Gross Profit": 1,
        "Operating Income": -13,
        "EBIT": -10,
        "Net Income": -9
    },
    "2009-09-30": {
        "Diluted EPS": 0.08,
        "Total Revenue": 66,
        "Gross Profit": 21,
        "Operating Income": 4,
        "EBIT": 7,
        "Net Income": 2
    },
    "2009-06-30": {
        "Diluted EPS": 0.0,
        "Total Revenue": 47,
        "Gross Profit": 16,
        "Operating Income": 1,
        "EBIT": 4,
        "Net Income": 0
    },
    "2009-03-31": {
        "Diluted EPS": 0.03,
        "Total Revenue": 45,
        "Gross Profit": 19,
        "Operating Income": 2,
        "EBIT": 5,
        "Net Income": 1
    },
    "2023-06-30": {
        "Tax Effect Of Unusual Items": -11550.0,
        "Tax Rate For Calcs": 0.21,
        "Normalized EBITDA": 9189000.0,
        "Total Unusual Items": -55000.0,
        "Total Unusual Items Excluding Goodwill": -55000.0,
        "Net Income From Continuing Operation Net Minority Interest": -1053000.0,
        "Reconciled Depreciation": 5490000.0,
        "Reconciled Cost Of Revenue": 89881000.0,
        "EBITDA": 9134000.0,
        "EBIT": 3644000.0,
        "Net Interest Income": -3211000.0,
        "Interest Expense": 3156000.0,
        "Interest Income": NaN,
        "Normalized Income": -1009550.0,
        "Net Income From Continuing And Discontinued Operation": -1053000.0,
        "Total Expenses": 129036000.0,
        "Total Operating Income As Reported": 3754000.0,
        "Diluted Average Shares": 28428000.0,
        "Basic Average Shares": 28428000.0,
        "Diluted EPS": -0.04,
        "Basic EPS": -0.04,
        "Diluted NI Availto Com Stockholders": -1053000.0,
        "Net Income Common Stockholders": -1053000.0,
        "Net Income": -1053000.0,
        "Net Income Including Noncontrolling Interests": -1053000.0,
        "Net Income Continuous Operations": -1053000.0,
        "Tax Provision": 1541000.0,
        "Pretax Income": 488000.0,
        "Other Income Expense": -55000.0,
        "Special Income Charges": 0.0,
        "Restructuring And Mergern Acquisition": 0.0,
        "Gain On Sale Of Security": -55000.0,
        "Net Non Operating Interest Income Expense": -3211000.0,
        "Total Other Finance Cost": 55000.0,
        "Interest Expense Non Operating": 3156000.0,
        "Interest Income Non Operating": NaN,
        "Operating Income": 3754000.0,
        "Operating Expense": 39155000.0,
        "Depreciation Amortization Depletion Income Statement": NaN,
        "Depreciation And Amortization In Income Statement": NaN,
        "Amortization": NaN,
        "Amortization Of Intangibles Income Statement": NaN,
        "Research And Development": 9413000.0,
        "Selling General And Administration": 29742000.0,
        "Selling And Marketing Expense": 13200000.0,
        "General And Administrative Expense": 16542000.0,
        "Other Gand A": 16542000.0,
        "Gross Profit": 42909000.0,
        "Cost Of Revenue": 89881000.0,
        "Total Revenue": 132790000.0,
        "Operating Revenue": 132790000.0
    },
    "2023-09-30": {
        "Tax Effect Of Unusual Items": -51870.0,
        "Tax Rate For Calcs": 0.21,
        "Normalized EBITDA": 9555000.0,
        "Total Unusual Items": -247000.0,
        "Total Unusual Items Excluding Goodwill": -247000.0,
        "Net Income From Continuing Operation Net Minority Interest": -325000.0,
        "Reconciled Depreciation": 5376000.0,
        "Reconciled Cost Of Revenue": 106432000.0,
        "EBITDA": 9308000.0,
        "EBIT": 3932000.0,
        "Net Interest Income": -3384000.0,
        "Interest Expense": 3372000.0,
        "Interest Income": 44000.0,
        "Normalized Income": -129870.0,
        "Net Income From Continuing And Discontinued Operation": -325000.0,
        "Total Expenses": 145325000.0,
        "Total Operating Income As Reported": 4191000.0,
        "Diluted Average Shares": 27919000.0,
        "Basic Average Shares": 27919000.0,
        "Diluted EPS": -0.01,
        "Basic EPS": -0.01,
        "Diluted NI Availto Com Stockholders": -325000.0,
        "Net Income Common Stockholders": -325000.0,
        "Net Income": -325000.0,
        "Net Income Including Noncontrolling Interests": -325000.0,
        "Net Income Continuous Operations": -325000.0,
        "Tax Provision": 885000.0,
        "Pretax Income": 560000.0,
        "Other Income Expense": -247000.0,
        "Special Income Charges": NaN,
        "Restructuring And Mergern Acquisition": NaN,
        "Gain On Sale Of Security": -247000.0,
        "Net Non Operating Interest Income Expense": -3384000.0,
        "Total Other Finance Cost": 56000.0,
        "Interest Expense Non Operating": 3372000.0,
        "Interest Income Non Operating": 44000.0,
        "Operating Income": 4191000.0,
        "Operating Expense": 38893000.0,
        "Depreciation Amortization Depletion Income Statement": NaN,
        "Depreciation And Amortization In Income Statement": NaN,
        "Amortization": NaN,
        "Amortization Of Intangibles Income Statement": NaN,
        "Research And Development": 9080000.0,
        "Selling General And Administration": 29813000.0,
        "Selling And Marketing Expense": 14718000.0,
        "General And Administrative Expense": 15095000.0,
        "Other Gand A": 15095000.0,
        "Gross Profit": 43084000.0,
        "Cost Of Revenue": 106432000.0,
        "Total Revenue": 149516000.0,
        "Operating Revenue": 149516000.0
    },
    "2023-12-31": {
        "Tax Effect Of Unusual Items": -3240.150826,
        "Tax Rate For Calcs": 0.092576,
        "Normalized EBITDA": 19499000.0,
        "Total Unusual Items": -35000.0,
        "Total Unusual Items Excluding Goodwill": -35000.0,
        "Net Income From Continuing Operation Net Minority Interest": 6979000.0,
        "Reconciled Depreciation": 7129000.0,
        "Reconciled Cost Of Revenue": 117545000.0,
        "EBITDA": 19464000.0,
        "EBIT": 12335000.0,
        "Net Interest Income": -4357000.0,
        "Interest Expense": 4644000.0,
        "Interest Income": NaN,
        "Normalized Income": 7010759.849174,
        "Net Income From Continuing And Discontinued Operation": 6979000.0,
        "Total Expenses": 160097000.0,
        "Total Operating Income As Reported": 12083000.0,
        "Diluted Average Shares": NaN,
        "Basic Average Shares": NaN,
        "Diluted EPS": NaN,
        "Basic EPS": NaN,
        "Diluted NI Availto Com Stockholders": 6979000.0,
        "Net Income Common Stockholders": 6979000.0,
        "Net Income": 6979000.0,
        "Net Income Including Noncontrolling Interests": 6979000.0,
        "Net Income Continuous Operations": 6979000.0,
        "Tax Provision": 712000.0,
        "Pretax Income": 7691000.0,
        "Other Income Expense": -35000.0,
        "Special Income Charges": NaN,
        "Restructuring And Mergern Acquisition": NaN,
        "Gain On Sale Of Security": -35000.0,
        "Net Non Operating Interest Income Expense": -4357000.0,
        "Total Other Finance Cost": 81000.0,
        "Interest Expense Non Operating": 4644000.0,
        "Interest Income Non Operating": NaN,
        "Operating Income": 12083000.0,
        "Operating Expense": 42552000.0,
        "Depreciation Amortization Depletion Income Statement": NaN,
        "Depreciation And Amortization In Income Statement": NaN,
        "Amortization": NaN,
        "Amortization Of Intangibles Income Statement": NaN,
        "Research And Development": 10662000.0,
        "Selling General And Administration": 18608000.0,
        "Selling And Marketing Expense": 14727000.0,
        "General And Administrative Expense": 3881000.0,
        "Other Gand A": 3881000.0,
        "Gross Profit": 54635000.0,
        "Cost Of Revenue": 117545000.0,
        "Total Revenue": 172180000.0,
        "Operating Revenue": 172180000.0
    },
    "2024-03-31": {
        "Tax Effect Of Unusual Items": 133980.0,
        "Tax Rate For Calcs": 0.21,
        "Normalized EBITDA": 11441000.0,
        "Total Unusual Items": 638000.0,
        "Total Unusual Items Excluding Goodwill": 638000.0,
        "Net Income From Continuing Operation Net Minority Interest": 1552000.0,
        "Reconciled Depreciation": 5441000.0,
        "Reconciled Cost Of Revenue": 90559000.0,
        "EBITDA": 12079000.0,
        "EBIT": 6638000.0,
        "Net Interest Income": -3693000.0,
        "Interest Expense": 3602000.0,
        "Interest Income": NaN,
        "Normalized Income": 1047980.0,
        "Net Income From Continuing And Discontinued Operation": 1552000.0,
        "Total Expenses": 129052000.0,
        "Total Operating Income As Reported": 6091000.0,
        "Diluted Average Shares": 28128000.0,
        "Basic Average Shares": 27844000.0,
        "Diluted EPS": 0.06,
        "Basic EPS": 0.06,
        "Diluted NI Availto Com Stockholders": 1552000.0,
        "Net Income Common Stockholders": 1552000.0,
        "Net Income": 1552000.0,
        "Net Income Including Noncontrolling Interests": 1552000.0,
        "Net Income Continuous Operations": 1552000.0,
        "Tax Provision": 1484000.0,
        "Pretax Income": 3036000.0,
        "Other Income Expense": 638000.0,
        "Special Income Charges": NaN,
        "Restructuring And Mergern Acquisition": NaN,
        "Gain On Sale Of Security": 638000.0,
        "Net Non Operating Interest Income Expense": -3693000.0,
        "Total Other Finance Cost": 91000.0,
        "Interest Expense Non Operating": 3602000.0,
        "Interest Income Non Operating": NaN,
        "Operating Income": 6091000.0,
        "Operating Expense": 36327000.0,
        "Depreciation Amortization Depletion Income Statement": 3275000.0,
        "Depreciation And Amortization In Income Statement": 3275000.0,
        "Amortization": 3275000.0,
        "Amortization Of Intangibles Income Statement": 3275000.0,
        "Research And Development": 5706000.0,
        "Selling General And Administration": 27346000.0,
        "Selling And Marketing Expense": 12881000.0,
        "General And Administrative Expense": 14465000.0,
        "Other Gand A": 14465000.0,
        "Gross Profit": 42418000.0,
        "Cost Of Revenue": 92725000.0,
        "Total Revenue": 135143000.0,
        "Operating Revenue": 135143000.0
    },
    "2024-06-30": {
        "Tax Effect Of Unusual Items": -873957.360253,
        "Tax Rate For Calcs": 0.116996,
        "Normalized EBITDA": 3539000.0,
        "Total Unusual Items": -7470000.0,
        "Total Unusual Items Excluding Goodwill": -7470000.0,
        "Net Income From Continuing Operation Net Minority Interest": -11721000.0,
        "Reconciled Depreciation": 5463000.0,
        "Reconciled Cost Of Revenue": 90446000.0,
        "EBITDA": -3931000.0,
        "EBIT": -9394000.0,
        "Net Interest Income": -3917000.0,
        "Interest Expense": 3880000.0,
        "Interest Income": 54000.0,
        "Normalized Income": -5124957.360253,
        "Net Income From Continuing And Discontinued Operation": -11721000.0,
        "Total Expenses": 130096000.0,
        "Total Operating Income As Reported": -9232000.0,
        "Diluted Average Shares": 28024000.0,
        "Basic Average Shares": 28024000.0,
        "Diluted EPS": -0.42,
        "Basic EPS": -0.42,
        "Diluted NI Availto Com Stockholders": -11721000.0,
        "Net Income Common Stockholders": -11721000.0,
        "Net Income": -11721000.0,
        "Net Income Including Noncontrolling Interests": -11721000.0,
        "Net Income Continuous Operations": -11721000.0,
        "Tax Provision": -1553000.0,
        "Pretax Income": -13274000.0,
        "Other Income Expense": -7470000.0,
        "Special Income Charges": -7345000.0,
        "Restructuring And Mergern Acquisition": 7345000.0,
        "Gain On Sale Of Security": -125000.0,
        "Net Non Operating Interest Income Expense": -3917000.0,
        "Total Other Finance Cost": 91000.0,
        "Interest Expense Non Operating": 3880000.0,
        "Interest Income Non Operating": 54000.0,
        "Operating Income": -1887000.0,
        "Operating Expense": 39650000.0,
        "Depreciation Amortization Depletion Income Statement": NaN,
        "Depreciation And Amortization In Income Statement": NaN,
        "Amortization": NaN,
        "Amortization Of Intangibles Income Statement": NaN,
        "Research And Development": 8599000.0,
        "Selling General And Administration": 31051000.0,
        "Selling And Marketing Expense": NaN,
        "General And Administrative Expense": NaN,
        "Other Gand A": NaN,
        "Gross Profit": 37763000.0,
        "Cost Of Revenue": 90446000.0,
        "Total Revenue": 128209000.0,
        "Operating Revenue": 128209000.0
    }
}