{
    "2023-03-31": {
        "Tax Effect Of Unusual Items": 3474.0,
        "Tax Rate For Calcs": 0.018,
        "Normalized EBITDA": -27710000.0,
        "Total Unusual Items": 193000.0,
        "Total Unusual Items Excluding Goodwill": 193000.0,
        "Net Income From Continuing Operation Net Minority Interest": -30784000.0,
        "Reconciled Depreciation": 588000.0,
        "Reconciled Cost Of Revenue": NaN,
        "EBITDA": -27517000.0,
        "EBIT": -28105000.0,
        "Net Interest Income": -3259000.0,
        "Interest Expense": 3259000.0,
        "Normalized Income": -30973526.0,
        "Net Income From Continuing And Discontinued Operation": -30784000.0,
        "Total Expenses": 28298000.0,
        "Total Operating Income As Reported": -28298000.0,
        "Diluted NI Availto Com Stockholders": -30784000.0,
        "Net Income Common Stockholders": -30784000.0,
        "Net Income": -30784000.0,
        "Net Income Including Noncontrolling Interests": -30784000.0,
        "Net Income Continuous Operations": -30784000.0,
        "Tax Provision": -580000.0,
        "Pretax Income": -31364000.0,
        "Other Income Expense": 193000.0,
        "Special Income Charges": NaN,
        "Other Special Charges": NaN,
        "Restructuring And Mergern Acquisition": NaN,
        "Gain On Sale Of Security": 193000.0,
        "Net Non Operating Interest Income Expense": -3259000.0,
        "Interest Expense Non Operating": 3259000.0,
        "Operating Income": -28298000.0,
        "Operating Expense": 28298000.0,
        "Research And Development": 3830000.0,
        "Selling General And Administration": 24468000.0,
        "Gross Profit": NaN,
        "Cost Of Revenue": NaN,
        "Total Revenue": 0.0,
        "Operating Revenue": 0.0
    },
    "2022-12-31": {
        "Tax Effect Of Unusual Items": -180810.0,
        "Tax Rate For Calcs": 0.21,
        "Normalized EBITDA": -22663000.0,
        "Total Unusual Items": -861000.0,
        "Total Unusual Items Excluding Goodwill": -861000.0,
        "Net Income From Continuing Operation Net Minority Interest": -27450000.0,
        "Reconciled Depreciation": 586000.0,
        "Reconciled Cost Of Revenue": NaN,
        "EBITDA": -23524000.0,
        "EBIT": -24110000.0,
        "Net Interest Income": -3255000.0,
        "Interest Expense": 3255000.0,
        "Normalized Income": -26769810.0,
        "Net Income From Continuing And Discontinued Operation": -27450000.0,
        "Total Expenses": 23216000.0,
        "Total Operating Income As Reported": -23038000.0,
        "Diluted NI Availto Com Stockholders": -27450000.0,
        "Net Income Common Stockholders": -27450000.0,
        "Net Income": -27450000.0,
        "Net Income Including Noncontrolling Interests": -27450000.0,
        "Net Income Continuous Operations": -27450000.0,
        "Tax Provision": 85000.0,
        "Pretax Income": -27365000.0,
        "Other Income Expense": -894000.0,
        "Special Income Charges": 178000.0,
        "Other Special Charges": NaN,
        "Restructuring And Mergern Acquisition": -178000.0,
        "Gain On Sale Of Security": -1039000.0,
        "Net Non Operating Interest Income Expense": -3255000.0,
        "Interest Expense Non Operating": 3255000.0,
        "Operating Income": -23216000.0,
        "Operating Expense": 23216000.0,
        "Research And Development": 6235000.0,
        "Selling General And Administration": 16981000.0,
        "Gross Profit": NaN,
        "Cost Of Revenue": NaN,
        "Total Revenue": 0.0,
        "Operating Revenue": 0.0
    },
    "2022-09-30": {
        "Tax Effect Of Unusual Items": 206800.0,
        "Tax Rate For Calcs": 0.4,
        "Normalized EBITDA": -16628000.0,
        "Total Unusual Items": 517000.0,
        "Total Unusual Items Excluding Goodwill": 517000.0,
        "Net Income From Continuing Operation Net Minority Interest": -20146000.0,
        "Reconciled Depreciation": 401000.0,
        "Reconciled Cost Of Revenue": NaN,
        "EBITDA": -16111000.0,
        "EBIT": -16512000.0,
        "Net Interest Income": -3564000.0,
        "Interest Expense": 3564000.0,
        "Normalized Income": -20456200.0,
        "Net Income From Continuing And Discontinued Operation": -20146000.0,
        "Total Expenses": 17029000.0,
        "Total Operating Income As Reported": -16960000.0,
        "Diluted Average Shares": 60201000.0,
        "Basic Average Shares": 60201000.0,
        "Diluted EPS": -0.33,
        "Basic EPS": -0.33,
        "Diluted NI Availto Com Stockholders": -20146000.0,
        "Net Income Common Stockholders": -20146000.0,
        "Net Income": -20146000.0,
        "Net Income Including Noncontrolling Interests": -20146000.0,
        "Net Income Continuous Operations": -20146000.0,
        "Tax Provision": 70000.0,
        "Pretax Income": -20076000.0,
        "Other Income Expense": 517000.0,
        "Special Income Charges": 69000.0,
        "Other Special Charges": NaN,
        "Restructuring And Mergern Acquisition": -69000.0,
        "Gain On Sale Of Security": 448000.0,
        "Net Non Operating Interest Income Expense": -3564000.0,
        "Interest Expense Non Operating": 3564000.0,
        "Operating Income": -17029000.0,
        "Operating Expense": 17029000.0,
        "Research And Development": 2933000.0,
        "Selling General And Administration": 14096000.0,
        "Gross Profit": NaN,
        "Cost Of Revenue": NaN,
        "Total Revenue": 0.0,
        "Operating Revenue": 0.0
    },
    "2022-06-30": {
        "Tax Effect Of Unusual Items": -1360000.0,
        "Tax Rate For Calcs": 0.4,
        "Normalized EBITDA": -26098000.0,
        "Total Unusual Items": -3400000.0,
        "Total Unusual Items Excluding Goodwill": -3400000.0,
        "Net Income From Continuing Operation Net Minority Interest": -63444000.0,
        "Reconciled Depreciation": 247000.0,
        "Reconciled Cost Of Revenue": NaN,
        "EBITDA": -29498000.0,
        "EBIT": -29745000.0,
        "Net Interest Income": -3506000.0,
        "Interest Expense": 3506000.0,
        "Normalized Income": -61404000.0,
        "Net Income From Continuing And Discontinued Operation": -63444000.0,
        "Total Expenses": 26345000.0,
        "Total Operating Income As Reported": -29937000.0,
        "Diluted Average Shares": 59037000.0,
        "Basic Average Shares": 59037000.0,
        "Diluted EPS": -1.07,
        "Basic EPS": -1.07,
        "Diluted NI Availto Com Stockholders": -63444000.0,
        "Net Income Common Stockholders": -63444000.0,
        "Net Income": -63444000.0,
        "Net Income Including Noncontrolling Interests": -63444000.0,
        "Net Income Continuous Operations": -63444000.0,
        "Tax Provision": 30193000.0,
        "Pretax Income": -33251000.0,
        "Other Income Expense": -3400000.0,
        "Special Income Charges": -3592000.0,
        "Other Special Charges": NaN,
        "Restructuring And Mergern Acquisition": 3592000.0,
        "Gain On Sale Of Security": 192000.0,
        "Net Non Operating Interest Income Expense": -3506000.0,
        "Interest Expense Non Operating": 3506000.0,
        "Operating Income": -26345000.0,
        "Operating Expense": 26345000.0,
        "Research And Development": 4541000.0,
        "Selling General And Administration": 21804000.0,
        "Gross Profit": NaN,
        "Cost Of Revenue": NaN,
        "Total Revenue": 0.0,
        "Operating Revenue": 0.0
    },
    "2022-03-31": {
        "Diluted EPS": -0.45,
        "Total Revenue": NaN,
        "Gross Profit": NaN,
        "Operating Income": -29,
        "EBIT": -28,
        "Net Income": -26
    },
    "2021-12-31": {
        "Diluted EPS": -0.38,
        "Total Revenue": NaN,
        "Gross Profit": NaN,
        "Operating Income": -23,
        "EBIT": -23,
        "Net Income": -22
    },
    "2021-09-30": {
        "Diluted EPS": -0.38,
        "Total Revenue": NaN,
        "Gross Profit": NaN,
        "Operating Income": -26,
        "EBIT": -25,
        "Net Income": -22
    },
    "2021-06-30": {
        "Diluted EPS": -0.33,
        "Total Revenue": NaN,
        "Gross Profit": NaN,
        "Operating Income": -22,
        "EBIT": -22,
        "Net Income": -20
    },
    "2021-03-31": {
        "Diluted EPS": -0.23,
        "Total Revenue": NaN,
        "Gross Profit": NaN,
        "Operating Income": -15,
        "EBIT": -14,
        "Net Income": -13
    },
    "2020-12-31": {
        "Diluted EPS": -0.14,
        "Total Revenue": NaN,
        "Gross Profit": NaN,
        "Operating Income": -14,
        "EBIT": -14,
        "Net Income": -11
    },
    "2020-09-30": {
        "Diluted EPS": -0.2,
        "Total Revenue": NaN,
        "Gross Profit": NaN,
        "Operating Income": -14,
        "EBIT": -13,
        "Net Income": -12
    },
    "2020-06-30": {
        "Diluted EPS": 0.49,
        "Total Revenue": 10,
        "Gross Profit": 7,
        "Operating Income": 40,
        "EBIT": 41,
        "Net Income": 31
    },
    "2020-03-31": {
        "Diluted EPS": -0.02,
        "Total Revenue": 12,
        "Gross Profit": 10,
        "Operating Income": -6,
        "EBIT": -6,
        "Net Income": -1
    },
    "2019-12-31": {
        "Diluted EPS": -0.07,
        "Total Revenue": 11,
        "Gross Profit": 9,
        "Operating Income": -7,
        "EBIT": -7,
        "Net Income": -3
    },
    "2019-09-30": {
        "Diluted EPS": -0.24,
        "Total Revenue": 14,
        "Gross Profit": 11,
        "Operating Income": -4,
        "EBIT": -4,
        "Net Income": -9
    },
    "2019-06-30": {
        "Diluted EPS": -0.23,
        "Total Revenue": 18,
        "Gross Profit": 14,
        "Operating Income": -4,
        "EBIT": -4,
        "Net Income": -9
    },
    "2019-03-31": {
        "Diluted EPS": -0.35,
        "Total Revenue": 16,
        "Gross Profit": 13,
        "Operating Income": -8,
        "EBIT": -8,
        "Net Income": -13
    },
    "2018-12-31": {
        "Diluted EPS": -1.71,
        "Total Revenue": 21,
        "Gross Profit": 17,
        "Operating Income": -75,
        "EBIT": -74,
        "Net Income": -64
    },
    "2018-09-30": {
        "Diluted EPS": -0.43,
        "Total Revenue": 20,
        "Gross Profit": 17,
        "Operating Income": -14,
        "EBIT": -11,
        "Net Income": -16
    },
    "2018-06-30": {
        "Diluted EPS": -0.09,
        "Total Revenue": 29,
        "Gross Profit": 26,
        "Operating Income": -3,
        "EBIT": 0,
        "Net Income": -3
    },
    "2018-03-31": {
        "Diluted EPS": -0.32,
        "Total Revenue": 33,
        "Gross Profit": 27,
        "Operating Income": -13,
        "EBIT": -10,
        "Net Income": -12
    },
    "2017-12-31": {
        "Diluted EPS": -0.18,
        "Total Revenue": 35,
        "Gross Profit": 31,
        "Operating Income": -4,
        "EBIT": -1,
        "Net Income": -8
    },
    "2017-09-30": {
        "Diluted EPS": 0.52,
        "Total Revenue": 40,
        "Gross Profit": 36,
        "Operating Income": 26,
        "EBIT": 27,
        "Net Income": 22
    },
    "2017-06-30": {
        "Diluted EPS": 0.68,
        "Total Revenue": 46,
        "Gross Profit": 42,
        "Operating Income": 34,
        "EBIT": 35,
        "Net Income": 29
    },
    "2017-03-31": {
        "Diluted EPS": 0.61,
        "Total Revenue": 53,
        "Gross Profit": 49,
        "Operating Income": 33,
        "EBIT": 34,
        "Net Income": 26
    },
    "2016-12-31": {
        "Diluted EPS": 0.11,
        "Total Revenue": 43,
        "Gross Profit": 40,
        "Operating Income": 17,
        "EBIT": 20,
        "Net Income": 5
    },
    "2016-09-30": {
        "Diluted EPS": -0.48,
        "Total Revenue": 32,
        "Gross Profit": 29,
        "Operating Income": -16,
        "EBIT": -12,
        "Net Income": -20
    },
    "2016-06-30": {
        "Diluted EPS": -0.48,
        "Total Revenue": 39,
        "Gross Profit": 35,
        "Operating Income": -12,
        "EBIT": -8,
        "Net Income": -20
    },
    "2016-03-31": {
        "Diluted EPS": -0.15,
        "Total Revenue": 36,
        "Gross Profit": 32,
        "Operating Income": 6,
        "EBIT": 9,
        "Net Income": -6
    },
    "2015-12-31": {
        "Diluted EPS": 1.75,
        "Total Revenue": 43,
        "Gross Profit": 40,
        "Operating Income": 76,
        "EBIT": 80,
        "Net Income": 76
    },
    "2015-09-30": {
        "Diluted EPS": -0.69,
        "Total Revenue": 47,
        "Gross Profit": 45,
        "Operating Income": -14,
        "EBIT": -11,
        "Net Income": -28
    },
    "2015-06-30": {
        "Diluted EPS": -0.42,
        "Total Revenue": 49,
        "Gross Profit": 46,
        "Operating Income": -2,
        "EBIT": 1,
        "Net Income": -17
    },
    "2015-03-31": {
        "Diluted EPS": 0.27,
        "Total Revenue": 33,
        "Gross Profit": 29,
        "Operating Income": 10,
        "EBIT": 13,
        "Net Income": 12
    },
    "2014-12-31": {
        "Diluted EPS": -0.69,
        "Total Revenue": 3,
        "Gross Profit": 5,
        "Operating Income": -67,
        "EBIT": -64,
        "Net Income": -27
    },
    "2014-09-30": {
        "Diluted EPS": -0.26,
        "Total Revenue": 7,
        "Gross Profit": 5,
        "Operating Income": -6,
        "EBIT": -3,
        "Net Income": -10
    },
    "2014-06-30": {
        "Diluted EPS": -0.55,
        "Total Revenue": 8,
        "Gross Profit": 6,
        "Operating Income": -5,
        "EBIT": -1,
        "Net Income": -21
    },
    "2014-03-31": {
        "Diluted EPS": -0.94,
        "Total Revenue": 9,
        "Gross Profit": 7,
        "Operating Income": -3,
        "EBIT": 0,
        "Net Income": -27
    },
    "2013-12-31": {
        "Diluted EPS": 0.2,
        "Total Revenue": 6,
        "Gross Profit": 10,
        "Operating Income": -25,
        "EBIT": -24,
        "Net Income": 5
    },
    "2013-09-30": {
        "Diluted EPS": -0.25,
        "Total Revenue": 6,
        "Gross Profit": 4,
        "Operating Income": -6,
        "EBIT": -5,
        "Net Income": -6
    },
    "2013-06-30": {
        "Diluted EPS": -1.29,
        "Total Revenue": 6,
        "Gross Profit": 4,
        "Operating Income": -6,
        "EBIT": -5,
        "Net Income": -33
    },
    "2013-03-31": {
        "Diluted EPS": -0.35,
        "Total Revenue": 5,
        "Gross Profit": 4,
        "Operating Income": -10,
        "EBIT": -9,
        "Net Income": -9
    },
    "2012-12-31": {
        "Diluted EPS": 0.36,
        "Total Revenue": 7,
        "Gross Profit": 6,
        "Operating Income": -3,
        "EBIT": -3,
        "Net Income": 9
    },
    "2012-09-30": {
        "Diluted EPS": -0.26,
        "Total Revenue": 5,
        "Gross Profit": 4,
        "Operating Income": -5,
        "EBIT": -5,
        "Net Income": -6
    },
    "2012-06-30": {
        "Diluted EPS": -0.05,
        "Total Revenue": 6,
        "Gross Profit": 5,
        "Operating Income": -6,
        "EBIT": -5,
        "Net Income": -1
    },
    "2012-03-31": {
        "Diluted EPS": -0.19,
        "Total Revenue": 7,
        "Gross Profit": 6,
        "Operating Income": -5,
        "EBIT": -4,
        "Net Income": -5
    },
    "2011-12-31": {
        "Diluted EPS": -0.08,
        "Total Revenue": 9,
        "Gross Profit": 7,
        "Operating Income": -2,
        "EBIT": -2,
        "Net Income": -2
    },
    "2011-09-30": {
        "Diluted EPS": 0.07,
        "Total Revenue": 10,
        "Gross Profit": 9,
        "Operating Income": 1,
        "EBIT": 2,
        "Net Income": 2
    },
    "2011-06-30": {
        "Diluted EPS": -0.14,
        "Total Revenue": 7,
        "Gross Profit": 5,
        "Operating Income": -4,
        "EBIT": -3,
        "Net Income": -3
    },
    "2011-03-31": {
        "Diluted EPS": -0.2,
        "Total Revenue": 7,
        "Gross Profit": 5,
        "Operating Income": -5,
        "EBIT": -4,
        "Net Income": -5
    },
    "2010-12-31": {
        "Diluted EPS": 0.11,
        "Total Revenue": 13,
        "Gross Profit": 12,
        "Operating Income": 2,
        "EBIT": 3,
        "Net Income": 3
    },
    "2010-09-30": {
        "Diluted EPS": -0.14,
        "Total Revenue": 8,
        "Gross Profit": 7,
        "Operating Income": -3,
        "EBIT": -2,
        "Net Income": -3
    },
    "2010-06-30": {
        "Diluted EPS": -0.18,
        "Total Revenue": 8,
        "Gross Profit": 6,
        "Operating Income": -5,
        "EBIT": -4,
        "Net Income": -4
    },
    "2010-03-31": {
        "Diluted EPS": -0.17,
        "Total Revenue": 8,
        "Gross Profit": 6,
        "Operating Income": -4,
        "EBIT": -3,
        "Net Income": -4
    },
    "2009-12-31": {
        "Diluted EPS": -0.23,
        "Total Revenue": 11,
        "Gross Profit": 7,
        "Operating Income": -1,
        "EBIT": 1,
        "Net Income": -6
    },
    "2009-09-30": {
        "Diluted EPS": -0.14,
        "Total Revenue": 10,
        "Gross Profit": 7,
        "Operating Income": -5,
        "EBIT": -4,
        "Net Income": -3
    },
    "2009-06-30": {
        "Diluted EPS": -0.15,
        "Total Revenue": 10,
        "Gross Profit": 8,
        "Operating Income": -5,
        "EBIT": -4,
        "Net Income": -4
    },
    "2009-03-31": {
        "Diluted EPS": 0.05,
        "Total Revenue": 12,
        "Gross Profit": 10,
        "Operating Income": 0,
        "EBIT": 1,
        "Net Income": 1
    },
    "2023-06-30": {
        "Tax Effect Of Unusual Items": -2626260.0,
        "Tax Rate For Calcs": 0.21,
        "Normalized EBITDA": -48940000.0,
        "Total Unusual Items": -12506000.0,
        "Total Unusual Items Excluding Goodwill": -12506000.0,
        "Net Income From Continuing Operation Net Minority Interest": -64432000.0,
        "Reconciled Depreciation": 601000.0,
        "Reconciled Cost Of Revenue": 36000.0,
        "EBITDA": -61446000.0,
        "EBIT": -62047000.0,
        "Net Interest Income": -2295000.0,
        "Interest Expense": 2295000.0,
        "Normalized Income": -54552260.0,
        "Net Income From Continuing And Discontinued Operation": -64432000.0,
        "Total Expenses": 51037000.0,
        "Total Operating Income As Reported": -49541000.0,
        "Diluted NI Availto Com Stockholders": -64432000.0,
        "Net Income Common Stockholders": -64432000.0,
        "Net Income": -64432000.0,
        "Net Income Including Noncontrolling Interests": -64432000.0,
        "Net Income Continuous Operations": -64432000.0,
        "Tax Provision": 90000.0,
        "Pretax Income": -64342000.0,
        "Other Income Expense": -12506000.0,
        "Special Income Charges": -13129000.0,
        "Other Special Charges": 13129000.0,
        "Restructuring And Mergern Acquisition": 0.0,
        "Gain On Sale Of Security": 623000.0,
        "Net Non Operating Interest Income Expense": -2295000.0,
        "Interest Expense Non Operating": 2295000.0,
        "Operating Income": -49541000.0,
        "Operating Expense": 51001000.0,
        "Research And Development": 4223000.0,
        "Selling General And Administration": 46778000.0,
        "Gross Profit": 1460000.0,
        "Cost Of Revenue": 36000.0,
        "Total Revenue": 1496000.0,
        "Operating Revenue": 1496000.0
    },
    "2023-09-30": {
        "Tax Effect Of Unusual Items": 189630.0,
        "Tax Rate For Calcs": 0.21,
        "Normalized EBITDA": -34515000.0,
        "Total Unusual Items": 903000.0,
        "Total Unusual Items Excluding Goodwill": 903000.0,
        "Net Income From Continuing Operation Net Minority Interest": -36274000.0,
        "Reconciled Depreciation": 595000.0,
        "Reconciled Cost Of Revenue": 117000.0,
        "EBITDA": -33612000.0,
        "EBIT": -34207000.0,
        "Net Interest Income": -1978000.0,
        "Interest Expense": 1978000.0,
        "Normalized Income": -36987370.0,
        "Net Income From Continuing And Discontinued Operation": -36274000.0,
        "Total Expenses": 42124000.0,
        "Total Operating Income As Reported": -35110000.0,
        "Diluted NI Availto Com Stockholders": -36274000.0,
        "Net Income Common Stockholders": -36274000.0,
        "Net Income": -36274000.0,
        "Net Income Including Noncontrolling Interests": -36274000.0,
        "Net Income Continuous Operations": -36274000.0,
        "Tax Provision": 89000.0,
        "Pretax Income": -36185000.0,
        "Other Income Expense": 903000.0,
        "Special Income Charges": 0.0,
        "Other Special Charges": NaN,
        "Restructuring And Mergern Acquisition": 0.0,
        "Gain On Sale Of Security": 903000.0,
        "Net Non Operating Interest Income Expense": -1978000.0,
        "Interest Expense Non Operating": 1978000.0,
        "Operating Income": -35110000.0,
        "Operating Expense": 42007000.0,
        "Research And Development": 2849000.0,
        "Selling General And Administration": 39158000.0,
        "Gross Profit": 6897000.0,
        "Cost Of Revenue": 117000.0,
        "Total Revenue": 7014000.0,
        "Operating Revenue": 7014000.0
    }
}