{
    "2023-03-31": {
        "Tax Effect Of Unusual Items": NaN,
        "Tax Rate For Calcs": NaN,
        "Normalized EBITDA": NaN,
        "Total Unusual Items": 0.0,
        "Total Unusual Items Excluding Goodwill": 0.0,
        "Net Income From Continuing Operation Net Minority Interest": NaN,
        "Reconciled Depreciation": NaN,
        "Reconciled Cost Of Revenue": NaN,
        "EBITDA": NaN,
        "EBIT": NaN,
        "Net Interest Income": NaN,
        "Interest Expense": NaN,
        "Interest Income": NaN,
        "Normalized Income": NaN,
        "Net Income From Continuing And Discontinued Operation": NaN,
        "Total Expenses": NaN,
        "Total Operating Income As Reported": NaN,
        "Diluted Average Shares": NaN,
        "Basic Average Shares": NaN,
        "Diluted EPS": NaN,
        "Basic EPS": NaN,
        "Diluted NI Availto Com Stockholders": NaN,
        "Net Income Common Stockholders": NaN,
        "Net Income": NaN,
        "Net Income Including Noncontrolling Interests": NaN,
        "Net Income Continuous Operations": NaN,
        "Tax Provision": NaN,
        "Pretax Income": NaN,
        "Other Income Expense": NaN,
        "Special Income Charges": 0.0,
        "Impairment Of Capital Assets": 0.0,
        "Net Non Operating Interest Income Expense": NaN,
        "Interest Expense Non Operating": NaN,
        "Interest Income Non Operating": NaN,
        "Operating Income": NaN,
        "Operating Expense": NaN,
        "Depreciation Amortization Depletion Income Statement": NaN,
        "Depreciation And Amortization In Income Statement": NaN,
        "Research And Development": NaN,
        "Selling General And Administration": NaN,
        "Selling And Marketing Expense": NaN,
        "General And Administrative Expense": NaN,
        "Other Gand A": NaN,
        "Gross Profit": NaN,
        "Cost Of Revenue": NaN,
        "Total Revenue": NaN,
        "Operating Revenue": NaN
    },
    "2022-12-31": {
        "Tax Effect Of Unusual Items": NaN,
        "Tax Rate For Calcs": NaN,
        "Normalized EBITDA": NaN,
        "Total Unusual Items": 0.0,
        "Total Unusual Items Excluding Goodwill": 0.0,
        "Net Income From Continuing Operation Net Minority Interest": NaN,
        "Reconciled Depreciation": NaN,
        "Reconciled Cost Of Revenue": NaN,
        "EBITDA": NaN,
        "EBIT": NaN,
        "Net Interest Income": NaN,
        "Interest Expense": NaN,
        "Interest Income": NaN,
        "Normalized Income": NaN,
        "Net Income From Continuing And Discontinued Operation": NaN,
        "Total Expenses": NaN,
        "Total Operating Income As Reported": NaN,
        "Diluted Average Shares": NaN,
        "Basic Average Shares": NaN,
        "Diluted EPS": NaN,
        "Basic EPS": NaN,
        "Diluted NI Availto Com Stockholders": NaN,
        "Net Income Common Stockholders": NaN,
        "Otherunder Preferred Stock Dividend": 0.0,
        "Net Income": NaN,
        "Net Income Including Noncontrolling Interests": NaN,
        "Net Income Continuous Operations": NaN,
        "Tax Provision": NaN,
        "Pretax Income": NaN,
        "Other Income Expense": NaN,
        "Special Income Charges": 0.0,
        "Impairment Of Capital Assets": 0.0,
        "Net Non Operating Interest Income Expense": NaN,
        "Interest Expense Non Operating": NaN,
        "Interest Income Non Operating": NaN,
        "Operating Income": NaN,
        "Operating Expense": NaN,
        "Depreciation Amortization Depletion Income Statement": NaN,
        "Depreciation And Amortization In Income Statement": NaN,
        "Research And Development": NaN,
        "Selling General And Administration": NaN,
        "Selling And Marketing Expense": NaN,
        "General And Administrative Expense": NaN,
        "Other Gand A": NaN,
        "Gross Profit": NaN,
        "Cost Of Revenue": NaN,
        "Total Revenue": NaN,
        "Operating Revenue": NaN
    },
    "2022-09-30": {
        "Tax Effect Of Unusual Items": NaN,
        "Tax Rate For Calcs": NaN,
        "Normalized EBITDA": NaN,
        "Total Unusual Items": 0.0,
        "Total Unusual Items Excluding Goodwill": 0.0,
        "Net Income From Continuing Operation Net Minority Interest": NaN,
        "Reconciled Depreciation": NaN,
        "Reconciled Cost Of Revenue": NaN,
        "EBITDA": NaN,
        "EBIT": NaN,
        "Net Interest Income": NaN,
        "Interest Expense": NaN,
        "Interest Income": NaN,
        "Normalized Income": NaN,
        "Net Income From Continuing And Discontinued Operation": NaN,
        "Total Expenses": NaN,
        "Total Operating Income As Reported": NaN,
        "Diluted Average Shares": NaN,
        "Basic Average Shares": NaN,
        "Diluted EPS": NaN,
        "Basic EPS": NaN,
        "Diluted NI Availto Com Stockholders": NaN,
        "Net Income Common Stockholders": NaN,
        "Otherunder Preferred Stock Dividend": 0.0,
        "Net Income": NaN,
        "Net Income Including Noncontrolling Interests": NaN,
        "Net Income Continuous Operations": NaN,
        "Tax Provision": NaN,
        "Pretax Income": NaN,
        "Other Income Expense": NaN,
        "Special Income Charges": 0.0,
        "Impairment Of Capital Assets": 0.0,
        "Net Non Operating Interest Income Expense": NaN,
        "Interest Expense Non Operating": NaN,
        "Interest Income Non Operating": NaN,
        "Operating Income": NaN,
        "Operating Expense": NaN,
        "Depreciation Amortization Depletion Income Statement": NaN,
        "Depreciation And Amortization In Income Statement": NaN,
        "Research And Development": NaN,
        "Selling General And Administration": NaN,
        "Selling And Marketing Expense": NaN,
        "General And Administrative Expense": NaN,
        "Other Gand A": NaN,
        "Gross Profit": NaN,
        "Cost Of Revenue": NaN,
        "Total Revenue": NaN,
        "Operating Revenue": NaN
    },
    "2022-06-30": {
        "Tax Effect Of Unusual Items": 0.0,
        "Tax Rate For Calcs": 0.4,
        "Normalized EBITDA": -12292000.0,
        "Total Unusual Items": 0.0,
        "Total Unusual Items Excluding Goodwill": 0.0,
        "Net Income From Continuing Operation Net Minority Interest": -25737000.0,
        "Reconciled Depreciation": 8301000.0,
        "Reconciled Cost Of Revenue": 28979000.0,
        "EBITDA": -12292000.0,
        "EBIT": -20593000.0,
        "Net Interest Income": -4420000.0,
        "Interest Expense": 5075000.0,
        "Interest Income": 655000.0,
        "Normalized Income": -25737000.0,
        "Net Income From Continuing And Discontinued Operation": -25737000.0,
        "Total Expenses": 97809000.0,
        "Total Operating Income As Reported": -21248000.0,
        "Diluted Average Shares": 197864993.0,
        "Basic Average Shares": 197864993.0,
        "Diluted EPS": -0.13,
        "Basic EPS": -0.13,
        "Diluted NI Availto Com Stockholders": -25737000.0,
        "Net Income Common Stockholders": -25737000.0,
        "Otherunder Preferred Stock Dividend": 0.0,
        "Net Income": -25737000.0,
        "Net Income Including Noncontrolling Interests": -25737000.0,
        "Net Income Continuous Operations": -25737000.0,
        "Tax Provision": 69000.0,
        "Pretax Income": -25668000.0,
        "Special Income Charges": 0.0,
        "Impairment Of Capital Assets": 0.0,
        "Net Non Operating Interest Income Expense": -4420000.0,
        "Interest Expense Non Operating": 5075000.0,
        "Interest Income Non Operating": 655000.0,
        "Operating Income": -21248000.0,
        "Operating Expense": 68830000.0,
        "Depreciation Amortization Depletion Income Statement": 8301000.0,
        "Depreciation And Amortization In Income Statement": 8301000.0,
        "Research And Development": 20107000.0,
        "Selling General And Administration": 40422000.0,
        "Selling And Marketing Expense": 20448000.0,
        "General And Administrative Expense": 19974000.0,
        "Other Gand A": 19974000.0,
        "Gross Profit": 47582000.0,
        "Cost Of Revenue": 28979000.0,
        "Total Revenue": 76561000.0,
        "Operating Revenue": 76561000.0
    },
    "2023-06-30": {
        "Tax Effect Of Unusual Items": NaN,
        "Tax Rate For Calcs": NaN,
        "Normalized EBITDA": NaN,
        "Total Unusual Items": 0.0,
        "Total Unusual Items Excluding Goodwill": 0.0,
        "Net Income From Continuing Operation Net Minority Interest": NaN,
        "Reconciled Depreciation": NaN,
        "Reconciled Cost Of Revenue": NaN,
        "EBITDA": NaN,
        "EBIT": NaN,
        "Net Interest Income": NaN,
        "Interest Expense": NaN,
        "Interest Income": NaN,
        "Normalized Income": NaN,
        "Net Income From Continuing And Discontinued Operation": NaN,
        "Total Expenses": NaN,
        "Total Operating Income As Reported": NaN,
        "Diluted Average Shares": NaN,
        "Basic Average Shares": NaN,
        "Diluted EPS": NaN,
        "Basic EPS": NaN,
        "Diluted NI Availto Com Stockholders": NaN,
        "Net Income Common Stockholders": NaN,
        "Net Income": NaN,
        "Net Income Including Noncontrolling Interests": NaN,
        "Net Income Continuous Operations": NaN,
        "Tax Provision": NaN,
        "Pretax Income": NaN,
        "Other Income Expense": NaN,
        "Special Income Charges": 0.0,
        "Impairment Of Capital Assets": 0.0,
        "Net Non Operating Interest Income Expense": NaN,
        "Interest Expense Non Operating": NaN,
        "Interest Income Non Operating": NaN,
        "Operating Income": NaN,
        "Operating Expense": NaN,
        "Depreciation Amortization Depletion Income Statement": NaN,
        "Depreciation And Amortization In Income Statement": NaN,
        "Research And Development": NaN,
        "Selling General And Administration": NaN,
        "Selling And Marketing Expense": NaN,
        "General And Administrative Expense": NaN,
        "Other Gand A": NaN,
        "Gross Profit": NaN,
        "Cost Of Revenue": NaN,
        "Total Revenue": NaN,
        "Operating Revenue": NaN
    },
    "2022-03-31": {
        "Diluted EPS": -0.13,
        "Total Revenue": 71,
        "Gross Profit": 43,
        "Operating Income": -20,
        "EBIT": -12,
        "Net Income": -25
    },
    "2021-12-31": {
        "Diluted EPS": -0.01,
        "Total Revenue": 69,
        "Gross Profit": 41,
        "Operating Income": -61,
        "EBIT": -52,
        "Net Income": -82
    },
    "2021-09-30": {
        "Diluted EPS": -0.71,
        "Total Revenue": 65,
        "Gross Profit": 39,
        "Operating Income": -16,
        "EBIT": -8,
        "Net Income": -41
    },
    "2021-06-30": {
        "Diluted EPS": -0.49,
        "Total Revenue": 59,
        "Gross Profit": 36,
        "Operating Income": -16,
        "EBIT": -8,
        "Net Income": -27
    },
    "2021-03-31": {
        "Diluted EPS": -1.43,
        "Total Revenue": 55,
        "Gross Profit": 33,
        "Operating Income": -16,
        "EBIT": -9,
        "Net Income": -75
    },
    "2020-12-31": {
        "Diluted EPS": 0.0,
        "Total Revenue": NaN,
        "Gross Profit": NaN,
        "Operating Income": NaN,
        "EBIT": NaN,
        "Net Income": NaN
    },
    "2020-09-30": {
        "Diluted EPS": -0.42,
        "Total Revenue": 48,
        "Gross Profit": 27,
        "Operating Income": -14,
        "EBIT": -6,
        "Net Income": -24
    },
    "2020-06-30": {
        "Diluted EPS": 0.0,
        "Total Revenue": NaN,
        "Gross Profit": NaN,
        "Operating Income": NaN,
        "EBIT": NaN,
        "Net Income": NaN
    },
    "2019-12-31": {
        "Diluted EPS": 0.0,
        "Total Revenue": NaN,
        "Gross Profit": NaN,
        "Operating Income": NaN,
        "EBIT": NaN,
        "Net Income": NaN
    },
    "2023-09-30": {
        "Tax Effect Of Unusual Items": 0.0,
        "Tax Rate For Calcs": 0.21,
        "Normalized EBITDA": 4522000.0,
        "Total Unusual Items": 0.0,
        "Total Unusual Items Excluding Goodwill": 0.0,
        "Net Income From Continuing Operation Net Minority Interest": -8091000.0,
        "Reconciled Depreciation": 9051000.0,
        "Reconciled Cost Of Revenue": 30767000.0,
        "EBITDA": 4522000.0,
        "EBIT": -4529000.0,
        "Net Interest Income": 1672000.0,
        "Interest Expense": 3428000.0,
        "Interest Income": 5100000.0,
        "Normalized Income": -8091000.0,
        "Net Income From Continuing And Discontinued Operation": -8091000.0,
        "Total Expenses": 108309000.0,
        "Total Operating Income As Reported": -9629000.0,
        "Diluted Average Shares": 202526844.0,
        "Basic Average Shares": 202526844.0,
        "Diluted EPS": -0.04,
        "Basic EPS": -0.04,
        "Diluted NI Availto Com Stockholders": -8091000.0,
        "Net Income Common Stockholders": -8091000.0,
        "Net Income": -8091000.0,
        "Net Income Including Noncontrolling Interests": -8091000.0,
        "Net Income Continuous Operations": -8091000.0,
        "Tax Provision": 134000.0,
        "Pretax Income": -7957000.0,
        "Other Income Expense": NaN,
        "Special Income Charges": 0.0,
        "Impairment Of Capital Assets": 0.0,
        "Net Non Operating Interest Income Expense": 1672000.0,
        "Interest Expense Non Operating": 3428000.0,
        "Interest Income Non Operating": 5100000.0,
        "Operating Income": -9629000.0,
        "Operating Expense": 77542000.0,
        "Depreciation Amortization Depletion Income Statement": 9051000.0,
        "Depreciation And Amortization In Income Statement": 9051000.0,
        "Research And Development": 24754000.0,
        "Selling General And Administration": 43737000.0,
        "Selling And Marketing Expense": 18735000.0,
        "General And Administrative Expense": 25002000.0,
        "Other Gand A": 25002000.0,
        "Gross Profit": 67913000.0,
        "Cost Of Revenue": 30767000.0,
        "Total Revenue": 98680000.0,
        "Operating Revenue": 98680000.0
    },
    "2023-12-31": {
        "Tax Effect Of Unusual Items": 0.0,
        "Tax Rate For Calcs": 0.21,
        "Normalized EBITDA": 9193000.0,
        "Total Unusual Items": NaN,
        "Total Unusual Items Excluding Goodwill": NaN,
        "Net Income From Continuing Operation Net Minority Interest": -4473000.0,
        "Reconciled Depreciation": 9397000.0,
        "Reconciled Cost Of Revenue": 30846000.0,
        "EBITDA": 9193000.0,
        "EBIT": -204000.0,
        "Net Interest Income": 2657000.0,
        "Interest Expense": 3413000.0,
        "Interest Income": 6070000.0,
        "Normalized Income": -4473000.0,
        "Net Income From Continuing And Discontinued Operation": -4473000.0,
        "Total Expenses": 110338000.0,
        "Total Operating Income As Reported": -6274000.0,
        "Diluted Average Shares": 203517119.0,
        "Basic Average Shares": 203517119.0,
        "Diluted EPS": -0.02,
        "Basic EPS": -0.02,
        "Diluted NI Availto Com Stockholders": -4473000.0,
        "Net Income Common Stockholders": -4473000.0,
        "Net Income": -4473000.0,
        "Net Income Including Noncontrolling Interests": -4473000.0,
        "Net Income Continuous Operations": -4473000.0,
        "Tax Provision": 856000.0,
        "Pretax Income": -3617000.0,
        "Other Income Expense": NaN,
        "Special Income Charges": NaN,
        "Impairment Of Capital Assets": NaN,
        "Net Non Operating Interest Income Expense": 2657000.0,
        "Interest Expense Non Operating": 3413000.0,
        "Interest Income Non Operating": 6070000.0,
        "Operating Income": -6274000.0,
        "Operating Expense": 79492000.0,
        "Depreciation Amortization Depletion Income Statement": 9397000.0,
        "Depreciation And Amortization In Income Statement": 9397000.0,
        "Research And Development": 24939000.0,
        "Selling General And Administration": 45156000.0,
        "Selling And Marketing Expense": 18577000.0,
        "General And Administrative Expense": 26579000.0,
        "Other Gand A": 26579000.0,
        "Gross Profit": 73218000.0,
        "Cost Of Revenue": 30846000.0,
        "Total Revenue": 104064000.0,
        "Operating Revenue": 104064000.0
    },
    "2024-03-31": {
        "Tax Effect Of Unusual Items": -34020.0,
        "Tax Rate For Calcs": 0.21,
        "Normalized EBITDA": 11922000.0,
        "Total Unusual Items": -162000.0,
        "Total Unusual Items Excluding Goodwill": -162000.0,
        "Net Income From Continuing Operation Net Minority Interest": -1009000.0,
        "Reconciled Depreciation": 9307000.0,
        "Reconciled Cost Of Revenue": 30333000.0,
        "EBITDA": 11760000.0,
        "EBIT": 2453000.0,
        "Net Interest Income": 3225000.0,
        "Interest Expense": 3337000.0,
        "Interest Income": 6562000.0,
        "Normalized Income": -881020.0,
        "Net Income From Continuing And Discontinued Operation": -1009000.0,
        "Total Expenses": 109545000.0,
        "Total Operating Income As Reported": -4109000.0,
        "Diluted Average Shares": 204896718.0,
        "Basic Average Shares": 204896718.0,
        "Diluted EPS": -0.004924,
        "Basic EPS": -0.004924,
        "Diluted NI Availto Com Stockholders": -1009000.0,
        "Net Income Common Stockholders": -1009000.0,
        "Net Income": -1009000.0,
        "Net Income Including Noncontrolling Interests": -1009000.0,
        "Net Income Continuous Operations": -1009000.0,
        "Tax Provision": 125000.0,
        "Pretax Income": -884000.0,
        "Other Income Expense": -162000.0,
        "Special Income Charges": -162000.0,
        "Impairment Of Capital Assets": 162000.0,
        "Net Non Operating Interest Income Expense": 3225000.0,
        "Interest Expense Non Operating": 3337000.0,
        "Interest Income Non Operating": 6562000.0,
        "Operating Income": -3947000.0,
        "Operating Expense": 79212000.0,
        "Depreciation Amortization Depletion Income Statement": 9307000.0,
        "Depreciation And Amortization In Income Statement": 9307000.0,
        "Research And Development": 25904000.0,
        "Selling General And Administration": 44001000.0,
        "Selling And Marketing Expense": 19741000.0,
        "General And Administrative Expense": 24260000.0,
        "Other Gand A": 24260000.0,
        "Gross Profit": 75265000.0,
        "Cost Of Revenue": 30333000.0,
        "Total Revenue": 105598000.0,
        "Operating Revenue": 105598000.0
    },
    "2024-06-30": {
        "Tax Effect Of Unusual Items": 0.0,
        "Tax Rate For Calcs": 0.214,
        "Normalized EBITDA": 13086000.0,
        "Total Unusual Items": 0.0,
        "Total Unusual Items Excluding Goodwill": 0.0,
        "Net Income From Continuing Operation Net Minority Interest": 436000.0,
        "Reconciled Depreciation": 9208000.0,
        "Reconciled Cost Of Revenue": 30426000.0,
        "EBITDA": 13086000.0,
        "EBIT": 3878000.0,
        "Net Interest Income": 2656000.0,
        "Interest Expense": 3323000.0,
        "Interest Income": 5979000.0,
        "Normalized Income": 436000.0,
        "Net Income From Continuing And Discontinued Operation": 436000.0,
        "Total Expenses": 107233000.0,
        "Total Operating Income As Reported": -2101000.0,
        "Diluted Average Shares": 210370559.0,
        "Basic Average Shares": 207025967.0,
        "Diluted EPS": 0.002073,
        "Basic EPS": 0.002106,
        "Diluted NI Availto Com Stockholders": 436000.0,
        "Net Income Common Stockholders": 436000.0,
        "Net Income": 436000.0,
        "Net Income Including Noncontrolling Interests": 436000.0,
        "Net Income Continuous Operations": 436000.0,
        "Tax Provision": 119000.0,
        "Pretax Income": 555000.0,
        "Other Income Expense": NaN,
        "Special Income Charges": 0.0,
        "Impairment Of Capital Assets": 0.0,
        "Net Non Operating Interest Income Expense": 2656000.0,
        "Interest Expense Non Operating": 3323000.0,
        "Interest Income Non Operating": 5979000.0,
        "Operating Income": -2101000.0,
        "Operating Expense": 76807000.0,
        "Depreciation Amortization Depletion Income Statement": 9208000.0,
        "Depreciation And Amortization In Income Statement": 9208000.0,
        "Research And Development": 25008000.0,
        "Selling General And Administration": 42591000.0,
        "Selling And Marketing Expense": 19956000.0,
        "General And Administrative Expense": 22635000.0,
        "Other Gand A": 22635000.0,
        "Gross Profit": 74706000.0,
        "Cost Of Revenue": 30426000.0,
        "Total Revenue": 105132000.0,
        "Operating Revenue": 105132000.0
    },
    "2024-09-30": {
        "Tax Effect Of Unusual Items": 0.0,
        "Tax Rate For Calcs": 0.096,
        "Normalized EBITDA": 16184000.0,
        "Total Unusual Items": 0.0,
        "Total Unusual Items Excluding Goodwill": 0.0,
        "Net Income From Continuing Operation Net Minority Interest": 4047000.0,
        "Reconciled Depreciation": 9092000.0,
        "Reconciled Cost Of Revenue": 30429000.0,
        "EBITDA": 16184000.0,
        "EBIT": 7092000.0,
        "Net Interest Income": 3223000.0,
        "Interest Expense": 2614000.0,
        "Interest Income": 5837000.0,
        "Normalized Income": 4047000.0,
        "Net Income From Continuing And Discontinued Operation": 4047000.0,
        "Total Expenses": 111517000.0,
        "Total Operating Income As Reported": 1255000.0,
        "Diluted Average Shares": 209015661.0,
        "Basic Average Shares": 207235954.0,
        "Diluted EPS": 0.02,
        "Basic EPS": 0.02,
        "Diluted NI Availto Com Stockholders": 4047000.0,
        "Net Income Common Stockholders": 4047000.0,
        "Net Income": 4047000.0,
        "Net Income Including Noncontrolling Interests": 4047000.0,
        "Net Income Continuous Operations": 4047000.0,
        "Tax Provision": 431000.0,
        "Pretax Income": 4478000.0,
        "Other Income Expense": NaN,
        "Special Income Charges": 0.0,
        "Impairment Of Capital Assets": 0.0,
        "Net Non Operating Interest Income Expense": 3223000.0,
        "Interest Expense Non Operating": 2614000.0,
        "Interest Income Non Operating": 5837000.0,
        "Operating Income": 1255000.0,
        "Operating Expense": 81088000.0,
        "Depreciation Amortization Depletion Income Statement": 9092000.0,
        "Depreciation And Amortization In Income Statement": 9092000.0,
        "Research And Development": 25125000.0,
        "Selling General And Administration": 46871000.0,
        "Selling And Marketing Expense": 21102000.0,
        "General And Administrative Expense": 25769000.0,
        "Other Gand A": 25769000.0,
        "Gross Profit": 82343000.0,
        "Cost Of Revenue": 30429000.0,
        "Total Revenue": 112772000.0,
        "Operating Revenue": 112772000.0
    }
}