{
    "2023-04-30": {
        "Tax Effect Of Unusual Items": -569160.387513,
        "Tax Rate For Calcs": 0.06324,
        "Normalized EBITDA": 5069000000.0,
        "Total Unusual Items": -9000000.0,
        "Total Unusual Items Excluding Goodwill": -9000000.0,
        "Net Income From Continuing Operation Net Minority Interest": 3481000000.0,
        "Reconciled Depreciation": 939000000.0,
        "Reconciled Cost Of Revenue": 2027000000.0,
        "EBITDA": 5060000000.0,
        "EBIT": 4121000000.0,
        "Net Interest Income": -405000000.0,
        "Interest Expense": 405000000.0,
        "Normalized Income": 3489430839.612487,
        "Net Income From Continuing And Discontinued Operation": 3481000000.0,
        "Total Expenses": 4716000000.0,
        "Total Operating Income As Reported": 4008000000.0,
        "Diluted Average Shares": 427000000.0,
        "Basic Average Shares": 415000000.0,
        "Diluted EPS": 8.15,
        "Basic EPS": 8.39,
        "Diluted NI Availto Com Stockholders": 3481000000.0,
        "Net Income Common Stockholders": 3481000000.0,
        "Net Income": 3481000000.0,
        "Net Income Including Noncontrolling Interests": 3481000000.0,
        "Net Income Continuous Operations": 3481000000.0,
        "Tax Provision": 235000000.0,
        "Pretax Income": 3716000000.0,
        "Other Income Expense": 104000000.0,
        "Other Non Operating Income Expenses": 113000000.0,
        "Special Income Charges": -9000000.0,
        "Restructuring And Mergern Acquisition": 9000000.0,
        "Net Non Operating Interest Income Expense": -405000000.0,
        "Interest Expense Non Operating": 405000000.0,
        "Operating Income": 4017000000.0,
        "Operating Expense": 2098000000.0,
        "Depreciation Amortization Depletion Income Statement": 348000000.0,
        "Depreciation And Amortization In Income Statement": 348000000.0,
        "Amortization": 348000000.0,
        "Amortization Of Intangibles Income Statement": 348000000.0,
        "Research And Development": 1312000000.0,
        "Selling General And Administration": 438000000.0,
        "Gross Profit": 6115000000.0,
        "Cost Of Revenue": 2618000000.0,
        "Total Revenue": 8733000000.0,
        "Operating Revenue": 8733000000.0
    },
    "2023-01-31": {
        "Tax Effect Of Unusual Items": -171875.0,
        "Tax Rate For Calcs": 0.017188,
        "Normalized EBITDA": 5288000000.0,
        "Total Unusual Items": -10000000.0,
        "Total Unusual Items Excluding Goodwill": -10000000.0,
        "Net Income From Continuing Operation Net Minority Interest": 3774000000.0,
        "Reconciled Depreciation": 1032000000.0,
        "Reconciled Cost Of Revenue": 2227000000.0,
        "EBITDA": 5278000000.0,
        "EBIT": 4246000000.0,
        "Net Interest Income": -406000000.0,
        "Interest Expense": 406000000.0,
        "Normalized Income": 3783828125.0,
        "Net Income From Continuing And Discontinued Operation": 3774000000.0,
        "Total Expenses": 4802000000.0,
        "Total Operating Income As Reported": 4103000000.0,
        "Diluted Average Shares": 429000000.0,
        "Basic Average Shares": 418000000.0,
        "Diluted EPS": 8.8,
        "Basic EPS": 9.03,
        "Diluted NI Availto Com Stockholders": 3774000000.0,
        "Net Income Common Stockholders": 3774000000.0,
        "Net Income": 3774000000.0,
        "Net Income Including Noncontrolling Interests": 3774000000.0,
        "Net Income Continuous Operations": 3774000000.0,
        "Tax Provision": 66000000.0,
        "Pretax Income": 3840000000.0,
        "Other Income Expense": 133000000.0,
        "Other Non Operating Income Expenses": 143000000.0,
        "Special Income Charges": -10000000.0,
        "Restructuring And Mergern Acquisition": 10000000.0,
        "Net Non Operating Interest Income Expense": -406000000.0,
        "Interest Expense Non Operating": 406000000.0,
        "Operating Income": 4113000000.0,
        "Operating Expense": 1891000000.0,
        "Depreciation Amortization Depletion Income Statement": 348000000.0,
        "Depreciation And Amortization In Income Statement": 348000000.0,
        "Amortization": 348000000.0,
        "Amortization Of Intangibles Income Statement": 348000000.0,
        "Research And Development": 1195000000.0,
        "Selling General And Administration": 348000000.0,
        "Gross Profit": 6004000000.0,
        "Cost Of Revenue": 2911000000.0,
        "Total Revenue": 8915000000.0,
        "Operating Revenue": 8915000000.0
    },
    "2022-10-31": {
        "Tax Effect Of Unusual Items": -13266298.342541,
        "Tax Rate For Calcs": 0.072099,
        "Normalized EBITDA": 5426000000.0,
        "Total Unusual Items": -184000000.0,
        "Total Unusual Items Excluding Goodwill": -184000000.0,
        "Net Income From Continuing Operation Net Minority Interest": 3359000000.0,
        "Reconciled Depreciation": 1216000000.0,
        "Reconciled Cost Of Revenue": 2146000000.0,
        "EBITDA": 5242000000.0,
        "EBIT": 4026000000.0,
        "Net Interest Income": -306000000.0,
        "Interest Expense": 406000000.0,
        "Normalized Income": 3529733701.657459,
        "Net Income From Continuing And Discontinued Operation": 3359000000.0,
        "Total Expenses": 4929000000.0,
        "Total Operating Income As Reported": 3986000000.0,
        "Diluted Average Shares": 430075179.0,
        "Basic Average Shares": 412030066.0,
        "Diluted EPS": 7.810425,
        "Basic EPS": 8.03985,
        "Diluted NI Availto Com Stockholders": 3087000000.0,
        "Net Income Common Stockholders": 3311000000.0,
        "Preferred Stock Dividends": 48000000.0,
        "Net Income": 3359000000.0,
        "Net Income Including Noncontrolling Interests": 3359000000.0,
        "Net Income Continuous Operations": 3359000000.0,
        "Tax Provision": 261000000.0,
        "Pretax Income": 3620000000.0,
        "Other Income Expense": -75000000.0,
        "Other Non Operating Income Expenses": 109000000.0,
        "Special Income Charges": -15000000.0,
        "Restructuring And Mergern Acquisition": 15000000.0,
        "Net Non Operating Interest Income Expense": -306000000.0,
        "Interest Expense Non Operating": 406000000.0,
        "Operating Income": 4001000000.0,
        "Operating Expense": 1925000000.0,
        "Depreciation Amortization Depletion Income Statement": 358000000.0,
        "Depreciation And Amortization In Income Statement": 358000000.0,
        "Amortization": 358000000.0,
        "Amortization Of Intangibles Income Statement": 358000000.0,
        "Research And Development": 1197000000.0,
        "Selling General And Administration": 370000000.0,
        "Gross Profit": 5926000000.0,
        "Cost Of Revenue": 3004000000.0,
        "Total Revenue": 8930000000.0,
        "Operating Revenue": 8930000000.0
    },
    "2022-07-31": {
        "Tax Effect Of Unusual Items": -551693.137549,
        "Tax Rate For Calcs": 0.078813,
        "Normalized EBITDA": 4967000000.0,
        "Total Unusual Items": -7000000.0,
        "Total Unusual Items Excluding Goodwill": -7000000.0,
        "Net Income From Continuing Operation Net Minority Interest": 3074000000.0,
        "Reconciled Depreciation": 1217000000.0,
        "Reconciled Cost Of Revenue": 1925000000.0,
        "EBITDA": 4960000000.0,
        "EBIT": 3743000000.0,
        "Net Interest Income": -406000000.0,
        "Interest Expense": 406000000.0,
        "Normalized Income": 3080448306.862451,
        "Net Income From Continuing And Discontinued Operation": 3074000000.0,
        "Total Expenses": 4720000000.0,
        "Total Operating Income As Reported": 3737000000.0,
        "Diluted Average Shares": 431077685.0,
        "Basic Average Shares": 406015029.0,
        "Diluted EPS": 7.132125,
        "Basic EPS": 7.3815,
        "Diluted NI Availto Com Stockholders": 2999000000.0,
        "Average Dilution Earnings": 75000000.0,
        "Net Income Common Stockholders": 2999000000.0,
        "Preferred Stock Dividends": 75000000.0,
        "Net Income": 3074000000.0,
        "Net Income Including Noncontrolling Interests": 3074000000.0,
        "Net Income Continuous Operations": 3074000000.0,
        "Tax Provision": 263000000.0,
        "Pretax Income": 3337000000.0,
        "Other Income Expense": -1000000.0,
        "Other Non Operating Income Expenses": 6000000.0,
        "Special Income Charges": -7000000.0,
        "Restructuring And Mergern Acquisition": 7000000.0,
        "Net Non Operating Interest Income Expense": -406000000.0,
        "Interest Expense Non Operating": 406000000.0,
        "Operating Income": 3744000000.0,
        "Operating Expense": 1937000000.0,
        "Depreciation Amortization Depletion Income Statement": 359000000.0,
        "Depreciation And Amortization In Income Statement": 359000000.0,
        "Amortization": 359000000.0,
        "Amortization Of Intangibles Income Statement": 359000000.0,
        "Research And Development": 1255000000.0,
        "Selling General And Administration": 323000000.0,
        "Gross Profit": 5681000000.0,
        "Cost Of Revenue": 2783000000.0,
        "Total Revenue": 8464000000.0,
        "Operating Revenue": 8464000000.0
    },
    "2022-04-30": {
        "Diluted EPS": 5.93,
        "Total Revenue": NaN,
        "Gross Profit": NaN,
        "Operating Income": NaN,
        "EBIT": NaN,
        "Net Income": NaN
    },
    "2022-01-31": {
        "Diluted EPS": 5.59,
        "Total Revenue": NaN,
        "Gross Profit": NaN,
        "Operating Income": NaN,
        "EBIT": NaN,
        "Net Income": NaN
    },
    "2021-10-31": {
        "Diluted EPS": 4.45,
        "Total Revenue": NaN,
        "Gross Profit": NaN,
        "Operating Income": NaN,
        "EBIT": NaN,
        "Net Income": NaN
    },
    "2021-07-31": {
        "Diluted EPS": 4.2,
        "Total Revenue": NaN,
        "Gross Profit": NaN,
        "Operating Income": NaN,
        "EBIT": NaN,
        "Net Income": NaN
    },
    "2021-04-30": {
        "Diluted EPS": 3.3,
        "Total Revenue": NaN,
        "Gross Profit": NaN,
        "Operating Income": NaN,
        "EBIT": NaN,
        "Net Income": NaN
    },
    "2021-01-31": {
        "Diluted EPS": 3.05,
        "Total Revenue": NaN,
        "Gross Profit": NaN,
        "Operating Income": NaN,
        "EBIT": NaN,
        "Net Income": NaN
    },
    "2020-10-31": {
        "Diluted EPS": 2.97,
        "Total Revenue": NaN,
        "Gross Profit": NaN,
        "Operating Income": NaN,
        "EBIT": NaN,
        "Net Income": NaN
    },
    "2020-07-31": {
        "Diluted EPS": 1.45,
        "Total Revenue": NaN,
        "Gross Profit": NaN,
        "Operating Income": NaN,
        "EBIT": NaN,
        "Net Income": 614
    },
    "2020-04-30": {
        "Diluted EPS": 1.17,
        "Total Revenue": NaN,
        "Gross Profit": NaN,
        "Operating Income": 766,
        "EBIT": NaN,
        "Net Income": 488
    },
    "2020-01-31": {
        "Diluted EPS": 0.74,
        "Total Revenue": NaN,
        "Gross Profit": NaN,
        "Operating Income": 714,
        "EBIT": NaN,
        "Net Income": 311
    },
    "2019-10-31": {
        "Diluted EPS": 1.96,
        "Total Revenue": NaN,
        "Gross Profit": NaN,
        "Operating Income": NaN,
        "EBIT": NaN,
        "Net Income": 818
    },
    "2019-07-31": {
        "Diluted EPS": 1.71,
        "Total Revenue": NaN,
        "Gross Profit": NaN,
        "Operating Income": 865,
        "EBIT": NaN,
        "Net Income": 715
    },
    "2019-04-30": {
        "Diluted EPS": 1.64,
        "Total Revenue": NaN,
        "Gross Profit": NaN,
        "Operating Income": 970,
        "EBIT": NaN,
        "Net Income": 691
    },
    "2019-01-31": {
        "Diluted EPS": 1.12,
        "Total Revenue": NaN,
        "Gross Profit": NaN,
        "Operating Income": 555,
        "EBIT": NaN,
        "Net Income": 471
    },
    "2018-10-31": {
        "Diluted EPS": 2.78,
        "Total Revenue": NaN,
        "Gross Profit": NaN,
        "Operating Income": NaN,
        "EBIT": NaN,
        "Net Income": NaN
    },
    "2018-07-31": {
        "Diluted EPS": 2.71,
        "Total Revenue": NaN,
        "Gross Profit": NaN,
        "Operating Income": NaN,
        "EBIT": NaN,
        "Net Income": NaN
    },
    "2018-04-30": {
        "Diluted EPS": 8.33,
        "Total Revenue": NaN,
        "Gross Profit": NaN,
        "Operating Income": NaN,
        "EBIT": NaN,
        "Net Income": NaN
    },
    "2018-01-31": {
        "Diluted EPS": 14.62,
        "Total Revenue": NaN,
        "Gross Profit": NaN,
        "Operating Income": 943,
        "EBIT": NaN,
        "Net Income": NaN
    },
    "2017-10-31": {
        "Diluted EPS": 1.26,
        "Total Revenue": NaN,
        "Gross Profit": NaN,
        "Operating Income": 743,
        "EBIT": NaN,
        "Net Income": 532
    },
    "2017-07-31": {
        "Diluted EPS": 1.14,
        "Total Revenue": NaN,
        "Gross Profit": NaN,
        "Operating Income": 648,
        "EBIT": NaN,
        "Net Income": 481
    },
    "2017-04-30": {
        "Diluted EPS": 1.05,
        "Total Revenue": NaN,
        "Gross Profit": NaN,
        "Operating Income": 474,
        "EBIT": NaN,
        "Net Income": 440
    },
    "2017-01-31": {
        "Diluted EPS": 0.57,
        "Total Revenue": NaN,
        "Gross Profit": NaN,
        "Operating Income": 506,
        "EBIT": NaN,
        "Net Income": 239
    },
    "2016-10-31": {
        "Diluted EPS": -2.39,
        "Total Revenue": NaN,
        "Gross Profit": NaN,
        "Operating Income": 381,
        "EBIT": NaN,
        "Net Income": -632
    },
    "2016-07-31": {
        "Diluted EPS": -0.75,
        "Total Revenue": NaN,
        "Gross Profit": NaN,
        "Operating Income": -264,
        "EBIT": 804,
        "Net Income": -298
    },
    "2016-04-30": {
        "Diluted EPS": -3.02,
        "Total Revenue": NaN,
        "Gross Profit": NaN,
        "Operating Income": NaN,
        "EBIT": 52,
        "Net Income": NaN
    },
    "2016-01-31": {
        "Diluted EPS": 1.3,
        "Total Revenue": NaN,
        "Gross Profit": 941,
        "Operating Income": 475,
        "EBIT": 723,
        "Net Income": 377
    },
    "2015-10-31": {
        "Diluted EPS": 1.54,
        "Total Revenue": NaN,
        "Gross Profit": 997,
        "Operating Income": 514,
        "EBIT": 768,
        "Net Income": 429
    },
    "2015-07-31": {
        "Diluted EPS": 0.84,
        "Total Revenue": NaN,
        "Gross Profit": 884,
        "Operating Income": 299,
        "EBIT": 559,
        "Net Income": 240
    },
    "2015-04-30": {
        "Diluted EPS": 1.21,
        "Total Revenue": NaN,
        "Gross Profit": 846,
        "Operating Income": 418,
        "EBIT": 655,
        "Net Income": 344
    },
    "2015-01-31": {
        "Diluted EPS": 1.26,
        "Total Revenue": NaN,
        "Gross Profit": 826,
        "Operating Income": 401,
        "EBIT": 634,
        "Net Income": 351
    },
    "2014-10-31": {
        "Diluted EPS": 0.5,
        "Total Revenue": NaN,
        "Gross Profit": 788,
        "Operating Income": 301,
        "EBIT": 558,
        "Net Income": 135
    },
    "2014-07-31": {
        "Diluted EPS": -0.65,
        "Total Revenue": NaN,
        "Gross Profit": 393,
        "Operating Income": -162,
        "EBIT": 102,
        "Net Income": -164
    },
    "2014-04-30": {
        "Diluted EPS": 0.61,
        "Total Revenue": 701,
        "Gross Profit": 357,
        "Operating Income": 160,
        "EBIT": 221,
        "Net Income": 158
    },
    "2014-01-31": {
        "Diluted EPS": 0.53,
        "Total Revenue": 709,
        "Gross Profit": 339,
        "Operating Income": 139,
        "EBIT": 196,
        "Net Income": 134
    },
    "2013-10-31": {
        "Diluted EPS": 0.68,
        "Total Revenue": 738,
        "Gross Profit": 346,
        "Operating Income": 170,
        "EBIT": 229,
        "Net Income": 172
    },
    "2013-07-31": {
        "Diluted EPS": 0.56,
        "Total Revenue": 644,
        "Gross Profit": 304,
        "Operating Income": 140,
        "EBIT": 186,
        "Net Income": 142
    },
    "2013-04-30": {
        "Diluted EPS": 0.45,
        "Total Revenue": 562,
        "Gross Profit": 272,
        "Operating Income": 118,
        "EBIT": 160,
        "Net Income": 113
    },
    "2013-01-31": {
        "Diluted EPS": 0.5,
        "Total Revenue": 576,
        "Gross Profit": 276,
        "Operating Income": 124,
        "EBIT": 165,
        "Net Income": 125
    },
    "2012-10-31": {
        "Diluted EPS": 0.63,
        "Total Revenue": 618,
        "Gross Profit": 299,
        "Operating Income": 164,
        "EBIT": 204,
        "Net Income": 159
    },
    "2012-07-31": {
        "Diluted EPS": 0.58,
        "Total Revenue": 606,
        "Gross Profit": 295,
        "Operating Income": 149,
        "EBIT": 189,
        "Net Income": 145
    },
    "2012-04-30": {
        "Diluted EPS": 0.54,
        "Total Revenue": 577,
        "Gross Profit": 278,
        "Operating Income": 137,
        "EBIT": 175,
        "Net Income": 134
    },
    "2012-01-31": {
        "Diluted EPS": 0.5,
        "Total Revenue": 563,
        "Gross Profit": 270,
        "Operating Income": 132,
        "EBIT": 169,
        "Net Income": 125
    },
    "2011-10-31": {
        "Diluted EPS": 0.6,
        "Total Revenue": 623,
        "Gross Profit": 304,
        "Operating Income": 159,
        "EBIT": 198,
        "Net Income": 154
    },
    "2011-07-31": {
        "Diluted EPS": 0.57,
        "Total Revenue": 603,
        "Gross Profit": 297,
        "Operating Income": 145,
        "EBIT": 185,
        "Net Income": 144
    },
    "2011-04-30": {
        "Diluted EPS": 0.54,
        "Total Revenue": 560,
        "Gross Profit": 275,
        "Operating Income": 138,
        "EBIT": 176,
        "Net Income": 135
    },
    "2011-01-31": {
        "Diluted EPS": 0.48,
        "Total Revenue": 550,
        "Gross Profit": 271,
        "Operating Income": 142,
        "EBIT": 183,
        "Net Income": 119
    },
    "2010-10-31": {
        "Diluted EPS": 0.66,
        "Total Revenue": 572,
        "Gross Profit": 276,
        "Operating Income": 145,
        "EBIT": 186,
        "Net Income": 164
    },
    "2010-07-31": {
        "Diluted EPS": 0.5,
        "Total Revenue": 550,
        "Gross Profit": 263,
        "Operating Income": 135,
        "EBIT": 175,
        "Net Income": 123
    },
    "2010-04-30": {
        "Diluted EPS": 0.37,
        "Total Revenue": 515,
        "Gross Profit": 233,
        "Operating Income": 108,
        "EBIT": 148,
        "Net Income": 90
    },
    "2010-01-31": {
        "Diluted EPS": 0.16,
        "Total Revenue": 456,
        "Gross Profit": 194,
        "Operating Income": 78,
        "EBIT": 118,
        "Net Income": 38
    },
    "2009-10-31": {
        "Diluted EPS": -0.1,
        "Total Revenue": 428,
        "Gross Profit": 178,
        "Operating Income": 5,
        "EBIT": 46,
        "Net Income": -21
    },
    "2009-07-31": {
        "Diluted EPS": 0.01,
        "Total Revenue": 363,
        "Gross Profit": 141,
        "Operating Income": 24,
        "EBIT": 65,
        "Net Income": 2
    },
    "2009-04-30": {
        "Diluted EPS": -0.14,
        "Total Revenue": 325,
        "Gross Profit": 98,
        "Operating Income": -11,
        "EBIT": 29,
        "Net Income": -31
    },
    "2009-01-31": {
        "Diluted EPS": 0.03,
        "Total Revenue": 368,
        "Gross Profit": 143,
        "Operating Income": 30,
        "EBIT": 72,
        "Net Income": 6
    },
    "2023-07-31": {
        "Tax Effect Of Unusual Items": -16074986.010073,
        "Tax Rate For Calcs": 0.075825,
        "Normalized EBITDA": 5124000000.0,
        "Total Unusual Items": -212000000.0,
        "Total Unusual Items Excluding Goodwill": -212000000.0,
        "Net Income From Continuing Operation Net Minority Interest": 3303000000.0,
        "Reconciled Depreciation": 932000000.0,
        "Reconciled Cost Of Revenue": 2130000000.0,
        "EBITDA": 4912000000.0,
        "EBIT": 3980000000.0,
        "Net Interest Income": -406000000.0,
        "Interest Expense": 406000000.0,
        "Normalized Income": 3498925013.989927,
        "Net Income From Continuing And Discontinued Operation": 3303000000.0,
        "Total Expenses": 4808000000.0,
        "Total Operating Income As Reported": 3856000000.0,
        "Diluted Average Shares": 427000000.0,
        "Basic Average Shares": 413000000.0,
        "Diluted EPS": 7.74,
        "Basic EPS": 8.0,
        "Diluted NI Availto Com Stockholders": 3303000000.0,
        "Net Income Common Stockholders": 3303000000.0,
        "Net Income": 3303000000.0,
        "Net Income Including Noncontrolling Interests": 3303000000.0,
        "Net Income Continuous Operations": 3303000000.0,
        "Tax Provision": 271000000.0,
        "Pretax Income": 3574000000.0,
        "Other Income Expense": -88000000.0,
        "Other Non Operating Income Expenses": 124000000.0,
        "Special Income Charges": -212000000.0,
        "Restructuring And Mergern Acquisition": 212000000.0,
        "Net Non Operating Interest Income Expense": -406000000.0,
        "Interest Expense Non Operating": 406000000.0,
        "Operating Income": 4068000000.0,
        "Operating Expense": 2096000000.0,
        "Depreciation Amortization Depletion Income Statement": 350000000.0,
        "Depreciation And Amortization In Income Statement": 350000000.0,
        "Amortization": 350000000.0,
        "Amortization Of Intangibles Income Statement": 350000000.0,
        "Research And Development": 1358000000.0,
        "Selling General And Administration": 388000000.0,
        "Gross Profit": 6164000000.0,
        "Cost Of Revenue": 2712000000.0,
        "Total Revenue": 8876000000.0,
        "Operating Revenue": 8876000000.0
    },
    "2023-10-31": {
        "Tax Effect Of Unusual Items": -223342.576254,
        "Tax Rate For Calcs": 0.111671,
        "Normalized EBITDA": 5306000000.0,
        "Total Unusual Items": -2000000.0,
        "Total Unusual Items Excluding Goodwill": -2000000.0,
        "Net Income From Continuing Operation Net Minority Interest": 3524000000.0,
        "Reconciled Depreciation": 932000000.0,
        "Reconciled Cost Of Revenue": 2304000000.0,
        "EBITDA": 5304000000.0,
        "EBIT": 4372000000.0,
        "Net Interest Income": 130000000.0,
        "Interest Expense": 405000000.0,
        "Normalized Income": 3525776657.423746,
        "Net Income From Continuing And Discontinued Operation": 3524000000.0,
        "Total Expenses": 5042000000.0,
        "Total Operating Income As Reported": 4240000000.0,
        "Diluted Average Shares": 427000000.0,
        "Basic Average Shares": 413000000.0,
        "Diluted EPS": 8.25,
        "Basic EPS": 8.53,
        "Diluted NI Availto Com Stockholders": 3524000000.0,
        "Net Income Common Stockholders": 3524000000.0,
        "Net Income": 3524000000.0,
        "Net Income Including Noncontrolling Interests": 3524000000.0,
        "Net Income Continuous Operations": 3524000000.0,
        "Tax Provision": 443000000.0,
        "Pretax Income": 3967000000.0,
        "Other Income Expense": -416000000.0,
        "Other Non Operating Income Expenses": -414000000.0,
        "Special Income Charges": -13000000.0,
        "Restructuring And Mergern Acquisition": 13000000.0,
        "Net Non Operating Interest Income Expense": 130000000.0,
        "Interest Expense Non Operating": 405000000.0,
        "Operating Income": 4253000000.0,
        "Operating Expense": 2154000000.0,
        "Depreciation Amortization Depletion Income Statement": 348000000.0,
        "Depreciation And Amortization In Income Statement": 348000000.0,
        "Amortization": 348000000.0,
        "Amortization Of Intangibles Income Statement": 348000000.0,
        "Research And Development": 1388000000.0,
        "Selling General And Administration": 418000000.0,
        "Gross Profit": 6407000000.0,
        "Cost Of Revenue": 2888000000.0,
        "Total Revenue": 9295000000.0,
        "Operating Revenue": 9295000000.0
    }
}