{
    "2023-03-31": {
        "Tax Effect Of Unusual Items": NaN,
        "Tax Rate For Calcs": NaN,
        "Normalized EBITDA": NaN,
        "Total Unusual Items": NaN,
        "Total Unusual Items Excluding Goodwill": NaN,
        "Net Income From Continuing Operation Net Minority Interest": NaN,
        "Reconciled Depreciation": NaN,
        "Reconciled Cost Of Revenue": NaN,
        "EBITDA": NaN,
        "EBIT": NaN,
        "Net Interest Income": -122000.0,
        "Interest Expense": 122000.0,
        "Normalized Income": NaN,
        "Net Income From Continuing And Discontinued Operation": NaN,
        "Total Expenses": NaN,
        "Total Operating Income As Reported": NaN,
        "Diluted Average Shares": NaN,
        "Basic Average Shares": NaN,
        "Diluted EPS": NaN,
        "Basic EPS": NaN,
        "Diluted NI Availto Com Stockholders": NaN,
        "Net Income Common Stockholders": NaN,
        "Net Income": NaN,
        "Net Income Including Noncontrolling Interests": NaN,
        "Net Income Continuous Operations": NaN,
        "Tax Provision": NaN,
        "Pretax Income": NaN,
        "Other Income Expense": NaN,
        "Other Non Operating Income Expenses": NaN,
        "Special Income Charges": NaN,
        "Restructuring And Mergern Acquisition": NaN,
        "Net Non Operating Interest Income Expense": -122000.0,
        "Total Other Finance Cost": NaN,
        "Interest Expense Non Operating": 122000.0,
        "Operating Income": NaN,
        "Operating Expense": NaN,
        "Research And Development": NaN,
        "Selling General And Administration": NaN,
        "Gross Profit": NaN,
        "Cost Of Revenue": NaN,
        "Total Revenue": NaN,
        "Operating Revenue": NaN
    },
    "2022-12-31": {
        "Tax Effect Of Unusual Items": -314004.815058,
        "Tax Rate For Calcs": 0.338367,
        "Normalized EBITDA": 12079000.0,
        "Total Unusual Items": -928000.0,
        "Total Unusual Items Excluding Goodwill": -928000.0,
        "Net Income From Continuing Operation Net Minority Interest": 6046000.0,
        "Reconciled Depreciation": 1545000.0,
        "Reconciled Cost Of Revenue": 58463000.0,
        "EBITDA": 11151000.0,
        "EBIT": 9606000.0,
        "Normalized Income": 6659995.184942,
        "Net Income From Continuing And Discontinued Operation": 6046000.0,
        "Total Expenses": 81077000.0,
        "Total Operating Income As Reported": 8678000.0,
        "Diluted Average Shares": 11805000.0,
        "Basic Average Shares": 11347000.0,
        "Diluted EPS": 0.51,
        "Basic EPS": 0.53,
        "Diluted NI Availto Com Stockholders": 6046000.0,
        "Net Income Common Stockholders": 6046000.0,
        "Net Income": 6046000.0,
        "Net Income Including Noncontrolling Interests": 6046000.0,
        "Net Income Continuous Operations": 6046000.0,
        "Tax Provision": 3092000.0,
        "Pretax Income": 9138000.0,
        "Other Income Expense": -468000.0,
        "Other Non Operating Income Expenses": 460000.0,
        "Special Income Charges": -928000.0,
        "Restructuring And Mergern Acquisition": 928000.0,
        "Operating Income": 9606000.0,
        "Operating Expense": 22614000.0,
        "Research And Development": 6047000.0,
        "Selling General And Administration": 16567000.0,
        "Gross Profit": 32220000.0,
        "Cost Of Revenue": 58463000.0,
        "Total Revenue": 90683000.0,
        "Operating Revenue": 90683000.0
    },
    "2022-09-30": {
        "Tax Effect Of Unusual Items": -780000.0,
        "Tax Rate For Calcs": 0.4,
        "Normalized EBITDA": 9281000.0,
        "Total Unusual Items": -1950000.0,
        "Total Unusual Items Excluding Goodwill": -1950000.0,
        "Net Income From Continuing Operation Net Minority Interest": -2746000.0,
        "Reconciled Depreciation": 1468000.0,
        "Reconciled Cost Of Revenue": 51797000.0,
        "EBITDA": 7331000.0,
        "EBIT": 5863000.0,
        "Normalized Income": -1576000.0,
        "Net Income From Continuing And Discontinued Operation": -2746000.0,
        "Total Expenses": 75388000.0,
        "Total Operating Income As Reported": 3913000.0,
        "Diluted Average Shares": 11200000.0,
        "Basic Average Shares": 11200000.0,
        "Diluted EPS": -0.25,
        "Basic EPS": -0.25,
        "Diluted NI Availto Com Stockholders": -2746000.0,
        "Net Income Common Stockholders": -2746000.0,
        "Net Income": -2746000.0,
        "Net Income Including Noncontrolling Interests": -2746000.0,
        "Net Income Continuous Operations": -2746000.0,
        "Tax Provision": 3877000.0,
        "Pretax Income": 1131000.0,
        "Other Income Expense": -4732000.0,
        "Other Non Operating Income Expenses": -2782000.0,
        "Special Income Charges": -1950000.0,
        "Restructuring And Mergern Acquisition": 1950000.0,
        "Operating Income": 5863000.0,
        "Operating Expense": 23591000.0,
        "Research And Development": 6087000.0,
        "Selling General And Administration": 17504000.0,
        "Gross Profit": 29454000.0,
        "Cost Of Revenue": 51797000.0,
        "Total Revenue": 81251000.0,
        "Operating Revenue": 81251000.0
    },
    "2022-06-30": {
        "Tax Effect Of Unusual Items": -232527.329872,
        "Tax Rate For Calcs": 0.380568,
        "Normalized EBITDA": 6463000.0,
        "Total Unusual Items": -611000.0,
        "Total Unusual Items Excluding Goodwill": -611000.0,
        "Net Income From Continuing Operation Net Minority Interest": 4533000.0,
        "Reconciled Depreciation": 1019000.0,
        "Reconciled Cost Of Revenue": 49959000.0,
        "EBITDA": 5852000.0,
        "EBIT": 5852000.0,
        "Normalized Income": 4911472.670128,
        "Net Income From Continuing And Discontinued Operation": 4533000.0,
        "Total Expenses": 71569000.0,
        "Total Operating Income As Reported": 5241000.0,
        "Diluted Average Shares": 11726000.0,
        "Basic Average Shares": 11151000.0,
        "Diluted EPS": 0.39,
        "Basic EPS": 0.41,
        "Diluted NI Availto Com Stockholders": 4533000.0,
        "Net Income Common Stockholders": 4533000.0,
        "Net Income": 4533000.0,
        "Net Income Including Noncontrolling Interests": 4533000.0,
        "Net Income Continuous Operations": 4533000.0,
        "Tax Provision": 2785000.0,
        "Pretax Income": 7318000.0,
        "Other Income Expense": 1466000.0,
        "Other Non Operating Income Expenses": 2077000.0,
        "Special Income Charges": -611000.0,
        "Restructuring And Mergern Acquisition": 611000.0,
        "Operating Income": 5852000.0,
        "Operating Expense": 21610000.0,
        "Research And Development": 5258000.0,
        "Selling General And Administration": 16352000.0,
        "Gross Profit": 27462000.0,
        "Cost Of Revenue": 49959000.0,
        "Total Revenue": 77421000.0,
        "Operating Revenue": 77421000.0
    },
    "2022-03-31": {
        "Diluted EPS": 0.51,
        "Total Revenue": 75,
        "Gross Profit": 28,
        "Operating Income": 7,
        "EBIT": 9,
        "Net Income": 6
    },
    "2021-12-31": {
        "Diluted EPS": 0.49,
        "Total Revenue": 78,
        "Gross Profit": 28,
        "Operating Income": 9,
        "EBIT": 10,
        "Net Income": 6
    },
    "2021-09-30": {
        "Diluted EPS": 0.39,
        "Total Revenue": 73,
        "Gross Profit": 26,
        "Operating Income": 7,
        "EBIT": 8,
        "Net Income": 5
    },
    "2021-06-30": {
        "Diluted EPS": 0.3,
        "Total Revenue": 72,
        "Gross Profit": 26,
        "Operating Income": 4,
        "EBIT": 5,
        "Net Income": 3
    },
    "2021-03-31": {
        "Diluted EPS": 8.0,
        "Total Revenue": 66,
        "Gross Profit": 26,
        "Operating Income": 4,
        "EBIT": 5,
        "Net Income": 95
    },
    "2020-12-31": {
        "Diluted EPS": 0.58,
        "Total Revenue": 71,
        "Gross Profit": 27,
        "Operating Income": 8,
        "EBIT": 9,
        "Net Income": 7
    },
    "2020-09-30": {
        "Diluted EPS": 0.54,
        "Total Revenue": 66,
        "Gross Profit": 24,
        "Operating Income": 7,
        "EBIT": 8,
        "Net Income": 6
    },
    "2020-06-30": {
        "Diluted EPS": 0.1,
        "Total Revenue": 63,
        "Gross Profit": 22,
        "Operating Income": 2,
        "EBIT": 3,
        "Net Income": 1
    },
    "2020-03-31": {
        "Diluted EPS": 0.07,
        "Total Revenue": 61,
        "Gross Profit": 22,
        "Operating Income": 1,
        "EBIT": 2,
        "Net Income": 1
    },
    "2019-12-31": {
        "Diluted EPS": -0.16,
        "Total Revenue": 56,
        "Gross Profit": 18,
        "Operating Income": -1,
        "EBIT": 0,
        "Net Income": -2
    },
    "2019-09-30": {
        "Diluted EPS": 0.01,
        "Total Revenue": 59,
        "Gross Profit": 23,
        "Operating Income": 2,
        "EBIT": 3,
        "Net Income": 0
    },
    "2019-06-30": {
        "Diluted EPS": 0.35,
        "Total Revenue": 64,
        "Gross Profit": 23,
        "Operating Income": 3,
        "EBIT": 4,
        "Net Income": 4
    },
    "2019-03-31": {
        "Diluted EPS": 0.39,
        "Total Revenue": 54,
        "Gross Profit": 16,
        "Operating Income": -3,
        "EBIT": -1,
        "Net Income": 4
    },
    "2018-12-31": {
        "Diluted EPS": 0.21,
        "Total Revenue": 65,
        "Gross Profit": 22,
        "Operating Income": 3,
        "EBIT": 4,
        "Net Income": 2
    },
    "2018-09-30": {
        "Diluted EPS": -0.07,
        "Total Revenue": 61,
        "Gross Profit": 18,
        "Operating Income": -2,
        "EBIT": 0,
        "Net Income": -1
    },
    "2018-06-30": {
        "Diluted EPS": 0.02,
        "Total Revenue": 63,
        "Gross Profit": 23,
        "Operating Income": 1,
        "EBIT": 2,
        "Net Income": 0
    },
    "2018-03-31": {
        "Diluted EPS": -0.25,
        "Total Revenue": 62,
        "Gross Profit": 18,
        "Operating Income": -1,
        "EBIT": 0,
        "Net Income": -3
    },
    "2017-12-31": {
        "Diluted EPS": 0.45,
        "Total Revenue": 62,
        "Gross Profit": 22,
        "Operating Income": 3,
        "EBIT": 4,
        "Net Income": 5
    },
    "2017-09-30": {
        "Diluted EPS": -0.06,
        "Total Revenue": 56,
        "Gross Profit": 17,
        "Operating Income": -1,
        "EBIT": 0,
        "Net Income": -1
    },
    "2017-06-30": {
        "Diluted EPS": -0.14,
        "Total Revenue": 56,
        "Gross Profit": 19,
        "Operating Income": -1,
        "EBIT": 1,
        "Net Income": -1
    },
    "2017-03-31": {
        "Diluted EPS": -0.04,
        "Total Revenue": 59,
        "Gross Profit": 18,
        "Operating Income": 0,
        "EBIT": 1,
        "Net Income": 0
    },
    "2016-12-31": {
        "Diluted EPS": 0.16,
        "Total Revenue": 69,
        "Gross Profit": 21,
        "Operating Income": 3,
        "EBIT": 4,
        "Net Income": 2
    },
    "2016-09-30": {
        "Diluted EPS": -0.06,
        "Total Revenue": 58,
        "Gross Profit": 17,
        "Operating Income": -3,
        "EBIT": -1,
        "Net Income": -1
    },
    "2016-06-30": {
        "Diluted EPS": -1.45,
        "Total Revenue": 58,
        "Gross Profit": 10,
        "Operating Income": -13,
        "EBIT": -12,
        "Net Income": -15
    },
    "2016-03-31": {
        "Diluted EPS": -0.75,
        "Total Revenue": 60,
        "Gross Profit": 14,
        "Operating Income": -8,
        "EBIT": -6,
        "Net Income": -8
    },
    "2015-12-31": {
        "Diluted EPS": -0.55,
        "Total Revenue": 70,
        "Gross Profit": 16,
        "Operating Income": -5,
        "EBIT": -3,
        "Net Income": -6
    },
    "2015-09-30": {
        "Diluted EPS": -0.12,
        "Total Revenue": 80,
        "Gross Profit": 21,
        "Operating Income": -2,
        "EBIT": 0,
        "Net Income": -1
    },
    "2015-06-30": {
        "Diluted EPS": -0.15,
        "Total Revenue": 88,
        "Gross Profit": 19,
        "Operating Income": -5,
        "EBIT": -3,
        "Net Income": -2
    },
    "2015-03-31": {
        "Diluted EPS": -1.26,
        "Total Revenue": 75,
        "Gross Profit": 16,
        "Operating Income": -12,
        "EBIT": -10,
        "Net Income": -13
    },
    "2014-12-31": {
        "Diluted EPS": -0.42,
        "Total Revenue": 91,
        "Gross Profit": 24,
        "Operating Income": -4,
        "EBIT": -2,
        "Net Income": -5
    },
    "2014-09-30": {
        "Diluted EPS": -0.54,
        "Total Revenue": 82,
        "Gross Profit": 22,
        "Operating Income": -5,
        "EBIT": -4,
        "Net Income": -6
    },
    "2014-06-30": {
        "Diluted EPS": -1.25,
        "Total Revenue": 85,
        "Gross Profit": 20,
        "Operating Income": -12,
        "EBIT": -10,
        "Net Income": -13
    },
    "2014-03-31": {
        "Diluted EPS": -1.44,
        "Total Revenue": 81,
        "Gross Profit": 21,
        "Operating Income": -15,
        "EBIT": -13,
        "Net Income": -15
    },
    "2013-12-31": {
        "Diluted EPS": -0.96,
        "Total Revenue": 86,
        "Gross Profit": 21,
        "Operating Income": -11,
        "EBIT": -9,
        "Net Income": -10
    },
    "2013-09-30": {
        "Diluted EPS": -1.32,
        "Total Revenue": 93,
        "Gross Profit": 23,
        "Operating Income": -13,
        "EBIT": -12,
        "Net Income": -14
    },
    "2013-06-30": {
        "Diluted EPS": -0.72,
        "Total Revenue": 109,
        "Gross Profit": 32,
        "Operating Income": -5,
        "EBIT": -3,
        "Net Income": -8
    },
    "2013-03-31": {
        "Diluted EPS": -0.18,
        "Total Revenue": 118,
        "Gross Profit": 34,
        "Operating Income": -1,
        "EBIT": 1,
        "Net Income": -2
    },
    "2012-12-31": {
        "Diluted EPS": -0.54,
        "Total Revenue": 129,
        "Gross Profit": 39,
        "Operating Income": 5,
        "EBIT": 6,
        "Net Income": -5
    },
    "2012-09-30": {
        "Diluted EPS": -0.24,
        "Total Revenue": 115,
        "Gross Profit": 34,
        "Operating Income": 1,
        "EBIT": 3,
        "Net Income": -2
    },
    "2012-06-30": {
        "Diluted EPS": -0.12,
        "Total Revenue": 116,
        "Gross Profit": 33,
        "Operating Income": -2,
        "EBIT": 0,
        "Net Income": -1
    },
    "2012-03-31": {
        "Diluted EPS": -0.3,
        "Total Revenue": 112,
        "Gross Profit": 34,
        "Operating Income": -1,
        "EBIT": 1,
        "Net Income": -3
    },
    "2011-12-31": {
        "Diluted EPS": -1.32,
        "Total Revenue": 105,
        "Gross Profit": 32,
        "Operating Income": -9,
        "EBIT": -1,
        "Net Income": -13
    },
    "2011-09-30": {
        "Diluted EPS": -0.72,
        "Total Revenue": 111,
        "Gross Profit": 33,
        "Operating Income": -3,
        "EBIT": -1,
        "Net Income": -7
    },
    "2011-06-30": {
        "Diluted EPS": -2.04,
        "Total Revenue": 121,
        "Gross Profit": 33,
        "Operating Income": -7,
        "EBIT": -4,
        "Net Income": -20
    },
    "2011-03-31": {
        "Diluted EPS": -3.78,
        "Total Revenue": 116,
        "Gross Profit": 32,
        "Operating Income": -10,
        "EBIT": -7,
        "Net Income": -37
    },
    "2010-12-31": {
        "Diluted EPS": -1.26,
        "Total Revenue": 115,
        "Gross Profit": 37,
        "Operating Income": -3,
        "EBIT": -1,
        "Net Income": -13
    },
    "2010-09-30": {
        "Diluted EPS": -2.16,
        "Total Revenue": 100,
        "Gross Profit": 26,
        "Operating Income": -18,
        "EBIT": -15,
        "Net Income": -21
    },
    "2010-06-30": {
        "Diluted EPS": -9.0,
        "Total Revenue": 106,
        "Gross Profit": 36,
        "Operating Income": -73,
        "EBIT": -66,
        "Net Income": -89
    },
    "2010-03-31": {
        "Diluted EPS": -2.58,
        "Total Revenue": 117,
        "Gross Profit": 17,
        "Operating Income": -26,
        "EBIT": -17,
        "Net Income": -26
    },
    "2009-12-31": {
        "Diluted EPS": -0.78,
        "Total Revenue": 123,
        "Gross Profit": 42,
        "Operating Income": -6,
        "EBIT": 2,
        "Net Income": -8
    },
    "2009-09-30": {
        "Diluted EPS": -0.78,
        "Total Revenue": 120,
        "Gross Profit": 38,
        "Operating Income": -6,
        "EBIT": 3,
        "Net Income": -8
    },
    "2009-06-30": {
        "Diluted EPS": -0.3,
        "Total Revenue": 133,
        "Gross Profit": 47,
        "Operating Income": -7,
        "EBIT": 2,
        "Net Income": -3
    },
    "2009-03-31": {
        "Diluted EPS": -4.02,
        "Total Revenue": 158,
        "Gross Profit": 17,
        "Operating Income": -35,
        "EBIT": -26,
        "Net Income": -39
    },
    "2023-06-30": {
        "Tax Effect Of Unusual Items": NaN,
        "Tax Rate For Calcs": NaN,
        "Normalized EBITDA": NaN,
        "Total Unusual Items": NaN,
        "Total Unusual Items Excluding Goodwill": NaN,
        "Net Income From Continuing Operation Net Minority Interest": NaN,
        "Reconciled Depreciation": NaN,
        "Reconciled Cost Of Revenue": NaN,
        "EBITDA": NaN,
        "EBIT": NaN,
        "Net Interest Income": NaN,
        "Interest Expense": NaN,
        "Normalized Income": NaN,
        "Net Income From Continuing And Discontinued Operation": NaN,
        "Total Expenses": NaN,
        "Total Operating Income As Reported": NaN,
        "Diluted Average Shares": 11920000.0,
        "Basic Average Shares": 11475000.0,
        "Diluted EPS": 0.28,
        "Basic EPS": 0.29,
        "Diluted NI Availto Com Stockholders": NaN,
        "Net Income Common Stockholders": NaN,
        "Net Income": NaN,
        "Net Income Including Noncontrolling Interests": NaN,
        "Net Income Continuous Operations": NaN,
        "Tax Provision": NaN,
        "Pretax Income": NaN,
        "Other Income Expense": NaN,
        "Other Non Operating Income Expenses": NaN,
        "Special Income Charges": NaN,
        "Restructuring And Mergern Acquisition": NaN,
        "Net Non Operating Interest Income Expense": NaN,
        "Total Other Finance Cost": NaN,
        "Interest Expense Non Operating": NaN,
        "Operating Income": NaN,
        "Operating Expense": NaN,
        "Research And Development": NaN,
        "Selling General And Administration": NaN,
        "Gross Profit": NaN,
        "Cost Of Revenue": NaN,
        "Total Revenue": NaN,
        "Operating Revenue": NaN
    },
    "2023-09-30": {
        "Tax Effect Of Unusual Items": -88851.485149,
        "Tax Rate For Calcs": 0.137968,
        "Normalized EBITDA": 8179000.0,
        "Total Unusual Items": -644000.0,
        "Total Unusual Items Excluding Goodwill": -644000.0,
        "Net Income From Continuing Operation Net Minority Interest": 4005000.0,
        "Reconciled Depreciation": 1344000.0,
        "Reconciled Cost Of Revenue": 55714000.0,
        "EBITDA": 7535000.0,
        "EBIT": 6191000.0,
        "Net Interest Income": NaN,
        "Interest Expense": NaN,
        "Normalized Income": 4560148.514851,
        "Net Income From Continuing And Discontinued Operation": 4005000.0,
        "Total Expenses": 81375000.0,
        "Total Operating Income As Reported": 5547000.0,
        "Diluted Average Shares": 11943000.0,
        "Basic Average Shares": 11574000.0,
        "Diluted EPS": 0.3,
        "Basic EPS": 0.31,
        "Diluted NI Availto Com Stockholders": 4005000.0,
        "Net Income Common Stockholders": 4005000.0,
        "Net Income": 4005000.0,
        "Net Income Including Noncontrolling Interests": 4005000.0,
        "Net Income Continuous Operations": 4005000.0,
        "Tax Provision": 641000.0,
        "Pretax Income": 4646000.0,
        "Other Income Expense": -1545000.0,
        "Other Non Operating Income Expenses": -901000.0,
        "Special Income Charges": -644000.0,
        "Restructuring And Mergern Acquisition": 644000.0,
        "Net Non Operating Interest Income Expense": NaN,
        "Total Other Finance Cost": NaN,
        "Interest Expense Non Operating": NaN,
        "Operating Income": 6191000.0,
        "Operating Expense": 25661000.0,
        "Research And Development": 6424000.0,
        "Selling General And Administration": 19237000.0,
        "Gross Profit": 31852000.0,
        "Cost Of Revenue": 55714000.0,
        "Total Revenue": 87566000.0,
        "Operating Revenue": 87566000.0
    },
    "2023-12-31": {
        "Tax Effect Of Unusual Items": -420000.0,
        "Tax Rate For Calcs": 0.21,
        "Normalized EBITDA": 10134000.0,
        "Total Unusual Items": -2000000.0,
        "Total Unusual Items Excluding Goodwill": -2000000.0,
        "Net Income From Continuing Operation Net Minority Interest": 2890000.0,
        "Reconciled Depreciation": 1140000.0,
        "Reconciled Cost Of Revenue": 58206000.0,
        "EBITDA": 8134000.0,
        "EBIT": 6994000.0,
        "Net Interest Income": NaN,
        "Interest Expense": NaN,
        "Normalized Income": 4470000.0,
        "Net Income From Continuing And Discontinued Operation": 2890000.0,
        "Total Expenses": 88042000.0,
        "Total Operating Income As Reported": 4994000.0,
        "Diluted Average Shares": 12229000.0,
        "Basic Average Shares": 12001000.0,
        "Diluted EPS": 0.24,
        "Basic EPS": 0.24,
        "Diluted NI Availto Com Stockholders": 2890000.0,
        "Net Income Common Stockholders": 2890000.0,
        "Net Income": 2890000.0,
        "Net Income Including Noncontrolling Interests": 2890000.0,
        "Net Income Continuous Operations": 2890000.0,
        "Tax Provision": 2347000.0,
        "Pretax Income": 5237000.0,
        "Other Income Expense": -1757000.0,
        "Other Non Operating Income Expenses": 243000.0,
        "Special Income Charges": -2000000.0,
        "Restructuring And Mergern Acquisition": 2000000.0,
        "Net Non Operating Interest Income Expense": NaN,
        "Total Other Finance Cost": NaN,
        "Interest Expense Non Operating": NaN,
        "Operating Income": 6994000.0,
        "Operating Expense": 29836000.0,
        "Research And Development": 8394000.0,
        "Selling General And Administration": 21442000.0,
        "Gross Profit": 36830000.0,
        "Cost Of Revenue": 58206000.0,
        "Total Revenue": 95036000.0,
        "Operating Revenue": 95036000.0
    },
    "2024-03-31": {
        "Tax Effect Of Unusual Items": 63939.31137,
        "Tax Rate For Calcs": 0.153332,
        "Normalized EBITDA": 5792000.0,
        "Total Unusual Items": 417000.0,
        "Total Unusual Items Excluding Goodwill": 417000.0,
        "Net Income From Continuing Operation Net Minority Interest": 3418000.0,
        "Reconciled Depreciation": 1244000.0,
        "Reconciled Cost Of Revenue": 75079000.0,
        "EBITDA": 6209000.0,
        "EBIT": 4965000.0,
        "Net Interest Income": -928000.0,
        "Interest Expense": 928000.0,
        "Normalized Income": 3064939.31137,
        "Net Income From Continuing And Discontinued Operation": 3418000.0,
        "Total Expenses": 107002000.0,
        "Total Operating Income As Reported": 5028000.0,
        "Diluted Average Shares": 12779000.0,
        "Basic Average Shares": 12555000.0,
        "Diluted EPS": 0.27,
        "Basic EPS": 0.27,
        "Diluted NI Availto Com Stockholders": 3418000.0,
        "Net Income Common Stockholders": 3418000.0,
        "Net Income": 3418000.0,
        "Net Income Including Noncontrolling Interests": 3418000.0,
        "Net Income Continuous Operations": 3418000.0,
        "Tax Provision": 619000.0,
        "Pretax Income": 4037000.0,
        "Other Income Expense": 354000.0,
        "Other Non Operating Income Expenses": -63000.0,
        "Special Income Charges": 417000.0,
        "Restructuring And Mergern Acquisition": -417000.0,
        "Net Non Operating Interest Income Expense": -928000.0,
        "Total Other Finance Cost": NaN,
        "Interest Expense Non Operating": 928000.0,
        "Operating Income": 4611000.0,
        "Operating Expense": 31923000.0,
        "Research And Development": 10623000.0,
        "Selling General And Administration": 21300000.0,
        "Gross Profit": 36534000.0,
        "Cost Of Revenue": 75079000.0,
        "Total Revenue": 111613000.0,
        "Operating Revenue": 111613000.0
    },
    "2024-06-30": {
        "Tax Effect Of Unusual Items": -344400.0,
        "Tax Rate For Calcs": 0.21,
        "Normalized EBITDA": 10832000.0,
        "Total Unusual Items": -1640000.0,
        "Total Unusual Items Excluding Goodwill": -1640000.0,
        "Net Income From Continuing Operation Net Minority Interest": 447000.0,
        "Reconciled Depreciation": 1265000.0,
        "Reconciled Cost Of Revenue": 74352000.0,
        "EBITDA": 9192000.0,
        "EBIT": 7927000.0,
        "Net Interest Income": -916000.0,
        "Interest Expense": NaN,
        "Normalized Income": 1742600.0,
        "Net Income From Continuing And Discontinued Operation": 447000.0,
        "Total Expenses": 108396000.0,
        "Total Operating Income As Reported": 3832000.0,
        "Diluted Average Shares": NaN,
        "Basic Average Shares": NaN,
        "Diluted EPS": NaN,
        "Basic EPS": NaN,
        "Diluted NI Availto Com Stockholders": 447000.0,
        "Net Income Common Stockholders": 447000.0,
        "Net Income": 447000.0,
        "Net Income Including Noncontrolling Interests": 447000.0,
        "Net Income Continuous Operations": 447000.0,
        "Tax Provision": 2539000.0,
        "Pretax Income": 2986000.0,
        "Other Income Expense": -1570000.0,
        "Other Non Operating Income Expenses": 70000.0,
        "Special Income Charges": -1640000.0,
        "Restructuring And Mergern Acquisition": 1640000.0,
        "Net Non Operating Interest Income Expense": -916000.0,
        "Total Other Finance Cost": NaN,
        "Interest Expense Non Operating": NaN,
        "Operating Income": 5472000.0,
        "Operating Expense": 34044000.0,
        "Research And Development": 10985000.0,
        "Selling General And Administration": 23059000.0,
        "Gross Profit": 39516000.0,
        "Cost Of Revenue": 74352000.0,
        "Total Revenue": 113868000.0,
        "Operating Revenue": 113868000.0
    },
    "2024-09-30": {
        "Tax Effect Of Unusual Items": 0.0,
        "Tax Rate For Calcs": 0.317024,
        "Normalized EBITDA": -13738000.0,
        "Total Unusual Items": 0.0,
        "Total Unusual Items Excluding Goodwill": 0.0,
        "Net Income From Continuing Operation Net Minority Interest": -11879000.0,
        "Reconciled Depreciation": 1830000.0,
        "Reconciled Cost Of Revenue": 68641000.0,
        "EBITDA": -13738000.0,
        "EBIT": -15568000.0,
        "Net Interest Income": -1115000.0,
        "Interest Expense": NaN,
        "Normalized Income": -11879000.0,
        "Net Income From Continuing And Discontinued Operation": -11879000.0,
        "Total Expenses": 103997000.0,
        "Total Operating Income As Reported": -15568000.0,
        "Diluted Average Shares": 12646000.0,
        "Basic Average Shares": 12646000.0,
        "Diluted EPS": -0.94,
        "Basic EPS": -0.94,
        "Diluted NI Availto Com Stockholders": -11879000.0,
        "Net Income Common Stockholders": -11879000.0,
        "Net Income": -11879000.0,
        "Net Income Including Noncontrolling Interests": -11879000.0,
        "Net Income Continuous Operations": -11879000.0,
        "Tax Provision": -5514000.0,
        "Pretax Income": -17393000.0,
        "Other Income Expense": -710000.0,
        "Other Non Operating Income Expenses": -710000.0,
        "Special Income Charges": 0.0,
        "Restructuring And Mergern Acquisition": 0.0,
        "Net Non Operating Interest Income Expense": -1115000.0,
        "Total Other Finance Cost": 1115000.0,
        "Interest Expense Non Operating": NaN,
        "Operating Income": -15568000.0,
        "Operating Expense": 35356000.0,
        "Research And Development": 10408000.0,
        "Selling General And Administration": 24948000.0,
        "Gross Profit": 19788000.0,
        "Cost Of Revenue": 68641000.0,
        "Total Revenue": 88429000.0,
        "Operating Revenue": 88429000.0
    }
}