{
    "2023-03-31": {
        "Tax Effect Of Unusual Items": 290640.0,
        "Tax Rate For Calcs": 0.21,
        "Normalized EBITDA": -9082000.0,
        "Total Unusual Items": 1384000.0,
        "Total Unusual Items Excluding Goodwill": 1384000.0,
        "Net Income From Continuing Operation Net Minority Interest": -9197000.0,
        "Reconciled Depreciation": 1134000.0,
        "Reconciled Cost Of Revenue": 17890000.0,
        "EBITDA": -7698000.0,
        "EBIT": -8832000.0,
        "Net Interest Income": 325000.0,
        "Interest Income": 325000.0,
        "Normalized Income": -10290360.0,
        "Net Income From Continuing And Discontinued Operation": -9197000.0,
        "Total Expenses": 68404000.0,
        "Total Operating Income As Reported": -8832000.0,
        "Diluted Average Shares": 182818000.0,
        "Basic Average Shares": 182818000.0,
        "Diluted EPS": -0.05,
        "Basic EPS": -0.05,
        "Diluted NI Availto Com Stockholders": -9197000.0,
        "Net Income Common Stockholders": -9197000.0,
        "Net Income": -9197000.0,
        "Minority Interests": -15000.0,
        "Net Income Including Noncontrolling Interests": -9182000.0,
        "Net Income Continuous Operations": -9182000.0,
        "Tax Provision": 1978000.0,
        "Pretax Income": -7204000.0,
        "Other Income Expense": 1303000.0,
        "Other Non Operating Income Expenses": -81000.0,
        "Special Income Charges": NaN,
        "Restructuring And Mergern Acquisition": NaN,
        "Gain On Sale Of Security": 1384000.0,
        "Net Non Operating Interest Income Expense": 325000.0,
        "Interest Income Non Operating": 325000.0,
        "Operating Income": -8832000.0,
        "Operating Expense": 50514000.0,
        "Depreciation Amortization Depletion Income Statement": NaN,
        "Depreciation And Amortization In Income Statement": NaN,
        "Research And Development": 9015000.0,
        "Selling General And Administration": 41499000.0,
        "Selling And Marketing Expense": 26851000.0,
        "General And Administrative Expense": 14648000.0,
        "Other Gand A": 14648000.0,
        "Gross Profit": 41682000.0,
        "Cost Of Revenue": 17890000.0,
        "Total Revenue": 59572000.0,
        "Operating Revenue": 59572000.0
    },
    "2022-12-31": {
        "Tax Effect Of Unusual Items": NaN,
        "Tax Rate For Calcs": NaN,
        "Normalized EBITDA": NaN,
        "Total Unusual Items": NaN,
        "Total Unusual Items Excluding Goodwill": NaN,
        "Net Income From Continuing Operation Net Minority Interest": NaN,
        "Reconciled Depreciation": NaN,
        "Reconciled Cost Of Revenue": NaN,
        "EBITDA": NaN,
        "EBIT": NaN,
        "Net Interest Income": NaN,
        "Interest Income": NaN,
        "Normalized Income": NaN,
        "Net Income From Continuing And Discontinued Operation": NaN,
        "Total Expenses": NaN,
        "Total Operating Income As Reported": NaN,
        "Diluted Average Shares": 181795000.0,
        "Basic Average Shares": 181795000.0,
        "Diluted EPS": -0.07,
        "Basic EPS": -0.07,
        "Diluted NI Availto Com Stockholders": NaN,
        "Net Income Common Stockholders": NaN,
        "Net Income": NaN,
        "Minority Interests": NaN,
        "Net Income Including Noncontrolling Interests": NaN,
        "Net Income Continuous Operations": NaN,
        "Tax Provision": NaN,
        "Pretax Income": NaN,
        "Other Income Expense": NaN,
        "Other Non Operating Income Expenses": NaN,
        "Special Income Charges": NaN,
        "Restructuring And Mergern Acquisition": NaN,
        "Gain On Sale Of Security": NaN,
        "Net Non Operating Interest Income Expense": NaN,
        "Interest Income Non Operating": NaN,
        "Operating Income": NaN,
        "Operating Expense": NaN,
        "Depreciation Amortization Depletion Income Statement": 1125000.0,
        "Depreciation And Amortization In Income Statement": 1125000.0,
        "Research And Development": NaN,
        "Selling General And Administration": NaN,
        "Selling And Marketing Expense": NaN,
        "General And Administrative Expense": NaN,
        "Other Gand A": NaN,
        "Gross Profit": NaN,
        "Cost Of Revenue": NaN,
        "Total Revenue": NaN,
        "Operating Revenue": NaN
    },
    "2022-09-30": {
        "Tax Effect Of Unusual Items": NaN,
        "Tax Rate For Calcs": NaN,
        "Normalized EBITDA": NaN,
        "Total Unusual Items": NaN,
        "Total Unusual Items Excluding Goodwill": NaN,
        "Net Income From Continuing Operation Net Minority Interest": NaN,
        "Reconciled Depreciation": NaN,
        "Reconciled Cost Of Revenue": NaN,
        "EBITDA": NaN,
        "EBIT": NaN,
        "Net Interest Income": NaN,
        "Interest Income": NaN,
        "Normalized Income": NaN,
        "Net Income From Continuing And Discontinued Operation": NaN,
        "Total Expenses": NaN,
        "Total Operating Income As Reported": NaN,
        "Diluted Average Shares": NaN,
        "Basic Average Shares": NaN,
        "Diluted EPS": NaN,
        "Basic EPS": NaN,
        "Diluted NI Availto Com Stockholders": NaN,
        "Net Income Common Stockholders": NaN,
        "Net Income": NaN,
        "Minority Interests": NaN,
        "Net Income Including Noncontrolling Interests": NaN,
        "Net Income Continuous Operations": NaN,
        "Tax Provision": NaN,
        "Pretax Income": NaN,
        "Other Income Expense": NaN,
        "Other Non Operating Income Expenses": NaN,
        "Special Income Charges": 913000.0,
        "Restructuring And Mergern Acquisition": -913000.0,
        "Gain On Sale Of Security": 913000.0,
        "Net Non Operating Interest Income Expense": NaN,
        "Interest Income Non Operating": NaN,
        "Operating Income": NaN,
        "Operating Expense": NaN,
        "Depreciation Amortization Depletion Income Statement": 819000.0,
        "Depreciation And Amortization In Income Statement": 819000.0,
        "Research And Development": NaN,
        "Selling General And Administration": NaN,
        "Selling And Marketing Expense": NaN,
        "General And Administrative Expense": NaN,
        "Other Gand A": NaN,
        "Gross Profit": NaN,
        "Cost Of Revenue": NaN,
        "Total Revenue": NaN,
        "Operating Revenue": NaN
    },
    "2022-06-30": {
        "Tax Effect Of Unusual Items": 149438.654083,
        "Tax Rate For Calcs": 0.056011,
        "Normalized EBITDA": -13782000.0,
        "Total Unusual Items": 2668000.0,
        "Total Unusual Items Excluding Goodwill": 2668000.0,
        "Net Income From Continuing Operation Net Minority Interest": -9829000.0,
        "Reconciled Depreciation": -329000.0,
        "Reconciled Cost Of Revenue": 16385000.0,
        "EBITDA": -11114000.0,
        "EBIT": -11743000.0,
        "Net Interest Income": 20000.0,
        "Interest Income": 20000.0,
        "Normalized Income": -12347561.345917,
        "Net Income From Continuing And Discontinued Operation": -9829000.0,
        "Total Expenses": 67444000.0,
        "Total Operating Income As Reported": -11743000.0,
        "Diluted Average Shares": 182491000.0,
        "Basic Average Shares": 182491000.0,
        "Diluted EPS": -0.05,
        "Basic EPS": -0.05,
        "Diluted NI Availto Com Stockholders": -9829000.0,
        "Net Income Common Stockholders": -9829000.0,
        "Net Income": -9829000.0,
        "Minority Interests": -627000.0,
        "Net Income Including Noncontrolling Interests": -9202000.0,
        "Net Income Continuous Operations": -9202000.0,
        "Tax Provision": -546000.0,
        "Pretax Income": -9748000.0,
        "Other Income Expense": 1975000.0,
        "Other Non Operating Income Expenses": -693000.0,
        "Special Income Charges": NaN,
        "Restructuring And Mergern Acquisition": NaN,
        "Gain On Sale Of Security": 2668000.0,
        "Net Non Operating Interest Income Expense": 20000.0,
        "Total Other Finance Cost": NaN,
        "Interest Income Non Operating": 20000.0,
        "Operating Income": -11743000.0,
        "Operating Expense": 52017000.0,
        "Depreciation Amortization Depletion Income Statement": 629000.0,
        "Depreciation And Amortization In Income Statement": 629000.0,
        "Research And Development": 7892000.0,
        "Selling General And Administration": 43496000.0,
        "Selling And Marketing Expense": 27174000.0,
        "General And Administrative Expense": 16322000.0,
        "Other Gand A": 16322000.0,
        "Gross Profit": 40274000.0,
        "Cost Of Revenue": 15427000.0,
        "Total Revenue": 55701000.0,
        "Operating Revenue": 55701000.0
    },
    "2022-03-31": {
        "Diluted EPS": -0.06,
        "Total Revenue": 50,
        "Gross Profit": 36,
        "Operating Income": -14,
        "EBIT": -13,
        "Net Income": -12
    },
    "2021-12-31": {
        "Diluted EPS": 0.07,
        "Total Revenue": 54,
        "Gross Profit": 39,
        "Operating Income": -8,
        "EBIT": -7,
        "Net Income": -8
    },
    "2021-09-30": {
        "Diluted EPS": -0.05,
        "Total Revenue": 54,
        "Gross Profit": 39,
        "Operating Income": -29,
        "EBIT": -28,
        "Net Income": -10
    },
    "2021-06-30": {
        "Diluted EPS": -0.36,
        "Total Revenue": 45,
        "Gross Profit": 34,
        "Operating Income": -11,
        "EBIT": -11,
        "Net Income": -36
    },
    "2021-03-31": {
        "Diluted EPS": -0.14,
        "Total Revenue": 39,
        "Gross Profit": 28,
        "Operating Income": -6,
        "EBIT": -6,
        "Net Income": -14
    },
    "2020-12-31": {
        "Diluted EPS": 0.61,
        "Total Revenue": 112,
        "Gross Profit": 82,
        "Operating Income": -9,
        "EBIT": -9,
        "Net Income": -24
    },
    "2020-09-30": {
        "Diluted EPS": -0.2,
        "Total Revenue": 40,
        "Gross Profit": 30,
        "Operating Income": -6,
        "EBIT": -6,
        "Net Income": -18
    },
    "2020-06-30": {
        "Diluted EPS": -1.51,
        "Total Revenue": NaN,
        "Gross Profit": NaN,
        "Operating Income": 0,
        "EBIT": 0,
        "Net Income": -14
    },
    "2020-03-31": {
        "Diluted EPS": 0.53,
        "Total Revenue": NaN,
        "Gross Profit": NaN,
        "Operating Income": 0,
        "EBIT": 0,
        "Net Income": 5
    },
    "2019-12-31": {
        "Diluted EPS": 0.0,
        "Total Revenue": NaN,
        "Gross Profit": NaN,
        "Operating Income": NaN,
        "EBIT": NaN,
        "Net Income": NaN
    },
    "2019-09-30": {
        "Diluted EPS": 0.0,
        "Total Revenue": NaN,
        "Gross Profit": NaN,
        "Operating Income": 0,
        "EBIT": 0,
        "Net Income": 0
    },
    "2019-06-30": {
        "Diluted EPS": 0.0,
        "Total Revenue": NaN,
        "Gross Profit": NaN,
        "Operating Income": 0,
        "EBIT": 0,
        "Net Income": 0
    },
    "2023-06-30": {
        "Tax Effect Of Unusual Items": -845670.0,
        "Tax Rate For Calcs": 0.21,
        "Normalized EBITDA": -1942000.0,
        "Total Unusual Items": -4027000.0,
        "Total Unusual Items Excluding Goodwill": -4027000.0,
        "Net Income From Continuing Operation Net Minority Interest": -12585000.0,
        "Reconciled Depreciation": 1115000.0,
        "Reconciled Cost Of Revenue": 19796000.0,
        "EBITDA": -5969000.0,
        "EBIT": -7084000.0,
        "Net Interest Income": 286000.0,
        "Interest Income": 286000.0,
        "Normalized Income": -9403670.0,
        "Net Income From Continuing And Discontinued Operation": -12585000.0,
        "Total Expenses": 71953000.0,
        "Total Operating Income As Reported": -7084000.0,
        "Diluted Average Shares": 183315000.0,
        "Basic Average Shares": 183315000.0,
        "Diluted EPS": -0.07,
        "Basic EPS": -0.07,
        "Diluted NI Availto Com Stockholders": -12585000.0,
        "Net Income Common Stockholders": -12585000.0,
        "Net Income": -12585000.0,
        "Minority Interests": -60000.0,
        "Net Income Including Noncontrolling Interests": -12525000.0,
        "Net Income Continuous Operations": -12525000.0,
        "Tax Provision": 3313000.0,
        "Pretax Income": -9212000.0,
        "Other Income Expense": -2414000.0,
        "Other Non Operating Income Expenses": 1613000.0,
        "Special Income Charges": NaN,
        "Restructuring And Mergern Acquisition": NaN,
        "Gain On Sale Of Security": -4027000.0,
        "Net Non Operating Interest Income Expense": 286000.0,
        "Interest Income Non Operating": 286000.0,
        "Operating Income": -7084000.0,
        "Operating Expense": 52157000.0,
        "Depreciation Amortization Depletion Income Statement": NaN,
        "Depreciation And Amortization In Income Statement": NaN,
        "Research And Development": 9273000.0,
        "Selling General And Administration": 42884000.0,
        "Selling And Marketing Expense": 27691000.0,
        "General And Administrative Expense": 15193000.0,
        "Other Gand A": 15193000.0,
        "Gross Profit": 45073000.0,
        "Cost Of Revenue": 19796000.0,
        "Total Revenue": 64869000.0,
        "Operating Revenue": 64869000.0
    },
    "2023-09-30": {
        "Tax Effect Of Unusual Items": -584850.0,
        "Tax Rate For Calcs": 0.21,
        "Normalized EBITDA": 3662000.0,
        "Total Unusual Items": -2785000.0,
        "Total Unusual Items Excluding Goodwill": -2785000.0,
        "Net Income From Continuing Operation Net Minority Interest": -4212000.0,
        "Reconciled Depreciation": 1190000.0,
        "Reconciled Cost Of Revenue": 20156000.0,
        "EBITDA": 877000.0,
        "EBIT": -313000.0,
        "Net Interest Income": 232000.0,
        "Interest Income": 232000.0,
        "Normalized Income": -2011850.0,
        "Net Income From Continuing And Discontinued Operation": -4212000.0,
        "Total Expenses": 73073000.0,
        "Total Operating Income As Reported": -313000.0,
        "Diluted Average Shares": 181769000.0,
        "Basic Average Shares": 181769000.0,
        "Diluted EPS": -0.02,
        "Basic EPS": -0.02,
        "Diluted NI Availto Com Stockholders": -4212000.0,
        "Net Income Common Stockholders": -4212000.0,
        "Net Income": -4212000.0,
        "Minority Interests": 18000.0,
        "Net Income Including Noncontrolling Interests": -4230000.0,
        "Net Income Continuous Operations": -4230000.0,
        "Tax Provision": 2841000.0,
        "Pretax Income": -1389000.0,
        "Other Income Expense": -1308000.0,
        "Other Non Operating Income Expenses": 1477000.0,
        "Special Income Charges": -2785000.0,
        "Restructuring And Mergern Acquisition": 2785000.0,
        "Gain On Sale Of Security": NaN,
        "Net Non Operating Interest Income Expense": 232000.0,
        "Interest Income Non Operating": 232000.0,
        "Operating Income": -313000.0,
        "Operating Expense": 52917000.0,
        "Depreciation Amortization Depletion Income Statement": NaN,
        "Depreciation And Amortization In Income Statement": NaN,
        "Research And Development": 8643000.0,
        "Selling General And Administration": 44274000.0,
        "Selling And Marketing Expense": 28436000.0,
        "General And Administrative Expense": 15838000.0,
        "Other Gand A": 15838000.0,
        "Gross Profit": 52604000.0,
        "Cost Of Revenue": 20156000.0,
        "Total Revenue": 72760000.0,
        "Operating Revenue": 72760000.0
    },
    "2023-12-31": {
        "Tax Effect Of Unusual Items": 3157980.0,
        "Tax Rate For Calcs": 0.21,
        "Normalized EBITDA": -12912000.0,
        "Total Unusual Items": 15038000.0,
        "Total Unusual Items Excluding Goodwill": 15038000.0,
        "Net Income From Continuing Operation Net Minority Interest": 4269000.0,
        "Reconciled Depreciation": 1248000.0,
        "Reconciled Cost Of Revenue": 19618000.0,
        "EBITDA": 2126000.0,
        "EBIT": 878000.0,
        "Net Interest Income": -817000.0,
        "Interest Income": -817000.0,
        "Normalized Income": -7611020.0,
        "Net Income From Continuing And Discontinued Operation": 4269000.0,
        "Total Expenses": 73746000.0,
        "Total Operating Income As Reported": 878000.0,
        "Diluted Average Shares": NaN,
        "Basic Average Shares": NaN,
        "Diluted EPS": NaN,
        "Basic EPS": NaN,
        "Diluted NI Availto Com Stockholders": 4269000.0,
        "Net Income Common Stockholders": 4269000.0,
        "Net Income": 4269000.0,
        "Minority Interests": -167000.0,
        "Net Income Including Noncontrolling Interests": 4436000.0,
        "Net Income Continuous Operations": 4436000.0,
        "Tax Provision": -5245000.0,
        "Pretax Income": -809000.0,
        "Other Income Expense": -870000.0,
        "Other Non Operating Income Expenses": -15908000.0,
        "Special Income Charges": NaN,
        "Restructuring And Mergern Acquisition": NaN,
        "Gain On Sale Of Security": NaN,
        "Net Non Operating Interest Income Expense": -817000.0,
        "Interest Income Non Operating": -817000.0,
        "Operating Income": 878000.0,
        "Operating Expense": 54128000.0,
        "Depreciation Amortization Depletion Income Statement": NaN,
        "Depreciation And Amortization In Income Statement": NaN,
        "Research And Development": 9409000.0,
        "Selling General And Administration": 44719000.0,
        "Selling And Marketing Expense": 29127000.0,
        "General And Administrative Expense": 15592000.0,
        "Other Gand A": 15592000.0,
        "Gross Profit": 55006000.0,
        "Cost Of Revenue": 19618000.0,
        "Total Revenue": 74624000.0,
        "Operating Revenue": 74624000.0
    },
    "2024-03-31": {
        "Tax Effect Of Unusual Items": 739600.0,
        "Tax Rate For Calcs": 0.4,
        "Normalized EBITDA": -3755000.0,
        "Total Unusual Items": 1849000.0,
        "Total Unusual Items Excluding Goodwill": 1849000.0,
        "Net Income From Continuing Operation Net Minority Interest": -1716000.0,
        "Reconciled Depreciation": 1295000.0,
        "Reconciled Cost Of Revenue": 20442000.0,
        "EBITDA": -1906000.0,
        "EBIT": -3201000.0,
        "Net Interest Income": 34000.0,
        "Interest Income": 34000.0,
        "Normalized Income": -2825400.0,
        "Net Income From Continuing And Discontinued Operation": -1716000.0,
        "Total Expenses": 77735000.0,
        "Total Operating Income As Reported": -3201000.0,
        "Diluted Average Shares": 181495000.0,
        "Basic Average Shares": 181495000.0,
        "Diluted EPS": -0.01,
        "Basic EPS": -0.01,
        "Diluted NI Availto Com Stockholders": -1716000.0,
        "Net Income Common Stockholders": -1716000.0,
        "Net Income": -1716000.0,
        "Minority Interests": 238000.0,
        "Net Income Including Noncontrolling Interests": -1954000.0,
        "Net Income Continuous Operations": -1954000.0,
        "Tax Provision": 2157000.0,
        "Pretax Income": 203000.0,
        "Other Income Expense": 3370000.0,
        "Other Non Operating Income Expenses": 1521000.0,
        "Special Income Charges": NaN,
        "Restructuring And Mergern Acquisition": NaN,
        "Gain On Sale Of Security": 1849000.0,
        "Net Non Operating Interest Income Expense": 34000.0,
        "Interest Income Non Operating": 34000.0,
        "Operating Income": -3201000.0,
        "Operating Expense": 57293000.0,
        "Depreciation Amortization Depletion Income Statement": NaN,
        "Depreciation And Amortization In Income Statement": NaN,
        "Research And Development": 10486000.0,
        "Selling General And Administration": 46807000.0,
        "Selling And Marketing Expense": 29939000.0,
        "General And Administrative Expense": 16868000.0,
        "Other Gand A": 16868000.0,
        "Gross Profit": 54092000.0,
        "Cost Of Revenue": 20442000.0,
        "Total Revenue": 74534000.0,
        "Operating Revenue": 74534000.0
    }
}