{
    "2023-06-30": {
        "Tax Effect Of Unusual Items": 0.0,
        "Tax Rate For Calcs": 0.248,
        "Normalized EBITDA": 111400000.0,
        "Total Unusual Items": 0.0,
        "Total Unusual Items Excluding Goodwill": 0.0,
        "Net Income From Continuing Operation Net Minority Interest": 60200000.0,
        "Reconciled Depreciation": 22200000.0,
        "Reconciled Cost Of Revenue": 201400000.0,
        "EBITDA": 111400000.0,
        "EBIT": 89200000.0,
        "Net Interest Income": -9200000.0,
        "Interest Expense": 9200000.0,
        "Normalized Income": 60200000.0,
        "Net Income From Continuing And Discontinued Operation": 60200000.0,
        "Total Expenses": 263300000.0,
        "Total Operating Income As Reported": 87000000.0,
        "Diluted Average Shares": 45000000.0,
        "Basic Average Shares": 44900000.0,
        "Diluted EPS": 1.34,
        "Basic EPS": 1.34,
        "Diluted NI Availto Com Stockholders": 60200000.0,
        "Net Income Common Stockholders": 60200000.0,
        "Otherunder Preferred Stock Dividend": NaN,
        "Net Income": 60200000.0,
        "Net Income Including Noncontrolling Interests": 60200000.0,
        "Net Income Discontinuous Operations": NaN,
        "Net Income Continuous Operations": 60200000.0,
        "Tax Provision": 19800000.0,
        "Pretax Income": 80000000.0,
        "Other Income Expense": 27100000.0,
        "Other Non Operating Income Expenses": 2200000.0,
        "Special Income Charges": 0.0,
        "Restructuring And Mergern Acquisition": 0.0,
        "Earnings From Equity Interest": 24900000.0,
        "Net Non Operating Interest Income Expense": -9200000.0,
        "Interest Expense Non Operating": 9200000.0,
        "Operating Income": 62100000.0,
        "Operating Expense": 61900000.0,
        "Selling General And Administration": 61900000.0,
        "Gross Profit": 124000000.0,
        "Cost Of Revenue": 201400000.0,
        "Total Revenue": 325400000.0,
        "Operating Revenue": 325400000.0
    },
    "2023-03-31": {
        "Tax Effect Of Unusual Items": 0.0,
        "Tax Rate For Calcs": 0.26,
        "Normalized EBITDA": 93500000.0,
        "Total Unusual Items": 0.0,
        "Total Unusual Items Excluding Goodwill": 0.0,
        "Net Income From Continuing Operation Net Minority Interest": 47300000.0,
        "Reconciled Depreciation": 20900000.0,
        "Reconciled Cost Of Revenue": 198100000.0,
        "EBITDA": 93500000.0,
        "EBIT": 72600000.0,
        "Net Interest Income": -8700000.0,
        "Interest Expense": 8700000.0,
        "Normalized Income": 47300000.0,
        "Net Income From Continuing And Discontinued Operation": 47300000.0,
        "Total Expenses": 260800000.0,
        "Total Operating Income As Reported": 70200000.0,
        "Diluted Average Shares": 45500000.0,
        "Basic Average Shares": 45400000.0,
        "Diluted EPS": 1.04,
        "Basic EPS": 1.04,
        "Diluted NI Availto Com Stockholders": 47300000.0,
        "Net Income Common Stockholders": 47300000.0,
        "Otherunder Preferred Stock Dividend": 0.0,
        "Net Income": 47300000.0,
        "Net Income Including Noncontrolling Interests": 47300000.0,
        "Net Income Discontinuous Operations": NaN,
        "Net Income Continuous Operations": 47300000.0,
        "Tax Provision": 16600000.0,
        "Pretax Income": 63900000.0,
        "Other Income Expense": 23200000.0,
        "Other Non Operating Income Expenses": 2400000.0,
        "Special Income Charges": 0.0,
        "Restructuring And Mergern Acquisition": 0.0,
        "Earnings From Equity Interest": 20800000.0,
        "Net Non Operating Interest Income Expense": -8700000.0,
        "Interest Expense Non Operating": 8700000.0,
        "Operating Income": 49400000.0,
        "Operating Expense": 62700000.0,
        "Selling General And Administration": 62700000.0,
        "Gross Profit": 112100000.0,
        "Cost Of Revenue": 198100000.0,
        "Total Revenue": 310200000.0,
        "Operating Revenue": 310200000.0
    },
    "2022-12-31": {
        "Tax Effect Of Unusual Items": NaN,
        "Tax Rate For Calcs": NaN,
        "Normalized EBITDA": NaN,
        "Total Unusual Items": NaN,
        "Total Unusual Items Excluding Goodwill": NaN,
        "Net Income From Continuing Operation Net Minority Interest": NaN,
        "Reconciled Depreciation": NaN,
        "Reconciled Cost Of Revenue": NaN,
        "EBITDA": NaN,
        "EBIT": NaN,
        "Net Interest Income": NaN,
        "Interest Expense": NaN,
        "Normalized Income": NaN,
        "Net Income From Continuing And Discontinued Operation": NaN,
        "Total Expenses": NaN,
        "Total Operating Income As Reported": NaN,
        "Diluted Average Shares": 45600000.0,
        "Basic Average Shares": 45572185.0,
        "Diluted EPS": 1.07,
        "Basic EPS": 1.070829,
        "Diluted NI Availto Com Stockholders": NaN,
        "Net Income Common Stockholders": NaN,
        "Otherunder Preferred Stock Dividend": NaN,
        "Net Income": NaN,
        "Net Income Including Noncontrolling Interests": NaN,
        "Net Income Discontinuous Operations": 0.0,
        "Net Income Continuous Operations": NaN,
        "Tax Provision": NaN,
        "Pretax Income": NaN,
        "Other Income Expense": NaN,
        "Other Non Operating Income Expenses": NaN,
        "Special Income Charges": NaN,
        "Restructuring And Mergern Acquisition": NaN,
        "Earnings From Equity Interest": NaN,
        "Net Non Operating Interest Income Expense": NaN,
        "Interest Expense Non Operating": NaN,
        "Operating Income": NaN,
        "Operating Expense": NaN,
        "Selling General And Administration": NaN,
        "Gross Profit": NaN,
        "Cost Of Revenue": NaN,
        "Total Revenue": NaN,
        "Operating Revenue": NaN
    },
    "2022-09-30": {
        "Tax Effect Of Unusual Items": NaN,
        "Tax Rate For Calcs": NaN,
        "Normalized EBITDA": NaN,
        "Total Unusual Items": NaN,
        "Total Unusual Items Excluding Goodwill": NaN,
        "Net Income From Continuing Operation Net Minority Interest": NaN,
        "Reconciled Depreciation": NaN,
        "Reconciled Cost Of Revenue": NaN,
        "EBITDA": NaN,
        "EBIT": NaN,
        "Net Interest Income": NaN,
        "Interest Expense": NaN,
        "Normalized Income": NaN,
        "Net Income From Continuing And Discontinued Operation": NaN,
        "Total Expenses": NaN,
        "Total Operating Income As Reported": NaN,
        "Diluted Average Shares": NaN,
        "Basic Average Shares": NaN,
        "Diluted EPS": NaN,
        "Basic EPS": NaN,
        "Diluted NI Availto Com Stockholders": NaN,
        "Net Income Common Stockholders": NaN,
        "Otherunder Preferred Stock Dividend": NaN,
        "Net Income": NaN,
        "Net Income Including Noncontrolling Interests": NaN,
        "Net Income Discontinuous Operations": 3000000.0,
        "Net Income Continuous Operations": NaN,
        "Tax Provision": NaN,
        "Pretax Income": NaN,
        "Other Income Expense": NaN,
        "Other Non Operating Income Expenses": NaN,
        "Special Income Charges": NaN,
        "Restructuring And Mergern Acquisition": NaN,
        "Earnings From Equity Interest": NaN,
        "Net Non Operating Interest Income Expense": NaN,
        "Interest Expense Non Operating": NaN,
        "Operating Income": NaN,
        "Operating Expense": NaN,
        "Selling General And Administration": NaN,
        "Gross Profit": NaN,
        "Cost Of Revenue": NaN,
        "Total Revenue": NaN,
        "Operating Revenue": NaN
    },
    "2022-06-30": {
        "Tax Effect Of Unusual Items": -1360300.0,
        "Tax Rate For Calcs": 0.223,
        "Normalized EBITDA": 100000000.0,
        "Total Unusual Items": -6100000.0,
        "Total Unusual Items Excluding Goodwill": -6100000.0,
        "Net Income From Continuing Operation Net Minority Interest": 52200000.0,
        "Reconciled Depreciation": 20900000.0,
        "Reconciled Cost Of Revenue": 203100000.0,
        "EBITDA": 93900000.0,
        "EBIT": 73000000.0,
        "Net Interest Income": -5800000.0,
        "Interest Expense": 5800000.0,
        "Normalized Income": 56939700.0,
        "Net Income From Continuing And Discontinued Operation": 52200000.0,
        "Total Expenses": 264600000.0,
        "Total Operating Income As Reported": 71600000.0,
        "Diluted Average Shares": 46700000.0,
        "Basic Average Shares": 46600000.0,
        "Diluted EPS": 1.11,
        "Basic EPS": 1.12,
        "Diluted NI Availto Com Stockholders": 52200000.0,
        "Net Income Common Stockholders": 52200000.0,
        "Otherunder Preferred Stock Dividend": NaN,
        "Net Income": 52200000.0,
        "Net Income Including Noncontrolling Interests": 52200000.0,
        "Net Income Discontinuous Operations": 0.0,
        "Net Income Continuous Operations": 52200000.0,
        "Tax Provision": 15000000.0,
        "Pretax Income": 67200000.0,
        "Other Income Expense": 16600000.0,
        "Other Non Operating Income Expenses": 1400000.0,
        "Special Income Charges": -6100000.0,
        "Restructuring And Mergern Acquisition": 6100000.0,
        "Earnings From Equity Interest": 21300000.0,
        "Net Non Operating Interest Income Expense": -5800000.0,
        "Interest Expense Non Operating": 5800000.0,
        "Operating Income": 56400000.0,
        "Operating Expense": 61500000.0,
        "Selling General And Administration": 61500000.0,
        "Gross Profit": 117900000.0,
        "Cost Of Revenue": 203100000.0,
        "Total Revenue": 321000000.0,
        "Operating Revenue": 321000000.0
    },
    "2022-03-31": {
        "Diluted EPS": 0.94,
        "Total Revenue": 283,
        "Gross Profit": 102,
        "Operating Income": 63,
        "EBIT": 84,
        "Net Income": 44
    },
    "2021-12-31": {
        "Diluted EPS": 0.88,
        "Total Revenue": 283,
        "Gross Profit": 103,
        "Operating Income": 56,
        "EBIT": 78,
        "Net Income": 42
    },
    "2021-09-30": {
        "Diluted EPS": 1.06,
        "Total Revenue": 292,
        "Gross Profit": 111,
        "Operating Income": 72,
        "EBIT": 95,
        "Net Income": 51
    },
    "2021-06-30": {
        "Diluted EPS": 1.14,
        "Total Revenue": 280,
        "Gross Profit": 105,
        "Operating Income": 78,
        "EBIT": 104,
        "Net Income": 55
    },
    "2021-03-31": {
        "Diluted EPS": 0.74,
        "Total Revenue": 252,
        "Gross Profit": 88,
        "Operating Income": 54,
        "EBIT": 80,
        "Net Income": 35
    },
    "2020-12-31": {
        "Diluted EPS": 0.46,
        "Total Revenue": 239,
        "Gross Profit": 83,
        "Operating Income": 44,
        "EBIT": 67,
        "Net Income": 23
    },
    "2020-09-30": {
        "Diluted EPS": 1.13,
        "Total Revenue": 246,
        "Gross Profit": 91,
        "Operating Income": 72,
        "EBIT": 96,
        "Net Income": 54
    },
    "2020-06-30": {
        "Diluted EPS": 1.05,
        "Total Revenue": 203,
        "Gross Profit": 68,
        "Operating Income": 62,
        "EBIT": 82,
        "Net Income": 50
    },
    "2020-03-31": {
        "Diluted EPS": -4.71,
        "Total Revenue": 249,
        "Gross Profit": 91,
        "Operating Income": 76,
        "EBIT": 94,
        "Net Income": -226
    },
    "2019-12-31": {
        "Diluted EPS": 0.97,
        "Total Revenue": 247,
        "Gross Profit": 89,
        "Operating Income": 62,
        "EBIT": 85,
        "Net Income": 48
    },
    "2019-09-30": {
        "Diluted EPS": 1.48,
        "Total Revenue": 277,
        "Gross Profit": 112,
        "Operating Income": 113,
        "EBIT": 132,
        "Net Income": 73
    },
    "2019-06-30": {
        "Diluted EPS": 1.09,
        "Total Revenue": 272,
        "Gross Profit": 103,
        "Operating Income": 87,
        "EBIT": 106,
        "Net Income": 55
    },
    "2019-03-31": {
        "Diluted EPS": 0.78,
        "Total Revenue": 242,
        "Gross Profit": 91,
        "Operating Income": 55,
        "EBIT": 70,
        "Net Income": 39
    },
    "2018-12-31": {
        "Diluted EPS": 0.7,
        "Total Revenue": 239,
        "Gross Profit": 82,
        "Operating Income": 53,
        "EBIT": 70,
        "Net Income": 35
    },
    "2018-09-30": {
        "Diluted EPS": 1.46,
        "Total Revenue": 261,
        "Gross Profit": 98,
        "Operating Income": 81,
        "EBIT": 99,
        "Net Income": 76
    },
    "2018-06-30": {
        "Diluted EPS": 0.89,
        "Total Revenue": 249,
        "Gross Profit": 83,
        "Operating Income": 66,
        "EBIT": 88,
        "Net Income": 47
    },
    "2018-03-31": {
        "Diluted EPS": 0.51,
        "Total Revenue": 227,
        "Gross Profit": 71,
        "Operating Income": 50,
        "EBIT": 72,
        "Net Income": 28
    },
    "2017-12-31": {
        "Diluted EPS": 0.63,
        "Total Revenue": 214,
        "Gross Profit": 67,
        "Operating Income": 52,
        "EBIT": 78,
        "Net Income": 34
    },
    "2017-09-30": {
        "Diluted EPS": 0.92,
        "Total Revenue": 234,
        "Gross Profit": 91,
        "Operating Income": 74,
        "EBIT": 98,
        "Net Income": 49
    },
    "2017-06-30": {
        "Diluted EPS": 0.77,
        "Total Revenue": 226,
        "Gross Profit": 85,
        "Operating Income": 69,
        "EBIT": 89,
        "Net Income": 41
    },
    "2017-03-31": {
        "Diluted EPS": 0.56,
        "Total Revenue": 220,
        "Gross Profit": 78,
        "Operating Income": 57,
        "EBIT": 76,
        "Net Income": 30
    },
    "2016-12-31": {
        "Diluted EPS": 0.49,
        "Total Revenue": 196,
        "Gross Profit": 68,
        "Operating Income": 40,
        "EBIT": 58,
        "Net Income": 27
    },
    "2016-09-30": {
        "Diluted EPS": 1.26,
        "Total Revenue": 335,
        "Gross Profit": 110,
        "Operating Income": 71,
        "EBIT": 91,
        "Net Income": 71
    },
    "2016-06-30": {
        "Diluted EPS": 0.3,
        "Total Revenue": 314,
        "Gross Profit": 92,
        "Operating Income": 52,
        "EBIT": 73,
        "Net Income": 17
    },
    "2016-03-31": {
        "Diluted EPS": -0.18,
        "Total Revenue": 287,
        "Gross Profit": 84,
        "Operating Income": 22,
        "EBIT": 52,
        "Net Income": -10
    },
    "2015-12-31": {
        "Diluted EPS": 0.25,
        "Total Revenue": 577,
        "Gross Profit": 138,
        "Operating Income": 9,
        "EBIT": 40,
        "Net Income": -14
    },
    "2015-09-30": {
        "Diluted EPS": 0.56,
        "Total Revenue": 336,
        "Gross Profit": 111,
        "Operating Income": 59,
        "EBIT": 89,
        "Net Income": 32
    },
    "2015-06-30": {
        "Diluted EPS": 0.53,
        "Total Revenue": 306,
        "Gross Profit": 92,
        "Operating Income": 41,
        "EBIT": 70,
        "Net Income": 30
    },
    "2015-03-31": {
        "Diluted EPS": 0.83,
        "Total Revenue": 551,
        "Gross Profit": 130,
        "Operating Income": 36,
        "EBIT": 64,
        "Net Income": 47
    },
    "2014-12-31": {
        "Diluted EPS": 0.06,
        "Total Revenue": 587,
        "Gross Profit": 126,
        "Operating Income": 36,
        "EBIT": 67,
        "Net Income": -4
    },
    "2014-09-30": {
        "Diluted EPS": 0.57,
        "Total Revenue": 679,
        "Gross Profit": 168,
        "Operating Income": 86,
        "EBIT": 121,
        "Net Income": 32
    },
    "2014-06-30": {
        "Diluted EPS": 0.34,
        "Total Revenue": 659,
        "Gross Profit": 147,
        "Operating Income": 64,
        "EBIT": 96,
        "Net Income": 19
    },
    "2014-03-31": {
        "Diluted EPS": 0.3,
        "Total Revenue": 590,
        "Gross Profit": 142,
        "Operating Income": 54,
        "EBIT": 84,
        "Net Income": 17
    },
    "2013-12-31": {
        "Diluted EPS": 0.2,
        "Total Revenue": 615,
        "Gross Profit": 133,
        "Operating Income": 43,
        "EBIT": 73,
        "Net Income": 11
    },
    "2013-09-30": {
        "Diluted EPS": 0.85,
        "Total Revenue": 730,
        "Gross Profit": 180,
        "Operating Income": 94,
        "EBIT": 121,
        "Net Income": 50
    },
    "2013-06-30": {
        "Diluted EPS": 0.5,
        "Total Revenue": 707,
        "Gross Profit": 164,
        "Operating Income": 68,
        "EBIT": 94,
        "Net Income": 30
    },
    "2013-03-31": {
        "Diluted EPS": 0.05,
        "Total Revenue": 622,
        "Gross Profit": 145,
        "Operating Income": 47,
        "EBIT": 72,
        "Net Income": 3
    },
    "2012-12-31": {
        "Diluted EPS": 0.13,
        "Total Revenue": 423,
        "Gross Profit": 96,
        "Operating Income": 56,
        "EBIT": 83,
        "Net Income": 8
    },
    "2012-09-30": {
        "Diluted EPS": 1.05,
        "Total Revenue": 695,
        "Gross Profit": 187,
        "Operating Income": 109,
        "EBIT": 134,
        "Net Income": 63
    },
    "2012-06-30": {
        "Diluted EPS": 0.7,
        "Total Revenue": 675,
        "Gross Profit": 171,
        "Operating Income": 78,
        "EBIT": 104,
        "Net Income": 42
    },
    "2012-03-31": {
        "Diluted EPS": 0.31,
        "Total Revenue": 636,
        "Gross Profit": 140,
        "Operating Income": 43,
        "EBIT": 77,
        "Net Income": 18
    },
    "2011-12-31": {
        "Diluted EPS": 0.14,
        "Total Revenue": 555,
        "Gross Profit": 113,
        "Operating Income": 24,
        "EBIT": 49,
        "Net Income": 9
    },
    "2011-09-30": {
        "Diluted EPS": 0.89,
        "Total Revenue": 734,
        "Gross Profit": 189,
        "Operating Income": 91,
        "EBIT": 118,
        "Net Income": 53
    },
    "2011-06-30": {
        "Diluted EPS": 0.64,
        "Total Revenue": 749,
        "Gross Profit": 185,
        "Operating Income": 73,
        "EBIT": 103,
        "Net Income": 38
    },
    "2011-03-31": {
        "Diluted EPS": 0.23,
        "Total Revenue": 685,
        "Gross Profit": 161,
        "Operating Income": 52,
        "EBIT": 84,
        "Net Income": 13
    },
    "2010-12-31": {
        "Diluted EPS": -0.35,
        "Total Revenue": 504,
        "Gross Profit": 98,
        "Operating Income": -24,
        "EBIT": 15,
        "Net Income": -21
    },
    "2010-09-30": {
        "Diluted EPS": 0.42,
        "Total Revenue": 740,
        "Gross Profit": 172,
        "Operating Income": 45,
        "EBIT": 94,
        "Net Income": 25
    },
    "2010-06-30": {
        "Diluted EPS": 0.46,
        "Total Revenue": 725,
        "Gross Profit": 170,
        "Operating Income": 53,
        "EBIT": 81,
        "Net Income": 27
    },
    "2010-03-31": {
        "Diluted EPS": -0.34,
        "Total Revenue": 659,
        "Gross Profit": 146,
        "Operating Income": 13,
        "EBIT": 42,
        "Net Income": -19
    },
    "2009-12-31": {
        "Diluted EPS": -0.06,
        "Total Revenue": 653,
        "Gross Profit": 138,
        "Operating Income": -2,
        "EBIT": 32,
        "Net Income": -4
    },
    "2009-09-30": {
        "Diluted EPS": 1.12,
        "Total Revenue": 753,
        "Gross Profit": 188,
        "Operating Income": 44,
        "EBIT": 83,
        "Net Income": 64
    },
    "2009-06-30": {
        "Diluted EPS": 0.5,
        "Total Revenue": 706,
        "Gross Profit": 164,
        "Operating Income": 47,
        "EBIT": 85,
        "Net Income": 28
    },
    "2009-03-31": {
        "Diluted EPS": -0.2,
        "Total Revenue": 668,
        "Gross Profit": 131,
        "Operating Income": 1,
        "EBIT": 38,
        "Net Income": -11
    },
    "2023-09-30": {
        "Tax Effect Of Unusual Items": 0.0,
        "Tax Rate For Calcs": 0.258,
        "Normalized EBITDA": 125200000.0,
        "Total Unusual Items": 0.0,
        "Total Unusual Items Excluding Goodwill": 0.0,
        "Net Income From Continuing Operation Net Minority Interest": 69500000.0,
        "Reconciled Depreciation": 22700000.0,
        "Reconciled Cost Of Revenue": 205900000.0,
        "EBITDA": 125200000.0,
        "EBIT": 102500000.0,
        "Net Interest Income": -8800000.0,
        "Interest Expense": 8800000.0,
        "Normalized Income": 69500000.0,
        "Net Income From Continuing And Discontinued Operation": 69500000.0,
        "Total Expenses": 270500000.0,
        "Total Operating Income As Reported": 100200000.0,
        "Diluted Average Shares": 44600000.0,
        "Basic Average Shares": 44500000.0,
        "Diluted EPS": 1.56,
        "Basic EPS": 1.56,
        "Diluted NI Availto Com Stockholders": 69500000.0,
        "Net Income Common Stockholders": 69500000.0,
        "Otherunder Preferred Stock Dividend": NaN,
        "Net Income": 69500000.0,
        "Net Income Including Noncontrolling Interests": 69500000.0,
        "Net Income Discontinuous Operations": 0.0,
        "Net Income Continuous Operations": 69500000.0,
        "Tax Provision": 24200000.0,
        "Pretax Income": 93700000.0,
        "Other Income Expense": 25700000.0,
        "Other Non Operating Income Expenses": 2300000.0,
        "Special Income Charges": 0.0,
        "Restructuring And Mergern Acquisition": 0.0,
        "Earnings From Equity Interest": 23400000.0,
        "Net Non Operating Interest Income Expense": -8800000.0,
        "Interest Expense Non Operating": 8800000.0,
        "Operating Income": 76800000.0,
        "Operating Expense": 64600000.0,
        "Selling General And Administration": 64600000.0,
        "Gross Profit": 141400000.0,
        "Cost Of Revenue": 205900000.0,
        "Total Revenue": 347300000.0,
        "Operating Revenue": 347300000.0
    },
    "2023-12-31": {
        "Tax Effect Of Unusual Items": -22899.505766,
        "Tax Rate For Calcs": 0.228995,
        "Normalized EBITDA": 92800000.0,
        "Total Unusual Items": -100000.0,
        "Total Unusual Items Excluding Goodwill": -100000.0,
        "Net Income From Continuing Operation Net Minority Interest": 46800000.0,
        "Reconciled Depreciation": 23400000.0,
        "Reconciled Cost Of Revenue": 192800000.0,
        "EBITDA": 92700000.0,
        "EBIT": 69300000.0,
        "Net Interest Income": -5100000.0,
        "Interest Expense": 8600000.0,
        "Normalized Income": 46877100.494234,
        "Net Income From Continuing And Discontinued Operation": 46800000.0,
        "Total Expenses": 260200000.0,
        "Total Operating Income As Reported": 66300000.0,
        "Diluted Average Shares": NaN,
        "Basic Average Shares": NaN,
        "Diluted EPS": NaN,
        "Basic EPS": NaN,
        "Diluted NI Availto Com Stockholders": 46800000.0,
        "Net Income Common Stockholders": 46800000.0,
        "Otherunder Preferred Stock Dividend": NaN,
        "Net Income": 46800000.0,
        "Net Income Including Noncontrolling Interests": 46800000.0,
        "Net Income Discontinuous Operations": 0.0,
        "Net Income Continuous Operations": 46800000.0,
        "Tax Provision": 13900000.0,
        "Pretax Income": 60700000.0,
        "Other Income Expense": 13700000.0,
        "Other Non Operating Income Expenses": -6400000.0,
        "Special Income Charges": -100000.0,
        "Restructuring And Mergern Acquisition": 100000.0,
        "Earnings From Equity Interest": 20200000.0,
        "Net Non Operating Interest Income Expense": -5100000.0,
        "Interest Expense Non Operating": 8600000.0,
        "Operating Income": 52100000.0,
        "Operating Expense": 67400000.0,
        "Selling General And Administration": 67400000.0,
        "Gross Profit": 119500000.0,
        "Cost Of Revenue": 192800000.0,
        "Total Revenue": 312300000.0,
        "Operating Revenue": 312300000.0
    },
    "2024-03-31": {
        "Tax Effect Of Unusual Items": -75900.0,
        "Tax Rate For Calcs": 0.253,
        "Normalized EBITDA": 113800000.0,
        "Total Unusual Items": -300000.0,
        "Total Unusual Items Excluding Goodwill": -300000.0,
        "Net Income From Continuing Operation Net Minority Interest": 59900000.0,
        "Reconciled Depreciation": 24300000.0,
        "Reconciled Cost Of Revenue": 202000000.0,
        "EBITDA": 113500000.0,
        "EBIT": 89200000.0,
        "Net Interest Income": -9000000.0,
        "Interest Expense": 9000000.0,
        "Normalized Income": 60124100.0,
        "Net Income From Continuing And Discontinued Operation": 59900000.0,
        "Total Expenses": 267700000.0,
        "Total Operating Income As Reported": 86100000.0,
        "Diluted Average Shares": 44100000.0,
        "Basic Average Shares": 43800000.0,
        "Diluted EPS": 1.36,
        "Basic EPS": 1.37,
        "Diluted NI Availto Com Stockholders": 59900000.0,
        "Net Income Common Stockholders": 59900000.0,
        "Otherunder Preferred Stock Dividend": NaN,
        "Net Income": 59900000.0,
        "Net Income Including Noncontrolling Interests": 59900000.0,
        "Net Income Discontinuous Operations": NaN,
        "Net Income Continuous Operations": 59900000.0,
        "Tax Provision": 20300000.0,
        "Pretax Income": 80200000.0,
        "Other Income Expense": 30000000.0,
        "Other Non Operating Income Expenses": 3100000.0,
        "Special Income Charges": -300000.0,
        "Restructuring And Mergern Acquisition": 300000.0,
        "Earnings From Equity Interest": 27200000.0,
        "Net Non Operating Interest Income Expense": -9000000.0,
        "Interest Expense Non Operating": 9000000.0,
        "Operating Income": 58600000.0,
        "Operating Expense": 65700000.0,
        "Selling General And Administration": 65700000.0,
        "Gross Profit": 124300000.0,
        "Cost Of Revenue": 202000000.0,
        "Total Revenue": 326300000.0,
        "Operating Revenue": 326300000.0
    }
}