{
    "2023-03-31": {
        "Tax Effect Of Unusual Items": NaN,
        "Tax Rate For Calcs": NaN,
        "Normalized EBITDA": NaN,
        "Net Income From Continuing Operation Net Minority Interest": NaN,
        "Reconciled Depreciation": NaN,
        "Reconciled Cost Of Revenue": NaN,
        "EBITDA": NaN,
        "EBIT": NaN,
        "Net Interest Income": NaN,
        "Interest Expense": NaN,
        "Interest Income": NaN,
        "Normalized Income": NaN,
        "Net Income From Continuing And Discontinued Operation": NaN,
        "Total Expenses": NaN,
        "Total Operating Income As Reported": NaN,
        "Diluted Average Shares": 37047000.0,
        "Basic Average Shares": 36968000.0,
        "Diluted EPS": 0.93,
        "Basic EPS": 0.93,
        "Diluted NI Availto Com Stockholders": NaN,
        "Average Dilution Earnings": NaN,
        "Net Income Common Stockholders": NaN,
        "Otherunder Preferred Stock Dividend": NaN,
        "Net Income": NaN,
        "Net Income Including Noncontrolling Interests": NaN,
        "Net Income Continuous Operations": NaN,
        "Tax Provision": NaN,
        "Pretax Income": NaN,
        "Other Income Expense": NaN,
        "Other Non Operating Income Expenses": NaN,
        "Net Non Operating Interest Income Expense": NaN,
        "Interest Expense Non Operating": NaN,
        "Interest Income Non Operating": NaN,
        "Operating Income": NaN,
        "Operating Expense": NaN,
        "Other Operating Expenses": NaN,
        "Other Taxes": NaN,
        "Depreciation Amortization Depletion Income Statement": NaN,
        "Depreciation And Amortization In Income Statement": NaN,
        "Selling General And Administration": NaN,
        "General And Administrative Expense": NaN,
        "Other Gand A": NaN,
        "Gross Profit": NaN,
        "Cost Of Revenue": NaN,
        "Total Revenue": NaN,
        "Operating Revenue": NaN
    },
    "2022-12-31": {
        "Tax Effect Of Unusual Items": NaN,
        "Tax Rate For Calcs": NaN,
        "Normalized EBITDA": NaN,
        "Net Income From Continuing Operation Net Minority Interest": NaN,
        "Reconciled Depreciation": NaN,
        "Reconciled Cost Of Revenue": NaN,
        "EBITDA": NaN,
        "EBIT": NaN,
        "Net Interest Income": NaN,
        "Interest Expense": NaN,
        "Interest Income": NaN,
        "Normalized Income": NaN,
        "Net Income From Continuing And Discontinued Operation": NaN,
        "Total Expenses": NaN,
        "Total Operating Income As Reported": NaN,
        "Diluted Average Shares": 37049000.0,
        "Basic Average Shares": 36961000.0,
        "Diluted EPS": 0.5,
        "Basic EPS": 0.5,
        "Diluted NI Availto Com Stockholders": NaN,
        "Average Dilution Earnings": 11000.0,
        "Net Income Common Stockholders": NaN,
        "Otherunder Preferred Stock Dividend": 49000.0,
        "Net Income": NaN,
        "Net Income Including Noncontrolling Interests": NaN,
        "Net Income Continuous Operations": NaN,
        "Tax Provision": NaN,
        "Pretax Income": NaN,
        "Other Income Expense": NaN,
        "Other Non Operating Income Expenses": NaN,
        "Net Non Operating Interest Income Expense": NaN,
        "Interest Expense Non Operating": NaN,
        "Interest Income Non Operating": NaN,
        "Operating Income": NaN,
        "Operating Expense": NaN,
        "Other Operating Expenses": NaN,
        "Other Taxes": NaN,
        "Depreciation Amortization Depletion Income Statement": NaN,
        "Depreciation And Amortization In Income Statement": NaN,
        "Selling General And Administration": NaN,
        "General And Administrative Expense": NaN,
        "Other Gand A": NaN,
        "Gross Profit": NaN,
        "Cost Of Revenue": NaN,
        "Total Revenue": NaN,
        "Operating Revenue": NaN
    },
    "2022-09-30": {
        "Tax Effect Of Unusual Items": 0.0,
        "Tax Rate For Calcs": 0.245781,
        "Normalized EBITDA": 51462000.0,
        "Total Unusual Items": NaN,
        "Total Unusual Items Excluding Goodwill": NaN,
        "Net Income From Continuing Operation Net Minority Interest": 25654000.0,
        "Reconciled Depreciation": 10117000.0,
        "Reconciled Cost Of Revenue": 36553000.0,
        "EBITDA": 51462000.0,
        "EBIT": 41345000.0,
        "Net Interest Income": -6664000.0,
        "Interest Expense": 7331000.0,
        "Interest Income": 667000.0,
        "Normalized Income": 25654000.0,
        "Net Income From Continuing And Discontinued Operation": 25654000.0,
        "Total Expenses": 94644000.0,
        "Total Operating Income As Reported": 40340000.0,
        "Diluted Average Shares": 37042000.0,
        "Basic Average Shares": 36958000.0,
        "Diluted EPS": 0.69,
        "Basic EPS": 0.69,
        "Diluted NI Availto Com Stockholders": 25654000.0,
        "Average Dilution Earnings": 29000.0,
        "Net Income Common Stockholders": 25654000.0,
        "Otherunder Preferred Stock Dividend": 67000.0,
        "Net Income": 25654000.0,
        "Net Income Including Noncontrolling Interests": 25654000.0,
        "Net Income Continuous Operations": 25654000.0,
        "Tax Provision": 8360000.0,
        "Pretax Income": 34014000.0,
        "Other Income Expense": 338000.0,
        "Other Non Operating Income Expenses": 338000.0,
        "Special Income Charges": NaN,
        "Gain On Sale Of Ppe": NaN,
        "Net Non Operating Interest Income Expense": -6664000.0,
        "Interest Expense Non Operating": 7331000.0,
        "Interest Income Non Operating": 667000.0,
        "Operating Income": 40340000.0,
        "Operating Expense": 58091000.0,
        "Other Operating Expenses": 20438000.0,
        "Other Taxes": 5942000.0,
        "Depreciation Amortization Depletion Income Statement": 10117000.0,
        "Depreciation And Amortization In Income Statement": 10117000.0,
        "Selling General And Administration": 21594000.0,
        "General And Administrative Expense": 21594000.0,
        "Other Gand A": 21594000.0,
        "Gross Profit": 98431000.0,
        "Cost Of Revenue": 36553000.0,
        "Total Revenue": 134984000.0,
        "Operating Revenue": 134984000.0
    },
    "2022-06-30": {
        "Tax Effect Of Unusual Items": 0.0,
        "Tax Rate For Calcs": 0.237,
        "Normalized EBITDA": 42732000.0,
        "Total Unusual Items": NaN,
        "Total Unusual Items Excluding Goodwill": NaN,
        "Net Income From Continuing Operation Net Minority Interest": 19951000.0,
        "Reconciled Depreciation": 10267000.0,
        "Reconciled Cost Of Revenue": 32124000.0,
        "EBITDA": 42732000.0,
        "EBIT": 32465000.0,
        "Net Interest Income": -5872000.0,
        "Interest Expense": 6309000.0,
        "Interest Income": 437000.0,
        "Normalized Income": 19951000.0,
        "Net Income From Continuing And Discontinued Operation": 19951000.0,
        "Total Expenses": 88290000.0,
        "Total Operating Income As Reported": 34317000.0,
        "Diluted Average Shares": 37039000.0,
        "Basic Average Shares": 36956000.0,
        "Diluted EPS": 0.54,
        "Basic EPS": 0.54,
        "Diluted NI Availto Com Stockholders": 19915000.0,
        "Average Dilution Earnings": 17000.0,
        "Net Income Common Stockholders": 19898000.0,
        "Otherunder Preferred Stock Dividend": 53000.0,
        "Net Income": 19951000.0,
        "Net Income Including Noncontrolling Interests": 19951000.0,
        "Net Income Continuous Operations": 19951000.0,
        "Tax Provision": 6205000.0,
        "Pretax Income": 26156000.0,
        "Other Income Expense": -2289000.0,
        "Other Non Operating Income Expenses": -2289000.0,
        "Special Income Charges": NaN,
        "Gain On Sale Of Ppe": NaN,
        "Net Non Operating Interest Income Expense": -5872000.0,
        "Interest Expense Non Operating": 6309000.0,
        "Interest Income Non Operating": 437000.0,
        "Operating Income": 34317000.0,
        "Operating Expense": 56070000.0,
        "Other Operating Expenses": 19983000.0,
        "Other Taxes": 5452000.0,
        "Depreciation Amortization Depletion Income Statement": 10171000.0,
        "Depreciation And Amortization In Income Statement": 10171000.0,
        "Selling General And Administration": 20464000.0,
        "General And Administrative Expense": 20464000.0,
        "Other Gand A": 20464000.0,
        "Gross Profit": 90387000.0,
        "Cost Of Revenue": 32220000.0,
        "Total Revenue": 122607000.0,
        "Operating Revenue": 122607000.0
    },
    "2022-03-31": {
        "Diluted EPS": 0.38,
        "Total Revenue": 109,
        "Gross Profit": 79,
        "Operating Income": 24,
        "EBIT": 35,
        "Net Income": 14
    },
    "2021-12-31": {
        "Diluted EPS": 0.55,
        "Total Revenue": 117,
        "Gross Profit": 89,
        "Operating Income": 30,
        "EBIT": 41,
        "Net Income": 20
    },
    "2021-09-30": {
        "Diluted EPS": 0.76,
        "Total Revenue": 137,
        "Gross Profit": 101,
        "Operating Income": 43,
        "EBIT": 53,
        "Net Income": 28
    },
    "2021-06-30": {
        "Diluted EPS": 0.72,
        "Total Revenue": 128,
        "Gross Profit": 97,
        "Operating Income": 38,
        "EBIT": 48,
        "Net Income": 27
    },
    "2021-03-31": {
        "Diluted EPS": 0.52,
        "Total Revenue": 117,
        "Gross Profit": 92,
        "Operating Income": 30,
        "EBIT": 40,
        "Net Income": 19
    },
    "2020-12-31": {
        "Diluted EPS": 0.54,
        "Total Revenue": 124,
        "Gross Profit": 95,
        "Operating Income": 29,
        "EBIT": 39,
        "Net Income": 20
    },
    "2020-09-30": {
        "Diluted EPS": 0.72,
        "Total Revenue": 134,
        "Gross Profit": 99,
        "Operating Income": 40,
        "EBIT": 49,
        "Net Income": 26
    },
    "2020-06-30": {
        "Diluted EPS": 0.69,
        "Total Revenue": 121,
        "Gross Profit": 93,
        "Operating Income": 36,
        "EBIT": 45,
        "Net Income": 26
    },
    "2020-03-31": {
        "Diluted EPS": 0.38,
        "Total Revenue": 109,
        "Gross Profit": 86,
        "Operating Income": 26,
        "EBIT": 35,
        "Net Income": 14
    },
    "2019-12-31": {
        "Diluted EPS": 0.45,
        "Total Revenue": 113,
        "Gross Profit": 86,
        "Operating Income": 25,
        "EBIT": 34,
        "Net Income": 17
    },
    "2019-09-30": {
        "Diluted EPS": 0.76,
        "Total Revenue": 134,
        "Gross Profit": 100,
        "Operating Income": 43,
        "EBIT": 52,
        "Net Income": 28
    },
    "2019-06-30": {
        "Diluted EPS": 0.72,
        "Total Revenue": 125,
        "Gross Profit": 97,
        "Operating Income": 39,
        "EBIT": 46,
        "Net Income": 27
    },
    "2019-03-31": {
        "Diluted EPS": 0.35,
        "Total Revenue": 102,
        "Gross Profit": 80,
        "Operating Income": 20,
        "EBIT": 31,
        "Net Income": 13
    },
    "2018-12-31": {
        "Diluted EPS": 0.37,
        "Total Revenue": 111,
        "Gross Profit": 85,
        "Operating Income": 23,
        "EBIT": 33,
        "Net Income": 14
    },
    "2018-09-30": {
        "Diluted EPS": 0.62,
        "Total Revenue": 124,
        "Gross Profit": 91,
        "Operating Income": 34,
        "EBIT": 44,
        "Net Income": 23
    },
    "2018-06-30": {
        "Diluted EPS": 0.44,
        "Total Revenue": 107,
        "Gross Profit": 81,
        "Operating Income": 26,
        "EBIT": 36,
        "Net Income": 16
    },
    "2018-03-31": {
        "Diluted EPS": 0.29,
        "Total Revenue": 95,
        "Gross Profit": 71,
        "Operating Income": 19,
        "EBIT": 28,
        "Net Income": 11
    },
    "2017-12-31": {
        "Diluted EPS": 0.35,
        "Total Revenue": 104,
        "Gross Profit": 77,
        "Operating Income": 22,
        "EBIT": 32,
        "Net Income": 13
    },
    "2017-09-30": {
        "Diluted EPS": 0.57,
        "Total Revenue": 124,
        "Gross Profit": 93,
        "Operating Income": 39,
        "EBIT": 48,
        "Net Income": 21
    },
    "2017-06-30": {
        "Diluted EPS": 0.62,
        "Total Revenue": 113,
        "Gross Profit": 86,
        "Operating Income": 42,
        "EBIT": 52,
        "Net Income": 23
    },
    "2017-03-31": {
        "Diluted EPS": 0.34,
        "Total Revenue": 99,
        "Gross Profit": 79,
        "Operating Income": 25,
        "EBIT": 34,
        "Net Income": 13
    },
    "2016-12-31": {
        "Diluted EPS": 0.3,
        "Total Revenue": 107,
        "Gross Profit": 83,
        "Operating Income": 22,
        "EBIT": 32,
        "Net Income": 11
    },
    "2016-09-30": {
        "Diluted EPS": 0.59,
        "Total Revenue": 124,
        "Gross Profit": 94,
        "Operating Income": 40,
        "EBIT": 49,
        "Net Income": 22
    },
    "2016-06-30": {
        "Diluted EPS": 0.45,
        "Total Revenue": 112,
        "Gross Profit": 88,
        "Operating Income": 32,
        "EBIT": 42,
        "Net Income": 17
    },
    "2016-03-31": {
        "Diluted EPS": 0.28,
        "Total Revenue": 94,
        "Gross Profit": 73,
        "Operating Income": 21,
        "EBIT": 31,
        "Net Income": 10
    },
    "2015-12-31": {
        "Diluted EPS": 0.31,
        "Total Revenue": 110,
        "Gross Profit": 86,
        "Operating Income": 22,
        "EBIT": 32,
        "Net Income": 12
    },
    "2015-09-30": {
        "Diluted EPS": 0.56,
        "Total Revenue": 133,
        "Gross Profit": 106,
        "Operating Income": 41,
        "EBIT": 52,
        "Net Income": 21
    },
    "2015-06-30": {
        "Diluted EPS": 0.41,
        "Total Revenue": 115,
        "Gross Profit": 89,
        "Operating Income": 31,
        "EBIT": 41,
        "Net Income": 16
    },
    "2015-03-31": {
        "Diluted EPS": 0.32,
        "Total Revenue": 101,
        "Gross Profit": 81,
        "Operating Income": 25,
        "EBIT": 36,
        "Net Income": 12
    },
    "2014-12-31": {
        "Diluted EPS": 0.36,
        "Total Revenue": 110,
        "Gross Profit": 89,
        "Operating Income": 25,
        "EBIT": 35,
        "Net Income": 14
    },
    "2014-09-30": {
        "Diluted EPS": 0.54,
        "Total Revenue": 138,
        "Gross Profit": 110,
        "Operating Income": 40,
        "EBIT": 51,
        "Net Income": 21
    },
    "2014-06-30": {
        "Diluted EPS": 0.39,
        "Total Revenue": 116,
        "Gross Profit": 90,
        "Operating Income": 31,
        "EBIT": 42,
        "Net Income": 15
    },
    "2014-03-31": {
        "Diluted EPS": 0.28,
        "Total Revenue": 102,
        "Gross Profit": 83,
        "Operating Income": 23,
        "EBIT": 34,
        "Net Income": 11
    },
    "2013-12-31": {
        "Diluted EPS": 0.3,
        "Total Revenue": 110,
        "Gross Profit": 88,
        "Operating Income": 22,
        "EBIT": 33,
        "Net Income": 12
    },
    "2013-09-30": {
        "Diluted EPS": 0.53,
        "Total Revenue": 131,
        "Gross Profit": 100,
        "Operating Income": 36,
        "EBIT": 46,
        "Net Income": 21
    },
    "2013-06-30": {
        "Diluted EPS": 0.43,
        "Total Revenue": 121,
        "Gross Profit": 95,
        "Operating Income": 33,
        "EBIT": 43,
        "Net Income": 16
    },
    "2013-03-31": {
        "Diluted EPS": 0.35,
        "Total Revenue": 111,
        "Gross Profit": 91,
        "Operating Income": 28,
        "EBIT": 38,
        "Net Income": 13
    },
    "2012-12-31": {
        "Diluted EPS": 0.27,
        "Total Revenue": 112,
        "Gross Profit": 91,
        "Operating Income": 21,
        "EBIT": 32,
        "Net Income": 10
    },
    "2012-09-30": {
        "Diluted EPS": 0.48,
        "Total Revenue": 134,
        "Gross Profit": 105,
        "Operating Income": 36,
        "EBIT": 47,
        "Net Income": 19
    },
    "2012-06-30": {
        "Diluted EPS": 0.4,
        "Total Revenue": 115,
        "Gross Profit": 92,
        "Operating Income": 30,
        "EBIT": 41,
        "Net Income": 15
    },
    "2012-03-31": {
        "Diluted EPS": 0.27,
        "Total Revenue": 107,
        "Gross Profit": 89,
        "Operating Income": 23,
        "EBIT": 34,
        "Net Income": 10
    },
    "2011-12-31": {
        "Diluted EPS": 0.17,
        "Total Revenue": 96,
        "Gross Profit": 77,
        "Operating Income": 16,
        "EBIT": 28,
        "Net Income": 7
    },
    "2011-09-30": {
        "Diluted EPS": 0.42,
        "Total Revenue": 120,
        "Gross Profit": 94,
        "Operating Income": 32,
        "EBIT": 42,
        "Net Income": 15
    },
    "2011-06-30": {
        "Diluted EPS": 0.43,
        "Total Revenue": 110,
        "Gross Profit": 88,
        "Operating Income": 29,
        "EBIT": 39,
        "Net Income": 16
    },
    "2011-03-31": {
        "Diluted EPS": 0.2,
        "Total Revenue": 94,
        "Gross Profit": 78,
        "Operating Income": 18,
        "EBIT": 28,
        "Net Income": 8
    },
    "2010-12-31": {
        "Diluted EPS": 0.25,
        "Total Revenue": 105,
        "Gross Profit": 86,
        "Operating Income": 17,
        "EBIT": 31,
        "Net Income": 9
    },
    "2010-09-30": {
        "Diluted EPS": 0.18,
        "Total Revenue": 111,
        "Gross Profit": 86,
        "Operating Income": 17,
        "EBIT": 25,
        "Net Income": 7
    },
    "2010-06-30": {
        "Diluted EPS": 0.24,
        "Total Revenue": 95,
        "Gross Profit": 74,
        "Operating Income": 21,
        "EBIT": 30,
        "Net Income": 9
    },
    "2010-03-31": {
        "Diluted EPS": 0.23,
        "Total Revenue": 88,
        "Gross Profit": 73,
        "Operating Income": 19,
        "EBIT": 28,
        "Net Income": 8
    },
    "2009-12-31": {
        "Diluted EPS": 0.09,
        "Total Revenue": 83,
        "Gross Profit": 63,
        "Operating Income": 10,
        "EBIT": 19,
        "Net Income": 3
    },
    "2009-09-30": {
        "Diluted EPS": 0.26,
        "Total Revenue": 99,
        "Gross Profit": 76,
        "Operating Income": 23,
        "EBIT": 31,
        "Net Income": 10
    },
    "2009-06-30": {
        "Diluted EPS": 0.32,
        "Total Revenue": 92,
        "Gross Profit": 72,
        "Operating Income": 24,
        "EBIT": 33,
        "Net Income": 11
    },
    "2009-03-31": {
        "Diluted EPS": 0.14,
        "Total Revenue": 80,
        "Gross Profit": 63,
        "Operating Income": 11,
        "EBIT": 20,
        "Net Income": 5
    },
    "2023-06-30": {
        "Tax Effect Of Unusual Items": NaN,
        "Tax Rate For Calcs": NaN,
        "Normalized EBITDA": NaN,
        "Net Income From Continuing Operation Net Minority Interest": NaN,
        "Reconciled Depreciation": NaN,
        "Reconciled Cost Of Revenue": NaN,
        "EBITDA": NaN,
        "EBIT": NaN,
        "Net Interest Income": NaN,
        "Interest Expense": NaN,
        "Interest Income": NaN,
        "Normalized Income": NaN,
        "Net Income From Continuing And Discontinued Operation": NaN,
        "Total Expenses": NaN,
        "Total Operating Income As Reported": NaN,
        "Diluted Average Shares": 37067000.0,
        "Basic Average Shares": 36976000.0,
        "Diluted EPS": 1.04,
        "Basic EPS": 1.04,
        "Diluted NI Availto Com Stockholders": NaN,
        "Average Dilution Earnings": NaN,
        "Net Income Common Stockholders": NaN,
        "Otherunder Preferred Stock Dividend": NaN,
        "Net Income": NaN,
        "Net Income Including Noncontrolling Interests": NaN,
        "Net Income Continuous Operations": NaN,
        "Tax Provision": NaN,
        "Pretax Income": NaN,
        "Other Income Expense": NaN,
        "Other Non Operating Income Expenses": NaN,
        "Net Non Operating Interest Income Expense": NaN,
        "Interest Expense Non Operating": NaN,
        "Interest Income Non Operating": NaN,
        "Operating Income": NaN,
        "Operating Expense": NaN,
        "Other Operating Expenses": NaN,
        "Other Taxes": NaN,
        "Depreciation Amortization Depletion Income Statement": NaN,
        "Depreciation And Amortization In Income Statement": NaN,
        "Selling General And Administration": NaN,
        "General And Administrative Expense": NaN,
        "Other Gand A": NaN,
        "Gross Profit": NaN,
        "Cost Of Revenue": NaN,
        "Total Revenue": NaN,
        "Operating Revenue": NaN
    },
    "2023-09-30": {
        "Tax Effect Of Unusual Items": 0.0,
        "Tax Rate For Calcs": 0.232,
        "Normalized EBITDA": 63146000.0,
        "Net Income From Continuing Operation Net Minority Interest": 31565000.0,
        "Reconciled Depreciation": 10343000.0,
        "Reconciled Cost Of Revenue": 40541000.0,
        "EBITDA": 63146000.0,
        "EBIT": 52803000.0,
        "Net Interest Income": -9566000.0,
        "Interest Expense": 11691000.0,
        "Interest Income": 2125000.0,
        "Normalized Income": 31565000.0,
        "Net Income From Continuing And Discontinued Operation": 31565000.0,
        "Total Expenses": 99945000.0,
        "Total Operating Income As Reported": 51751000.0,
        "Diluted Average Shares": 37071000.0,
        "Basic Average Shares": 36977000.0,
        "Diluted EPS": 0.85,
        "Basic EPS": 0.85,
        "Diluted NI Availto Com Stockholders": 31519000.0,
        "Average Dilution Earnings": 45000.0,
        "Net Income Common Stockholders": 31474000.0,
        "Otherunder Preferred Stock Dividend": 91000.0,
        "Net Income": 31565000.0,
        "Net Income Including Noncontrolling Interests": 31565000.0,
        "Net Income Continuous Operations": 31565000.0,
        "Tax Provision": 9547000.0,
        "Pretax Income": 41112000.0,
        "Other Income Expense": -1073000.0,
        "Other Non Operating Income Expenses": -1073000.0,
        "Net Non Operating Interest Income Expense": -9566000.0,
        "Interest Expense Non Operating": 11691000.0,
        "Interest Income Non Operating": 2125000.0,
        "Operating Income": 51751000.0,
        "Operating Expense": 59245000.0,
        "Other Operating Expenses": 22045000.0,
        "Other Taxes": 6034000.0,
        "Depreciation Amortization Depletion Income Statement": 10184000.0,
        "Depreciation And Amortization In Income Statement": 10184000.0,
        "Selling General And Administration": 20982000.0,
        "General And Administrative Expense": 20982000.0,
        "Other Gand A": 20982000.0,
        "Gross Profit": 110996000.0,
        "Cost Of Revenue": 40700000.0,
        "Total Revenue": 151696000.0,
        "Operating Revenue": 151696000.0
    },
    "2023-12-31": {
        "Tax Effect Of Unusual Items": 0.0,
        "Tax Rate For Calcs": 0.283831,
        "Normalized EBITDA": 50313000.0,
        "Net Income From Continuing Operation Net Minority Interest": 20428000.0,
        "Reconciled Depreciation": 10927000.0,
        "Reconciled Cost Of Revenue": 29703000.0,
        "EBITDA": 50313000.0,
        "EBIT": 39386000.0,
        "Net Interest Income": -9238000.0,
        "Interest Expense": 10862000.0,
        "Interest Income": 1624000.0,
        "Normalized Income": 20428000.0,
        "Net Income From Continuing And Discontinued Operation": 20428000.0,
        "Total Expenses": 90401000.0,
        "Total Operating Income As Reported": 34879000.0,
        "Diluted Average Shares": NaN,
        "Basic Average Shares": NaN,
        "Diluted EPS": NaN,
        "Basic EPS": NaN,
        "Diluted NI Availto Com Stockholders": 20369000.0,
        "Average Dilution Earnings": 27000.0,
        "Net Income Common Stockholders": 20342000.0,
        "Otherunder Preferred Stock Dividend": 86000.0,
        "Net Income": 20428000.0,
        "Net Income Including Noncontrolling Interests": 20428000.0,
        "Net Income Continuous Operations": 20428000.0,
        "Tax Provision": 8096000.0,
        "Pretax Income": 28524000.0,
        "Other Income Expense": 2983000.0,
        "Other Non Operating Income Expenses": 2883000.0,
        "Net Non Operating Interest Income Expense": -9238000.0,
        "Interest Expense Non Operating": 10862000.0,
        "Interest Income Non Operating": 1624000.0,
        "Operating Income": 34779000.0,
        "Operating Expense": 60529000.0,
        "Other Operating Expenses": 21368000.0,
        "Other Taxes": 6162000.0,
        "Depreciation Amortization Depletion Income Statement": 10758000.0,
        "Depreciation And Amortization In Income Statement": 10758000.0,
        "Selling General And Administration": 22241000.0,
        "General And Administrative Expense": 22241000.0,
        "Other Gand A": 22241000.0,
        "Gross Profit": 95308000.0,
        "Cost Of Revenue": 29872000.0,
        "Total Revenue": 125180000.0,
        "Operating Revenue": 125180000.0
    },
    "2024-03-31": {
        "Tax Effect Of Unusual Items": 0.0,
        "Tax Rate For Calcs": 0.242,
        "Normalized EBITDA": 54271000.0,
        "Net Income From Continuing Operation Net Minority Interest": 23135000.0,
        "Reconciled Depreciation": 10885000.0,
        "Reconciled Cost Of Revenue": 28233000.0,
        "EBITDA": 54271000.0,
        "EBIT": 43386000.0,
        "Net Interest Income": -10785000.0,
        "Interest Expense": 12855000.0,
        "Interest Income": 2070000.0,
        "Normalized Income": 23135000.0,
        "Net Income From Continuing And Discontinued Operation": 23135000.0,
        "Total Expenses": 96277000.0,
        "Total Operating Income As Reported": 38974000.0,
        "Diluted Average Shares": 37107000.0,
        "Basic Average Shares": 37030000.0,
        "Diluted EPS": 0.62,
        "Basic EPS": 0.62,
        "Diluted NI Availto Com Stockholders": 23096000.0,
        "Average Dilution Earnings": 17000.0,
        "Net Income Common Stockholders": 23079000.0,
        "Otherunder Preferred Stock Dividend": 56000.0,
        "Net Income": 23135000.0,
        "Net Income Including Noncontrolling Interests": 23135000.0,
        "Net Income Continuous Operations": 23135000.0,
        "Tax Provision": 7396000.0,
        "Pretax Income": 30531000.0,
        "Other Income Expense": 2342000.0,
        "Other Non Operating Income Expenses": 2342000.0,
        "Net Non Operating Interest Income Expense": -10785000.0,
        "Interest Expense Non Operating": 12855000.0,
        "Interest Income Non Operating": 2070000.0,
        "Operating Income": 38974000.0,
        "Operating Expense": 67881000.0,
        "Other Operating Expenses": 25325000.0,
        "Other Taxes": 6487000.0,
        "Depreciation Amortization Depletion Income Statement": 10722000.0,
        "Depreciation And Amortization In Income Statement": 10722000.0,
        "Selling General And Administration": 25347000.0,
        "General And Administrative Expense": 25347000.0,
        "Other Gand A": 25347000.0,
        "Gross Profit": 106855000.0,
        "Cost Of Revenue": 28396000.0,
        "Total Revenue": 135251000.0,
        "Operating Revenue": 135251000.0
    },
    "2024-06-30": {
        "Tax Effect Of Unusual Items": 0.0,
        "Tax Rate For Calcs": 0.245,
        "Normalized EBITDA": 66297000.0,
        "Net Income From Continuing Operation Net Minority Interest": 31864000.0,
        "Reconciled Depreciation": 10937000.0,
        "Reconciled Cost Of Revenue": 35614000.0,
        "EBITDA": 66297000.0,
        "EBIT": 55360000.0,
        "Net Interest Income": -11044000.0,
        "Interest Expense": 13137000.0,
        "Interest Income": 2093000.0,
        "Normalized Income": 31864000.0,
        "Net Income From Continuing And Discontinued Operation": 31864000.0,
        "Total Expenses": 103580000.0,
        "Total Operating Income As Reported": 51748000.0,
        "Diluted Average Shares": 37418000.0,
        "Basic Average Shares": 37309000.0,
        "Diluted EPS": 0.85,
        "Basic EPS": 0.85,
        "Diluted NI Availto Com Stockholders": 31808000.0,
        "Average Dilution Earnings": 54000.0,
        "Net Income Common Stockholders": 31754000.0,
        "Otherunder Preferred Stock Dividend": 110000.0,
        "Net Income": 31864000.0,
        "Net Income Including Noncontrolling Interests": 31864000.0,
        "Net Income Continuous Operations": 31864000.0,
        "Tax Provision": 10359000.0,
        "Pretax Income": 42223000.0,
        "Other Income Expense": 1519000.0,
        "Other Non Operating Income Expenses": 1519000.0,
        "Net Non Operating Interest Income Expense": -11044000.0,
        "Interest Expense Non Operating": 13137000.0,
        "Interest Income Non Operating": 2093000.0,
        "Operating Income": 51748000.0,
        "Operating Expense": 67799000.0,
        "Other Operating Expenses": 26930000.0,
        "Other Taxes": 6612000.0,
        "Depreciation Amortization Depletion Income Statement": 10770000.0,
        "Depreciation And Amortization In Income Statement": 10770000.0,
        "Selling General And Administration": 23487000.0,
        "General And Administrative Expense": 23487000.0,
        "Other Gand A": 23487000.0,
        "Gross Profit": 119547000.0,
        "Cost Of Revenue": 35781000.0,
        "Total Revenue": 155328000.0,
        "Operating Revenue": 155328000.0
    },
    "2024-09-30": {
        "Tax Effect Of Unusual Items": 0.0,
        "Tax Rate For Calcs": 0.219,
        "Normalized EBITDA": 70134000.0,
        "Net Income From Continuing Operation Net Minority Interest": 35834000.0,
        "Reconciled Depreciation": 11019000.0,
        "Reconciled Cost Of Revenue": 41661000.0,
        "EBITDA": 70134000.0,
        "EBIT": 59115000.0,
        "Net Interest Income": -11486000.0,
        "Interest Expense": 13225000.0,
        "Interest Income": 1739000.0,
        "Normalized Income": 35834000.0,
        "Net Income From Continuing And Discontinued Operation": 35834000.0,
        "Total Expenses": 106714000.0,
        "Total Operating Income As Reported": 55068000.0,
        "Diluted Average Shares": 37683000.0,
        "Basic Average Shares": 37564000.0,
        "Diluted EPS": 0.95,
        "Basic EPS": 0.95,
        "Diluted NI Availto Com Stockholders": 35772000.0,
        "Average Dilution Earnings": 66000.0,
        "Net Income Common Stockholders": 35706000.0,
        "Otherunder Preferred Stock Dividend": 128000.0,
        "Net Income": 35834000.0,
        "Net Income Including Noncontrolling Interests": 35834000.0,
        "Net Income Continuous Operations": 35834000.0,
        "Tax Provision": 10056000.0,
        "Pretax Income": 45890000.0,
        "Other Income Expense": 2308000.0,
        "Other Non Operating Income Expenses": 2308000.0,
        "Net Non Operating Interest Income Expense": -11486000.0,
        "Interest Expense Non Operating": 13225000.0,
        "Interest Income Non Operating": 1739000.0,
        "Operating Income": 55068000.0,
        "Operating Expense": 64883000.0,
        "Other Operating Expenses": 22771000.0,
        "Other Taxes": 7063000.0,
        "Depreciation Amortization Depletion Income Statement": 10849000.0,
        "Depreciation And Amortization In Income Statement": 10849000.0,
        "Selling General And Administration": 24200000.0,
        "General And Administrative Expense": 24200000.0,
        "Other Gand A": 24200000.0,
        "Gross Profit": 119951000.0,
        "Cost Of Revenue": 41831000.0,
        "Total Revenue": 161782000.0,
        "Operating Revenue": 161782000.0
    }
}