{
    "2023-06-30": {
        "Tax Effect Of Unusual Items": NaN,
        "Tax Rate For Calcs": NaN,
        "Total Unusual Items": NaN,
        "Total Unusual Items Excluding Goodwill": NaN,
        "Net Income From Continuing Operation Net Minority Interest": NaN,
        "Reconciled Depreciation": NaN,
        "Net Interest Income": NaN,
        "Interest Expense": NaN,
        "Interest Income": NaN,
        "Normalized Income": NaN,
        "Net Income From Continuing And Discontinued Operation": NaN,
        "Diluted Average Shares": 59832877.0,
        "Basic Average Shares": 59024324.0,
        "Diluted EPS": 1.46,
        "Basic EPS": 1.48,
        "Diluted NI Availto Com Stockholders": NaN,
        "Net Income Common Stockholders": NaN,
        "Net Income": NaN,
        "Net Income Including Noncontrolling Interests": NaN,
        "Net Income Continuous Operations": NaN,
        "Tax Provision": NaN,
        "Pretax Income": NaN,
        "Special Income Charges": NaN,
        "Restructuring And Mergern Acquisition": NaN,
        "Gain On Sale Of Security": NaN,
        "Depreciation Amortization Depletion Income Statement": NaN,
        "Depreciation And Amortization In Income Statement": NaN,
        "Selling General And Administration": NaN,
        "Selling And Marketing Expense": NaN,
        "General And Administrative Expense": NaN,
        "Other Gand A": NaN,
        "Insurance And Claims": NaN,
        "Salaries And Wages": NaN,
        "Total Revenue": NaN,
        "Operating Revenue": NaN,
        "Occupancy And Equipment": NaN,
        "Professional Expense And Contract Services Expense": NaN,
        "Other Non Interest Expense": NaN
    },
    "2023-03-31": {
        "Tax Effect Of Unusual Items": NaN,
        "Tax Rate For Calcs": NaN,
        "Total Unusual Items": 0.0,
        "Total Unusual Items Excluding Goodwill": 0.0,
        "Net Income From Continuing Operation Net Minority Interest": NaN,
        "Reconciled Depreciation": NaN,
        "Net Interest Income": NaN,
        "Interest Expense": NaN,
        "Interest Income": NaN,
        "Normalized Income": NaN,
        "Net Income From Continuing And Discontinued Operation": NaN,
        "Diluted Average Shares": NaN,
        "Basic Average Shares": NaN,
        "Diluted EPS": NaN,
        "Basic EPS": NaN,
        "Diluted NI Availto Com Stockholders": NaN,
        "Net Income Common Stockholders": NaN,
        "Net Income": NaN,
        "Net Income Including Noncontrolling Interests": NaN,
        "Net Income Continuous Operations": NaN,
        "Tax Provision": NaN,
        "Pretax Income": NaN,
        "Special Income Charges": 0.0,
        "Restructuring And Mergern Acquisition": 0.0,
        "Gain On Sale Of Security": 0.0,
        "Depreciation Amortization Depletion Income Statement": NaN,
        "Depreciation And Amortization In Income Statement": NaN,
        "Selling General And Administration": NaN,
        "Selling And Marketing Expense": NaN,
        "General And Administrative Expense": NaN,
        "Other Gand A": NaN,
        "Insurance And Claims": NaN,
        "Salaries And Wages": NaN,
        "Total Revenue": NaN,
        "Operating Revenue": NaN,
        "Occupancy And Equipment": NaN,
        "Professional Expense And Contract Services Expense": NaN,
        "Other Non Interest Expense": NaN
    },
    "2022-12-31": {
        "Tax Effect Of Unusual Items": NaN,
        "Tax Rate For Calcs": NaN,
        "Total Unusual Items": 0.0,
        "Total Unusual Items Excluding Goodwill": 0.0,
        "Net Income From Continuing Operation Net Minority Interest": NaN,
        "Reconciled Depreciation": NaN,
        "Net Interest Income": NaN,
        "Interest Expense": NaN,
        "Interest Income": NaN,
        "Normalized Income": NaN,
        "Net Income From Continuing And Discontinued Operation": NaN,
        "Diluted Average Shares": NaN,
        "Basic Average Shares": NaN,
        "Diluted EPS": NaN,
        "Basic EPS": NaN,
        "Diluted NI Availto Com Stockholders": NaN,
        "Net Income Common Stockholders": NaN,
        "Net Income": NaN,
        "Net Income Including Noncontrolling Interests": NaN,
        "Net Income Continuous Operations": NaN,
        "Tax Provision": NaN,
        "Pretax Income": NaN,
        "Special Income Charges": 0.0,
        "Restructuring And Mergern Acquisition": 0.0,
        "Gain On Sale Of Security": 0.0,
        "Depreciation Amortization Depletion Income Statement": NaN,
        "Depreciation And Amortization In Income Statement": NaN,
        "Selling General And Administration": NaN,
        "Selling And Marketing Expense": NaN,
        "General And Administrative Expense": NaN,
        "Other Gand A": NaN,
        "Insurance And Claims": NaN,
        "Salaries And Wages": NaN,
        "Total Revenue": NaN,
        "Operating Revenue": NaN,
        "Occupancy And Equipment": NaN,
        "Professional Expense And Contract Services Expense": NaN,
        "Other Non Interest Expense": NaN
    },
    "2022-09-30": {
        "Tax Effect Of Unusual Items": 0.0,
        "Tax Rate For Calcs": 0.294993,
        "Net Income From Continuing Operation Net Minority Interest": 58407000.0,
        "Reconciled Depreciation": 6094000.0,
        "Net Interest Income": 180475000.0,
        "Interest Expense": 43311000.0,
        "Interest Income": 223786000.0,
        "Normalized Income": 58407000.0,
        "Net Income From Continuing And Discontinued Operation": 58407000.0,
        "Diluted Average Shares": 60486394.0,
        "Basic Average Shares": 59854584.0,
        "Diluted EPS": 0.97,
        "Basic EPS": 0.98,
        "Diluted NI Availto Com Stockholders": 58407000.0,
        "Net Income Common Stockholders": 58407000.0,
        "Net Income": 58407000.0,
        "Net Income Including Noncontrolling Interests": 58407000.0,
        "Net Income Continuous Operations": 58407000.0,
        "Tax Provision": 24439000.0,
        "Pretax Income": 82846000.0,
        "Depreciation Amortization Depletion Income Statement": 6094000.0,
        "Depreciation And Amortization In Income Statement": 6094000.0,
        "Selling General And Administration": 95023000.0,
        "Selling And Marketing Expense": 6370000.0,
        "General And Administrative Expense": 88653000.0,
        "Other Gand A": 37922000.0,
        "Insurance And Claims": 3735000.0,
        "Salaries And Wages": 46996000.0,
        "Total Revenue": 204854000.0,
        "Operating Revenue": 204854000.0
    },
    "2022-06-30": {
        "Tax Effect Of Unusual Items": 17198.5,
        "Tax Rate For Calcs": 0.2915,
        "Total Unusual Items": 59000.0,
        "Total Unusual Items Excluding Goodwill": 59000.0,
        "Net Income From Continuing Operation Net Minority Interest": 57896000.0,
        "Reconciled Depreciation": 6022000.0,
        "Net Interest Income": 165410000.0,
        "Interest Expense": 18751000.0,
        "Interest Income": 184161000.0,
        "Normalized Income": 57854198.5,
        "Net Income From Continuing And Discontinued Operation": 57896000.0,
        "Diluted Average Shares": 60627358.0,
        "Basic Average Shares": 59665040.0,
        "Diluted EPS": 0.96,
        "Basic EPS": 0.97,
        "Diluted NI Availto Com Stockholders": 57896000.0,
        "Net Income Common Stockholders": 57896000.0,
        "Net Income": 57896000.0,
        "Net Income Including Noncontrolling Interests": 57896000.0,
        "Net Income Continuous Operations": 57896000.0,
        "Tax Provision": 23821000.0,
        "Pretax Income": 81717000.0,
        "Depreciation Amortization Depletion Income Statement": 6022000.0,
        "Depreciation And Amortization In Income Statement": 6022000.0,
        "Selling General And Administration": 83702000.0,
        "Selling And Marketing Expense": 3449000.0,
        "General And Administrative Expense": 80253000.0,
        "Other Gand A": 32745000.0,
        "Insurance And Claims": 3967000.0,
        "Salaries And Wages": 43541000.0,
        "Total Revenue": 188570000.0,
        "Operating Revenue": 188570000.0
    },
    "2023-09-30": {
        "Tax Effect Of Unusual Items": 0.0,
        "Tax Rate For Calcs": 0.3005,
        "Total Unusual Items": NaN,
        "Total Unusual Items Excluding Goodwill": NaN,
        "Net Income From Continuing Operation Net Minority Interest": 82645000.0,
        "Reconciled Depreciation": 5878000.0,
        "Net Interest Income": 211155000.0,
        "Interest Expense": 152797000.0,
        "Interest Income": 363952000.0,
        "Normalized Income": 82645000.0,
        "Net Income From Continuing And Discontinued Operation": 82645000.0,
        "Diluted Average Shares": 59808322.0,
        "Basic Average Shares": 58949038.0,
        "Diluted EPS": 1.38,
        "Basic EPS": 1.4,
        "Diluted NI Availto Com Stockholders": 82645000.0,
        "Net Income Common Stockholders": 82645000.0,
        "Net Income": 82645000.0,
        "Net Income Including Noncontrolling Interests": 82645000.0,
        "Net Income Continuous Operations": 82645000.0,
        "Tax Provision": 35511000.0,
        "Pretax Income": 118156000.0,
        "Special Income Charges": NaN,
        "Restructuring And Mergern Acquisition": NaN,
        "Gain On Sale Of Security": NaN,
        "Depreciation Amortization Depletion Income Statement": 5878000.0,
        "Depreciation And Amortization In Income Statement": 5878000.0,
        "Selling General And Administration": 80875000.0,
        "Selling And Marketing Expense": 10375000.0,
        "General And Administrative Expense": 70500000.0,
        "Other Gand A": 10240000.0,
        "Insurance And Claims": 4449000.0,
        "Salaries And Wages": 55811000.0,
        "Total Revenue": 241650000.0,
        "Operating Revenue": 241650000.0,
        "Occupancy And Equipment": 3846000.0,
        "Professional Expense And Contract Services Expense": 9811000.0,
        "Other Non Interest Expense": 16084000.0
    },
    "2023-12-31": {
        "Tax Effect Of Unusual Items": 27894654.3,
        "Tax Rate For Calcs": 0.3019,
        "Total Unusual Items": 92397000.0,
        "Total Unusual Items Excluding Goodwill": 92397000.0,
        "Net Income From Continuing Operation Net Minority Interest": 151771000.0,
        "Reconciled Depreciation": 6487000.0,
        "Net Interest Income": 228606000.0,
        "Interest Expense": 166057000.0,
        "Interest Income": 394663000.0,
        "Normalized Income": 87268654.3,
        "Net Income From Continuing And Discontinued Operation": 151771000.0,
        "Diluted Average Shares": 57932834.0,
        "Basic Average Shares": 57216621.0,
        "Diluted EPS": 2.62,
        "Basic EPS": 2.65,
        "Diluted NI Availto Com Stockholders": 151771000.0,
        "Net Income Common Stockholders": 151771000.0,
        "Net Income": 151771000.0,
        "Net Income Including Noncontrolling Interests": 151771000.0,
        "Net Income Continuous Operations": 151771000.0,
        "Tax Provision": 65625000.0,
        "Pretax Income": 217396000.0,
        "Special Income Charges": 92397000.0,
        "Restructuring And Mergern Acquisition": -92397000.0,
        "Gain On Sale Of Security": 92397000.0,
        "Depreciation Amortization Depletion Income Statement": 6488000.0,
        "Depreciation And Amortization In Income Statement": 6488000.0,
        "Selling General And Administration": 81100000.0,
        "Selling And Marketing Expense": 9794000.0,
        "General And Administrative Expense": 71306000.0,
        "Other Gand A": 8488000.0,
        "Insurance And Claims": 3935000.0,
        "Salaries And Wages": 58883000.0,
        "Total Revenue": 254390000.0,
        "Operating Revenue": 254390000.0,
        "Occupancy And Equipment": 4001000.0,
        "Professional Expense And Contract Services Expense": 5976000.0,
        "Other Non Interest Expense": 18326000.0
    },
    "2024-03-31": {
        "Tax Effect Of Unusual Items": 0.0,
        "Tax Rate For Calcs": 0.2882,
        "Total Unusual Items": 0.0,
        "Total Unusual Items Excluding Goodwill": 0.0,
        "Net Income From Continuing Operation Net Minority Interest": 110720000.0,
        "Reconciled Depreciation": 7222000.0,
        "Net Interest Income": 261606000.0,
        "Interest Expense": 181958000.0,
        "Interest Income": 443564000.0,
        "Normalized Income": 110720000.0,
        "Net Income From Continuing And Discontinued Operation": 110720000.0,
        "Diluted Average Shares": 58037698.0,
        "Basic Average Shares": 56932050.0,
        "Diluted EPS": 1.91,
        "Basic EPS": 1.94,
        "Diluted NI Availto Com Stockholders": 110720000.0,
        "Net Income Common Stockholders": 110720000.0,
        "Net Income": 110720000.0,
        "Net Income Including Noncontrolling Interests": 110720000.0,
        "Net Income Continuous Operations": 110720000.0,
        "Tax Provision": 44821000.0,
        "Pretax Income": 155541000.0,
        "Special Income Charges": 0.0,
        "Restructuring And Mergern Acquisition": 0.0,
        "Gain On Sale Of Security": 0.0,
        "Depreciation Amortization Depletion Income Statement": 7221000.0,
        "Depreciation And Amortization In Income Statement": 7221000.0,
        "Selling General And Administration": 89978000.0,
        "Selling And Marketing Expense": 10282000.0,
        "General And Administrative Expense": 79696000.0,
        "Other Gand A": 7045000.0,
        "Insurance And Claims": 5232000.0,
        "Salaries And Wages": 67419000.0,
        "Total Revenue": 290310000.0,
        "Operating Revenue": 290310000.0,
        "Occupancy And Equipment": 4254000.0,
        "Professional Expense And Contract Services Expense": 9073000.0,
        "Other Non Interest Expense": 18243000.0
    },
    "2024-06-30": {
        "Tax Effect Of Unusual Items": 0.0,
        "Tax Rate For Calcs": 0.273679,
        "Total Unusual Items": 0.0,
        "Total Unusual Items Excluding Goodwill": 0.0,
        "Net Income From Continuing Operation Net Minority Interest": 104872000.0,
        "Reconciled Depreciation": 7499000.0,
        "Net Interest Income": 260062000.0,
        "Interest Expense": 193366000.0,
        "Interest Income": 453428000.0,
        "Normalized Income": 104872000.0,
        "Net Income From Continuing And Discontinued Operation": 104872000.0,
        "Diluted Average Shares": NaN,
        "Basic Average Shares": NaN,
        "Diluted EPS": NaN,
        "Basic EPS": NaN,
        "Diluted NI Availto Com Stockholders": 104872000.0,
        "Net Income Common Stockholders": 104872000.0,
        "Net Income": 104872000.0,
        "Net Income Including Noncontrolling Interests": 104872000.0,
        "Net Income Continuous Operations": 104872000.0,
        "Tax Provision": 39516000.0,
        "Pretax Income": 144388000.0,
        "Special Income Charges": 0.0,
        "Restructuring And Mergern Acquisition": 0.0,
        "Gain On Sale Of Security": NaN,
        "Depreciation Amortization Depletion Income Statement": 7499000.0,
        "Depreciation And Amortization In Income Statement": 7499000.0,
        "Selling General And Administration": 96203000.0,
        "Selling And Marketing Expense": 12346000.0,
        "General And Administrative Expense": 83857000.0,
        "Other Gand A": 8167000.0,
        "Insurance And Claims": 6930000.0,
        "Salaries And Wages": 68760000.0,
        "Total Revenue": 287082000.0,
        "Operating Revenue": 287082000.0,
        "Occupancy And Equipment": 4603000.0,
        "Professional Expense And Contract Services Expense": 11672000.0,
        "Other Non Interest Expense": 16717000.0
    },
    "2024-09-30": {
        "Tax Effect Of Unusual Items": 0.0,
        "Tax Rate For Calcs": 0.2943,
        "Total Unusual Items": NaN,
        "Total Unusual Items Excluding Goodwill": NaN,
        "Net Income From Continuing Operation Net Minority Interest": 112340000.0,
        "Reconciled Depreciation": 7450000.0,
        "Net Interest Income": 292048000.0,
        "Interest Expense": 192214000.0,
        "Interest Income": 484262000.0,
        "Normalized Income": 112340000.0,
        "Net Income From Continuing And Discontinued Operation": 112340000.0,
        "Diluted Average Shares": 58168468.0,
        "Basic Average Shares": 56934671.0,
        "Diluted EPS": 1.93,
        "Basic EPS": 1.97,
        "Diluted NI Availto Com Stockholders": 112340000.0,
        "Net Income Common Stockholders": 112340000.0,
        "Net Income": 112340000.0,
        "Net Income Including Noncontrolling Interests": 112340000.0,
        "Net Income Continuous Operations": 112340000.0,
        "Tax Provision": 46852000.0,
        "Pretax Income": 159192000.0,
        "Special Income Charges": NaN,
        "Restructuring And Mergern Acquisition": NaN,
        "Gain On Sale Of Security": NaN,
        "Depreciation Amortization Depletion Income Statement": 7450000.0,
        "Depreciation And Amortization In Income Statement": 7450000.0,
        "Selling General And Administration": 102510000.0,
        "Selling And Marketing Expense": 14253000.0,
        "General And Administrative Expense": 88257000.0,
        "Other Gand A": 8008000.0,
        "Insurance And Claims": 5956000.0,
        "Salaries And Wages": 74293000.0,
        "Total Revenue": 316350000.0,
        "Operating Revenue": 316350000.0,
        "Occupancy And Equipment": 4318000.0,
        "Professional Expense And Contract Services Expense": 9895000.0,
        "Other Non Interest Expense": 18985000.0
    }
}