{
    "2023-03-31": {
        "Tax Effect Of Unusual Items": 0.0,
        "Tax Rate For Calcs": 0.0,
        "Normalized EBITDA": -6178000.0,
        "Total Unusual Items": 364000.0,
        "Total Unusual Items Excluding Goodwill": 364000.0,
        "Net Income From Continuing Operation Net Minority Interest": -7074000.0,
        "Reconciled Depreciation": 1244000.0,
        "Reconciled Cost Of Revenue": 8172000.0,
        "EBITDA": -5814000.0,
        "EBIT": -7058000.0,
        "Net Interest Income": -16000.0,
        "Interest Expense": 16000.0,
        "Normalized Income": -7438000.0,
        "Net Income From Continuing And Discontinued Operation": -7074000.0,
        "Total Expenses": 44005000.0,
        "Total Operating Income As Reported": -7341000.0,
        "Diluted Average Shares": 42571021.0,
        "Basic Average Shares": 42571021.0,
        "Diluted EPS": -0.17,
        "Basic EPS": -0.17,
        "Diluted NI Availto Com Stockholders": -7074000.0,
        "Net Income Common Stockholders": -7074000.0,
        "Net Income": -7074000.0,
        "Net Income Including Noncontrolling Interests": -7074000.0,
        "Net Income Continuous Operations": -7074000.0,
        "Pretax Income": -7074000.0,
        "Other Income Expense": 283000.0,
        "Other Non Operating Income Expenses": -81000.0,
        "Gain On Sale Of Security": 364000.0,
        "Net Non Operating Interest Income Expense": -16000.0,
        "Interest Expense Non Operating": 16000.0,
        "Operating Income": -7341000.0,
        "Operating Expense": 35833000.0,
        "Research And Development": 6326000.0,
        "Selling General And Administration": 29507000.0,
        "Selling And Marketing Expense": 19446000.0,
        "General And Administrative Expense": 10061000.0,
        "Other Gand A": 10061000.0,
        "Gross Profit": 28492000.0,
        "Cost Of Revenue": 8172000.0,
        "Total Revenue": 36664000.0,
        "Operating Revenue": 36664000.0
    },
    "2022-12-31": {
        "Tax Effect Of Unusual Items": 0.0,
        "Tax Rate For Calcs": 0.0,
        "Normalized EBITDA": -4571000.0,
        "Total Unusual Items": 286000.0,
        "Total Unusual Items Excluding Goodwill": 286000.0,
        "Net Income From Continuing Operation Net Minority Interest": -5415000.0,
        "Reconciled Depreciation": 1170000.0,
        "Reconciled Cost Of Revenue": 6141000.0,
        "EBITDA": -4285000.0,
        "EBIT": -5455000.0,
        "Net Interest Income": 40000.0,
        "Interest Expense": -40000.0,
        "Normalized Income": -5701000.0,
        "Net Income From Continuing And Discontinued Operation": -5415000.0,
        "Total Expenses": 41772000.0,
        "Total Operating Income As Reported": -5608000.0,
        "Diluted Average Shares": NaN,
        "Basic Average Shares": NaN,
        "Diluted EPS": NaN,
        "Basic EPS": NaN,
        "Diluted NI Availto Com Stockholders": -5415000.0,
        "Net Income Common Stockholders": -5415000.0,
        "Net Income": -5415000.0,
        "Net Income Including Noncontrolling Interests": -5415000.0,
        "Net Income Continuous Operations": -5415000.0,
        "Pretax Income": -5415000.0,
        "Other Income Expense": 153000.0,
        "Other Non Operating Income Expenses": -133000.0,
        "Gain On Sale Of Security": 286000.0,
        "Net Non Operating Interest Income Expense": 40000.0,
        "Interest Expense Non Operating": -40000.0,
        "Operating Income": -5608000.0,
        "Operating Expense": 35631000.0,
        "Research And Development": 6811000.0,
        "Selling General And Administration": 28820000.0,
        "Selling And Marketing Expense": 19879000.0,
        "General And Administrative Expense": 8941000.0,
        "Other Gand A": 8941000.0,
        "Gross Profit": 30023000.0,
        "Cost Of Revenue": 6141000.0,
        "Total Revenue": 36164000.0,
        "Operating Revenue": 36164000.0
    },
    "2022-09-30": {
        "Tax Effect Of Unusual Items": NaN,
        "Tax Rate For Calcs": NaN,
        "Normalized EBITDA": NaN,
        "Total Unusual Items": NaN,
        "Total Unusual Items Excluding Goodwill": NaN,
        "Net Income From Continuing Operation Net Minority Interest": NaN,
        "Reconciled Depreciation": NaN,
        "Reconciled Cost Of Revenue": NaN,
        "EBITDA": NaN,
        "EBIT": NaN,
        "Net Interest Income": NaN,
        "Interest Expense": NaN,
        "Normalized Income": NaN,
        "Net Income From Continuing And Discontinued Operation": NaN,
        "Total Expenses": NaN,
        "Total Operating Income As Reported": NaN,
        "Diluted Average Shares": 42220519.0,
        "Basic Average Shares": 42220519.0,
        "Diluted EPS": -0.1,
        "Basic EPS": -0.1,
        "Diluted NI Availto Com Stockholders": NaN,
        "Net Income Common Stockholders": NaN,
        "Net Income": NaN,
        "Net Income Including Noncontrolling Interests": NaN,
        "Net Income Continuous Operations": NaN,
        "Pretax Income": NaN,
        "Other Income Expense": NaN,
        "Other Non Operating Income Expenses": NaN,
        "Gain On Sale Of Security": NaN,
        "Net Non Operating Interest Income Expense": NaN,
        "Interest Expense Non Operating": NaN,
        "Operating Income": NaN,
        "Operating Expense": NaN,
        "Research And Development": NaN,
        "Selling General And Administration": NaN,
        "Selling And Marketing Expense": NaN,
        "General And Administrative Expense": NaN,
        "Other Gand A": NaN,
        "Gross Profit": NaN,
        "Cost Of Revenue": NaN,
        "Total Revenue": NaN,
        "Operating Revenue": NaN
    },
    "2022-06-30": {
        "Tax Effect Of Unusual Items": 0.0,
        "Tax Rate For Calcs": 0.0,
        "Normalized EBITDA": -6748000.0,
        "Total Unusual Items": 466000.0,
        "Total Unusual Items Excluding Goodwill": 466000.0,
        "Net Income From Continuing Operation Net Minority Interest": -7740000.0,
        "Reconciled Depreciation": 1209000.0,
        "Reconciled Cost Of Revenue": 6284000.0,
        "EBITDA": -6282000.0,
        "EBIT": -7491000.0,
        "Net Interest Income": -249000.0,
        "Interest Expense": 249000.0,
        "Normalized Income": -8206000.0,
        "Net Income From Continuing And Discontinued Operation": -7740000.0,
        "Total Expenses": 42378000.0,
        "Total Operating Income As Reported": -7924000.0,
        "Diluted Average Shares": 41994618.0,
        "Basic Average Shares": 41994618.0,
        "Diluted EPS": -0.18,
        "Basic EPS": -0.18,
        "Diluted NI Availto Com Stockholders": -7740000.0,
        "Net Income Common Stockholders": -7740000.0,
        "Net Income": -7740000.0,
        "Net Income Including Noncontrolling Interests": -7740000.0,
        "Net Income Continuous Operations": -7740000.0,
        "Pretax Income": -7740000.0,
        "Other Income Expense": 433000.0,
        "Other Non Operating Income Expenses": -33000.0,
        "Gain On Sale Of Security": 466000.0,
        "Net Non Operating Interest Income Expense": -249000.0,
        "Interest Expense Non Operating": 249000.0,
        "Operating Income": -7924000.0,
        "Operating Expense": 36094000.0,
        "Research And Development": 7022000.0,
        "Selling General And Administration": 29072000.0,
        "Selling And Marketing Expense": 19669000.0,
        "General And Administrative Expense": 9403000.0,
        "Other Gand A": 9403000.0,
        "Gross Profit": 28170000.0,
        "Cost Of Revenue": 6284000.0,
        "Total Revenue": 34454000.0,
        "Operating Revenue": 34454000.0
    },
    "2022-03-31": {
        "Diluted EPS": -0.27,
        "Total Revenue": 31,
        "Gross Profit": 25,
        "Operating Income": -11,
        "EBIT": -10,
        "Net Income": -11
    },
    "2021-12-31": {
        "Diluted EPS": -0.13,
        "Total Revenue": 32,
        "Gross Profit": 26,
        "Operating Income": -5,
        "EBIT": -4,
        "Net Income": -5
    },
    "2021-09-30": {
        "Diluted EPS": -0.17,
        "Total Revenue": 31,
        "Gross Profit": 26,
        "Operating Income": -7,
        "EBIT": -5,
        "Net Income": -7
    },
    "2021-06-30": {
        "Diluted EPS": -0.19,
        "Total Revenue": 34,
        "Gross Profit": 26,
        "Operating Income": -7,
        "EBIT": -6,
        "Net Income": -8
    },
    "2021-03-31": {
        "Diluted EPS": -0.16,
        "Total Revenue": 31,
        "Gross Profit": 26,
        "Operating Income": -6,
        "EBIT": -5,
        "Net Income": -7
    },
    "2020-12-31": {
        "Diluted EPS": -0.15,
        "Total Revenue": 32,
        "Gross Profit": 27,
        "Operating Income": -5,
        "EBIT": -4,
        "Net Income": -6
    },
    "2020-09-30": {
        "Diluted EPS": -0.04,
        "Total Revenue": 33,
        "Gross Profit": 28,
        "Operating Income": -1,
        "EBIT": 0,
        "Net Income": -1
    },
    "2020-06-30": {
        "Diluted EPS": -0.2,
        "Total Revenue": 22,
        "Gross Profit": 17,
        "Operating Income": -8,
        "EBIT": -8,
        "Net Income": -8
    },
    "2020-03-31": {
        "Diluted EPS": -0.21,
        "Total Revenue": 24,
        "Gross Profit": 19,
        "Operating Income": -9,
        "EBIT": -8,
        "Net Income": -8
    },
    "2019-12-31": {
        "Diluted EPS": -0.18,
        "Total Revenue": 28,
        "Gross Profit": 23,
        "Operating Income": -7,
        "EBIT": -7,
        "Net Income": -7
    },
    "2019-09-30": {
        "Diluted EPS": -0.14,
        "Total Revenue": 29,
        "Gross Profit": 24,
        "Operating Income": -6,
        "EBIT": -5,
        "Net Income": -6
    },
    "2019-06-30": {
        "Diluted EPS": -0.18,
        "Total Revenue": 27,
        "Gross Profit": 22,
        "Operating Income": -8,
        "EBIT": -7,
        "Net Income": -7
    },
    "2019-03-31": {
        "Diluted EPS": -0.24,
        "Total Revenue": 23,
        "Gross Profit": 20,
        "Operating Income": -10,
        "EBIT": -10,
        "Net Income": -10
    },
    "2018-12-31": {
        "Diluted EPS": -0.13,
        "Total Revenue": 23,
        "Gross Profit": 20,
        "Operating Income": -6,
        "EBIT": -6,
        "Net Income": -5
    },
    "2018-09-30": {
        "Diluted EPS": -0.11,
        "Total Revenue": 23,
        "Gross Profit": 19,
        "Operating Income": -5,
        "EBIT": -5,
        "Net Income": -4
    },
    "2018-06-30": {
        "Diluted EPS": -0.2,
        "Total Revenue": 21,
        "Gross Profit": 17,
        "Operating Income": -5,
        "EBIT": -5,
        "Net Income": -7
    },
    "2018-03-31": {
        "Diluted EPS": -0.16,
        "Total Revenue": 17,
        "Gross Profit": 15,
        "Operating Income": -5,
        "EBIT": -5,
        "Net Income": -6
    },
    "2017-12-31": {
        "Diluted EPS": -0.08,
        "Total Revenue": 17,
        "Gross Profit": 14,
        "Operating Income": -2,
        "EBIT": -2,
        "Net Income": -2
    },
    "2017-09-30": {
        "Diluted EPS": -0.06,
        "Total Revenue": 16,
        "Gross Profit": 14,
        "Operating Income": -1,
        "EBIT": -1,
        "Net Income": -2
    },
    "2017-06-30": {
        "Diluted EPS": -0.06,
        "Total Revenue": 15,
        "Gross Profit": 13,
        "Operating Income": -1,
        "EBIT": -1,
        "Net Income": -2
    },
    "2017-03-31": {
        "Diluted EPS": -0.11,
        "Total Revenue": 12,
        "Gross Profit": 10,
        "Operating Income": -3,
        "EBIT": -3,
        "Net Income": -4
    },
    "2016-12-31": {
        "Diluted EPS": -0.18,
        "Total Revenue": 11,
        "Gross Profit": 10,
        "Operating Income": -3,
        "EBIT": -3,
        "Net Income": -6
    },
    "2016-09-30": {
        "Diluted EPS": -0.08,
        "Total Revenue": 11,
        "Gross Profit": 10,
        "Operating Income": -1,
        "EBIT": -1,
        "Net Income": -2
    },
    "2016-06-30": {
        "Diluted EPS": -0.09,
        "Total Revenue": 10,
        "Gross Profit": 9,
        "Operating Income": -2,
        "EBIT": -1,
        "Net Income": -3
    },
    "2016-03-31": {
        "Diluted EPS": -0.12,
        "Total Revenue": 8,
        "Gross Profit": 7,
        "Operating Income": -3,
        "EBIT": -2,
        "Net Income": -4
    },
    "2015-12-31": {
        "Diluted EPS": -0.11,
        "Total Revenue": 8,
        "Gross Profit": 6,
        "Operating Income": -3,
        "EBIT": -3,
        "Net Income": -4
    },
    "2015-09-30": {
        "Diluted EPS": -0.11,
        "Total Revenue": 8,
        "Gross Profit": 7,
        "Operating Income": -2,
        "EBIT": -2,
        "Net Income": -3
    },
    "2015-06-30": {
        "Diluted EPS": -0.13,
        "Total Revenue": 6,
        "Gross Profit": 5,
        "Operating Income": -2,
        "EBIT": -2,
        "Net Income": -3
    },
    "2015-03-31": {
        "Diluted EPS": -0.16,
        "Total Revenue": 5,
        "Gross Profit": 4,
        "Operating Income": -3,
        "EBIT": -2,
        "Net Income": -4
    },
    "2014-12-31": {
        "Diluted EPS": -0.35,
        "Total Revenue": 5,
        "Gross Profit": 4,
        "Operating Income": -3,
        "EBIT": -3,
        "Net Income": -6
    },
    "2014-09-30": {
        "Diluted EPS": -0.19,
        "Total Revenue": 5,
        "Gross Profit": 4,
        "Operating Income": -2,
        "EBIT": -2,
        "Net Income": -3
    },
    "2014-06-30": {
        "Diluted EPS": -0.21,
        "Total Revenue": 4,
        "Gross Profit": 3,
        "Operating Income": -2,
        "EBIT": -2,
        "Net Income": -4
    },
    "2014-03-31": {
        "Diluted EPS": -0.24,
        "Total Revenue": 3,
        "Gross Profit": 2,
        "Operating Income": -3,
        "EBIT": -3,
        "Net Income": -4
    },
    "2013-12-31": {
        "Diluted EPS": -0.21,
        "Total Revenue": 3,
        "Gross Profit": 2,
        "Operating Income": -3,
        "EBIT": -3,
        "Net Income": -4
    },
    "2013-09-30": {
        "Diluted EPS": -0.25,
        "Total Revenue": 3,
        "Gross Profit": 2,
        "Operating Income": -2,
        "EBIT": -2,
        "Net Income": -4
    },
    "2013-06-30": {
        "Diluted EPS": -0.31,
        "Total Revenue": 3,
        "Gross Profit": 2,
        "Operating Income": -2,
        "EBIT": -2,
        "Net Income": -3
    },
    "2013-03-31": {
        "Diluted EPS": -0.31,
        "Total Revenue": 2,
        "Gross Profit": 2,
        "Operating Income": -2,
        "EBIT": -2,
        "Net Income": -3
    },
    "2012-12-31": {
        "Diluted EPS": -0.37,
        "Total Revenue": 2,
        "Gross Profit": 2,
        "Operating Income": -2,
        "EBIT": -2,
        "Net Income": -4
    },
    "2012-09-30": {
        "Diluted EPS": -0.2,
        "Total Revenue": 2,
        "Gross Profit": 1,
        "Operating Income": -2,
        "EBIT": -2,
        "Net Income": -2
    },
    "2012-06-30": {
        "Diluted EPS": -0.09,
        "Total Revenue": 2,
        "Gross Profit": 2,
        "Operating Income": -2,
        "EBIT": -1,
        "Net Income": -1
    },
    "2012-03-31": {
        "Diluted EPS": -0.19,
        "Total Revenue": 2,
        "Gross Profit": 1,
        "Operating Income": -2,
        "EBIT": -2,
        "Net Income": -2
    },
    "2011-12-31": {
        "Diluted EPS": 3.69,
        "Total Revenue": 1,
        "Gross Profit": 1,
        "Operating Income": -2,
        "EBIT": -2,
        "Net Income": -2
    },
    "2011-09-30": {
        "Diluted EPS": -2.6,
        "Total Revenue": 1,
        "Gross Profit": 0,
        "Operating Income": -3,
        "EBIT": -2,
        "Net Income": -3
    },
    "2011-06-30": {
        "Diluted EPS": -1.65,
        "Total Revenue": 1,
        "Gross Profit": 1,
        "Operating Income": -1,
        "EBIT": -1,
        "Net Income": -2
    },
    "2011-03-31": {
        "Diluted EPS": -2.21,
        "Total Revenue": 1,
        "Gross Profit": 1,
        "Operating Income": -1,
        "EBIT": 0,
        "Net Income": -3
    },
    "2010-12-31": {
        "Diluted EPS": -7.19,
        "Total Revenue": 2,
        "Gross Profit": 1,
        "Operating Income": -3,
        "EBIT": -2,
        "Net Income": -5
    },
    "2010-09-30": {
        "Diluted EPS": -1.05,
        "Total Revenue": 1,
        "Gross Profit": 1,
        "Operating Income": -1,
        "EBIT": 0,
        "Net Income": -1
    },
    "2010-06-30": {
        "Diluted EPS": -0.05,
        "Total Revenue": 0,
        "Gross Profit": 0,
        "Operating Income": 0,
        "EBIT": 0,
        "Net Income": 0
    },
    "2010-03-31": {
        "Diluted EPS": -0.06,
        "Total Revenue": 0,
        "Gross Profit": 0,
        "Operating Income": 0,
        "EBIT": 0,
        "Net Income": 0
    },
    "2009-12-31": {
        "Diluted EPS": 3.52,
        "Total Revenue": 24,
        "Gross Profit": 24,
        "Operating Income": 16,
        "EBIT": 16,
        "Net Income": 15
    },
    "2009-09-30": {
        "Diluted EPS": -0.03,
        "Total Revenue": 0,
        "Gross Profit": 0,
        "Operating Income": 0,
        "EBIT": 0,
        "Net Income": 0
    },
    "2009-06-30": {
        "Diluted EPS": 0.03,
        "Total Revenue": 1,
        "Gross Profit": 1,
        "Operating Income": 0,
        "EBIT": 0,
        "Net Income": 0
    },
    "2009-03-31": {
        "Diluted EPS": -0.03,
        "Total Revenue": 0,
        "Gross Profit": 0,
        "Operating Income": 0,
        "EBIT": 0,
        "Net Income": 0
    },
    "2023-06-30": {
        "Tax Effect Of Unusual Items": 0.0,
        "Tax Rate For Calcs": 0.0,
        "Normalized EBITDA": -6131000.0,
        "Total Unusual Items": 667000.0,
        "Total Unusual Items Excluding Goodwill": 667000.0,
        "Net Income From Continuing Operation Net Minority Interest": -6660000.0,
        "Reconciled Depreciation": 1048000.0,
        "Reconciled Cost Of Revenue": 7228000.0,
        "EBITDA": -5464000.0,
        "EBIT": -6512000.0,
        "Net Interest Income": -148000.0,
        "Interest Expense": 148000.0,
        "Normalized Income": -7327000.0,
        "Net Income From Continuing And Discontinued Operation": -6660000.0,
        "Total Expenses": 45057000.0,
        "Total Operating Income As Reported": -6902000.0,
        "Diluted Average Shares": 42862384.0,
        "Basic Average Shares": 42862384.0,
        "Diluted EPS": -0.16,
        "Basic EPS": -0.16,
        "Diluted NI Availto Com Stockholders": -6660000.0,
        "Net Income Common Stockholders": -6660000.0,
        "Net Income": -6660000.0,
        "Net Income Including Noncontrolling Interests": -6660000.0,
        "Net Income Continuous Operations": -6660000.0,
        "Pretax Income": -6660000.0,
        "Other Income Expense": 390000.0,
        "Other Non Operating Income Expenses": -277000.0,
        "Gain On Sale Of Security": 667000.0,
        "Net Non Operating Interest Income Expense": -148000.0,
        "Interest Expense Non Operating": 148000.0,
        "Operating Income": -6902000.0,
        "Operating Expense": 37829000.0,
        "Research And Development": 7363000.0,
        "Selling General And Administration": 30466000.0,
        "Selling And Marketing Expense": 20838000.0,
        "General And Administrative Expense": 9628000.0,
        "Other Gand A": 9628000.0,
        "Gross Profit": 30927000.0,
        "Cost Of Revenue": 7228000.0,
        "Total Revenue": 38155000.0,
        "Operating Revenue": 38155000.0
    },
    "2023-09-30": {
        "Tax Effect Of Unusual Items": 0.0,
        "Tax Rate For Calcs": 0.0,
        "Normalized EBITDA": -2623000.0,
        "Total Unusual Items": 769000.0,
        "Total Unusual Items Excluding Goodwill": 769000.0,
        "Net Income From Continuing Operation Net Minority Interest": -4089000.0,
        "Reconciled Depreciation": 1408000.0,
        "Reconciled Cost Of Revenue": 8043000.0,
        "EBITDA": -1854000.0,
        "EBIT": -3262000.0,
        "Net Interest Income": -827000.0,
        "Interest Expense": 827000.0,
        "Normalized Income": -4858000.0,
        "Net Income From Continuing And Discontinued Operation": -4089000.0,
        "Total Expenses": 45296000.0,
        "Total Operating Income As Reported": -4025000.0,
        "Diluted Average Shares": 43022328.0,
        "Basic Average Shares": 43022328.0,
        "Diluted EPS": -0.1,
        "Basic EPS": -0.1,
        "Diluted NI Availto Com Stockholders": -4089000.0,
        "Net Income Common Stockholders": -4089000.0,
        "Net Income": -4089000.0,
        "Net Income Including Noncontrolling Interests": -4089000.0,
        "Net Income Continuous Operations": -4089000.0,
        "Pretax Income": -4089000.0,
        "Other Income Expense": 763000.0,
        "Other Non Operating Income Expenses": -6000.0,
        "Gain On Sale Of Security": 769000.0,
        "Net Non Operating Interest Income Expense": -827000.0,
        "Interest Expense Non Operating": 827000.0,
        "Operating Income": -4025000.0,
        "Operating Expense": 37253000.0,
        "Research And Development": 6989000.0,
        "Selling General And Administration": 30264000.0,
        "Selling And Marketing Expense": 21429000.0,
        "General And Administrative Expense": 8835000.0,
        "Other Gand A": 8835000.0,
        "Gross Profit": 33228000.0,
        "Cost Of Revenue": 8043000.0,
        "Total Revenue": 41271000.0,
        "Operating Revenue": 41271000.0
    },
    "2023-12-31": {
        "Tax Effect Of Unusual Items": 0.0,
        "Tax Rate For Calcs": 0.0,
        "Normalized EBITDA": -1415000.0,
        "Total Unusual Items": 1218000.0,
        "Total Unusual Items Excluding Goodwill": 1218000.0,
        "Net Income From Continuing Operation Net Minority Interest": -3893000.0,
        "Reconciled Depreciation": 1853000.0,
        "Reconciled Cost Of Revenue": 9158000.0,
        "EBITDA": -197000.0,
        "EBIT": -2050000.0,
        "Net Interest Income": -1843000.0,
        "Interest Expense": 1843000.0,
        "Normalized Income": -5111000.0,
        "Net Income From Continuing And Discontinued Operation": -3893000.0,
        "Total Expenses": 46116000.0,
        "Total Operating Income As Reported": -3194000.0,
        "Diluted Average Shares": NaN,
        "Basic Average Shares": NaN,
        "Diluted EPS": NaN,
        "Basic EPS": NaN,
        "Diluted NI Availto Com Stockholders": -3893000.0,
        "Net Income Common Stockholders": -3893000.0,
        "Net Income": -3893000.0,
        "Net Income Including Noncontrolling Interests": -3893000.0,
        "Net Income Continuous Operations": -3893000.0,
        "Pretax Income": -3893000.0,
        "Other Income Expense": 1144000.0,
        "Other Non Operating Income Expenses": -74000.0,
        "Gain On Sale Of Security": 1218000.0,
        "Net Non Operating Interest Income Expense": -1843000.0,
        "Interest Expense Non Operating": 1843000.0,
        "Operating Income": -3194000.0,
        "Operating Expense": 36958000.0,
        "Research And Development": 7301000.0,
        "Selling General And Administration": 29657000.0,
        "Selling And Marketing Expense": 22175000.0,
        "General And Administrative Expense": 7482000.0,
        "Other Gand A": 7482000.0,
        "Gross Profit": 33764000.0,
        "Cost Of Revenue": 9158000.0,
        "Total Revenue": 42922000.0,
        "Operating Revenue": 42922000.0
    },
    "2024-03-31": {
        "Tax Effect Of Unusual Items": 0.0,
        "Tax Rate For Calcs": 0.0,
        "Normalized EBITDA": -2770000.0,
        "Total Unusual Items": 358000.0,
        "Total Unusual Items Excluding Goodwill": 358000.0,
        "Net Income From Continuing Operation Net Minority Interest": -6635000.0,
        "Reconciled Depreciation": 1897000.0,
        "Reconciled Cost Of Revenue": 8758000.0,
        "EBITDA": -2412000.0,
        "EBIT": -4309000.0,
        "Net Interest Income": -2326000.0,
        "Interest Expense": 2326000.0,
        "Normalized Income": -6993000.0,
        "Net Income From Continuing And Discontinued Operation": -6635000.0,
        "Total Expenses": 45938000.0,
        "Total Operating Income As Reported": -4560000.0,
        "Diluted Average Shares": 43233149.0,
        "Basic Average Shares": 43233149.0,
        "Diluted EPS": -0.15,
        "Basic EPS": -0.15,
        "Diluted NI Availto Com Stockholders": -6635000.0,
        "Net Income Common Stockholders": -6635000.0,
        "Net Income": -6635000.0,
        "Net Income Including Noncontrolling Interests": -6635000.0,
        "Net Income Continuous Operations": -6635000.0,
        "Pretax Income": -6635000.0,
        "Other Income Expense": 251000.0,
        "Other Non Operating Income Expenses": -107000.0,
        "Gain On Sale Of Security": 358000.0,
        "Net Non Operating Interest Income Expense": -2326000.0,
        "Interest Expense Non Operating": 2326000.0,
        "Operating Income": -4560000.0,
        "Operating Expense": 37180000.0,
        "Research And Development": 7409000.0,
        "Selling General And Administration": 29771000.0,
        "Selling And Marketing Expense": 19815000.0,
        "General And Administrative Expense": 9956000.0,
        "Other Gand A": 9956000.0,
        "Gross Profit": 32620000.0,
        "Cost Of Revenue": 8758000.0,
        "Total Revenue": 41378000.0,
        "Operating Revenue": 41378000.0
    }
}