{
    "2023-03-31": {
        "Tax Effect Of Unusual Items": 0.0,
        "Tax Rate For Calcs": 0.0,
        "Normalized EBITDA": 175400000.0,
        "Total Unusual Items": -5100000.0,
        "Total Unusual Items Excluding Goodwill": -5100000.0,
        "Net Income From Continuing Operation Net Minority Interest": -5100000.0,
        "Reconciled Depreciation": 124900000.0,
        "Reconciled Cost Of Revenue": 1229800000.0,
        "EBITDA": 170300000.0,
        "EBIT": 45400000.0,
        "Net Interest Income": -44600000.0,
        "Interest Expense": 50500000.0,
        "Interest Income": 5900000.0,
        "Normalized Income": 0.0,
        "Net Income From Continuing And Discontinued Operation": -5100000.0,
        "Total Expenses": 1453000000.0,
        "Total Operating Income As Reported": 36100000.0,
        "Diluted Average Shares": 115200000.0,
        "Basic Average Shares": 115200000.0,
        "Diluted EPS": -0.04,
        "Basic EPS": -0.04,
        "Diluted NI Availto Com Stockholders": -5100000.0,
        "Net Income Common Stockholders": -5100000.0,
        "Otherunder Preferred Stock Dividend": 0.0,
        "Net Income": -5100000.0,
        "Net Income Including Noncontrolling Interests": -5100000.0,
        "Net Income Continuous Operations": -5100000.0,
        "Tax Provision": 0.0,
        "Pretax Income": -5100000.0,
        "Other Income Expense": -1400000.0,
        "Other Non Operating Income Expenses": 3700000.0,
        "Special Income Charges": -4800000.0,
        "Gain On Sale Of Business": NaN,
        "Other Special Charges": NaN,
        "Restructuring And Mergern Acquisition": 4800000.0,
        "Gain On Sale Of Security": -300000.0,
        "Net Non Operating Interest Income Expense": -44600000.0,
        "Interest Expense Non Operating": 50500000.0,
        "Interest Income Non Operating": 5900000.0,
        "Operating Income": 40900000.0,
        "Operating Expense": 119700000.0,
        "Depreciation Amortization Depletion Income Statement": 21400000.0,
        "Depreciation And Amortization In Income Statement": 21400000.0,
        "Amortization": 21400000.0,
        "Amortization Of Intangibles Income Statement": 21400000.0,
        "Selling General And Administration": 98300000.0,
        "Gross Profit": 160600000.0,
        "Cost Of Revenue": 1333300000.0,
        "Total Revenue": 1493900000.0,
        "Operating Revenue": 1493900000.0
    },
    "2022-12-31": {
        "Tax Effect Of Unusual Items": NaN,
        "Tax Rate For Calcs": NaN,
        "Normalized EBITDA": NaN,
        "Total Unusual Items": NaN,
        "Total Unusual Items Excluding Goodwill": NaN,
        "Net Income From Continuing Operation Net Minority Interest": NaN,
        "Reconciled Depreciation": NaN,
        "Reconciled Cost Of Revenue": NaN,
        "EBITDA": NaN,
        "EBIT": NaN,
        "Net Interest Income": NaN,
        "Interest Expense": NaN,
        "Interest Income": NaN,
        "Normalized Income": NaN,
        "Net Income From Continuing And Discontinued Operation": NaN,
        "Total Expenses": NaN,
        "Total Operating Income As Reported": NaN,
        "Diluted Average Shares": NaN,
        "Basic Average Shares": NaN,
        "Diluted EPS": NaN,
        "Basic EPS": NaN,
        "Diluted NI Availto Com Stockholders": NaN,
        "Net Income Common Stockholders": NaN,
        "Otherunder Preferred Stock Dividend": NaN,
        "Net Income": NaN,
        "Net Income Including Noncontrolling Interests": NaN,
        "Net Income Continuous Operations": NaN,
        "Tax Provision": NaN,
        "Pretax Income": NaN,
        "Other Income Expense": NaN,
        "Other Non Operating Income Expenses": 2600000.0,
        "Special Income Charges": NaN,
        "Gain On Sale Of Business": 0.0,
        "Other Special Charges": 400000.0,
        "Restructuring And Mergern Acquisition": 3200000.0,
        "Gain On Sale Of Security": NaN,
        "Net Non Operating Interest Income Expense": NaN,
        "Interest Expense Non Operating": NaN,
        "Interest Income Non Operating": NaN,
        "Operating Income": NaN,
        "Operating Expense": NaN,
        "Depreciation Amortization Depletion Income Statement": NaN,
        "Depreciation And Amortization In Income Statement": NaN,
        "Amortization": NaN,
        "Amortization Of Intangibles Income Statement": NaN,
        "Selling General And Administration": NaN,
        "Gross Profit": NaN,
        "Cost Of Revenue": NaN,
        "Total Revenue": NaN,
        "Operating Revenue": NaN
    },
    "2022-09-30": {
        "Tax Effect Of Unusual Items": NaN,
        "Tax Rate For Calcs": NaN,
        "Normalized EBITDA": NaN,
        "Total Unusual Items": NaN,
        "Total Unusual Items Excluding Goodwill": NaN,
        "Net Income From Continuing Operation Net Minority Interest": NaN,
        "Reconciled Depreciation": NaN,
        "Reconciled Cost Of Revenue": NaN,
        "EBITDA": NaN,
        "EBIT": NaN,
        "Net Interest Income": NaN,
        "Interest Expense": NaN,
        "Interest Income": NaN,
        "Normalized Income": NaN,
        "Net Income From Continuing And Discontinued Operation": NaN,
        "Total Expenses": NaN,
        "Total Operating Income As Reported": NaN,
        "Diluted Average Shares": NaN,
        "Basic Average Shares": NaN,
        "Diluted EPS": NaN,
        "Basic EPS": NaN,
        "Diluted NI Availto Com Stockholders": NaN,
        "Net Income Common Stockholders": NaN,
        "Otherunder Preferred Stock Dividend": NaN,
        "Net Income": NaN,
        "Net Income Including Noncontrolling Interests": NaN,
        "Net Income Continuous Operations": NaN,
        "Tax Provision": NaN,
        "Pretax Income": NaN,
        "Other Income Expense": NaN,
        "Other Non Operating Income Expenses": NaN,
        "Special Income Charges": NaN,
        "Gain On Sale Of Business": 0.0,
        "Other Special Charges": 200000.0,
        "Restructuring And Mergern Acquisition": NaN,
        "Gain On Sale Of Security": NaN,
        "Net Non Operating Interest Income Expense": NaN,
        "Interest Expense Non Operating": NaN,
        "Interest Income Non Operating": NaN,
        "Operating Income": NaN,
        "Operating Expense": NaN,
        "Depreciation Amortization Depletion Income Statement": NaN,
        "Depreciation And Amortization In Income Statement": NaN,
        "Amortization": NaN,
        "Amortization Of Intangibles Income Statement": NaN,
        "Selling General And Administration": NaN,
        "Gross Profit": NaN,
        "Cost Of Revenue": NaN,
        "Total Revenue": NaN,
        "Operating Revenue": NaN
    },
    "2022-06-30": {
        "Tax Effect Of Unusual Items": -49400.0,
        "Tax Rate For Calcs": 0.026,
        "Normalized EBITDA": 190000000.0,
        "Total Unusual Items": -1900000.0,
        "Total Unusual Items Excluding Goodwill": -1900000.0,
        "Net Income From Continuing Operation Net Minority Interest": 22900000.0,
        "Reconciled Depreciation": 121900000.0,
        "Reconciled Cost Of Revenue": 1164300000.0,
        "EBITDA": 188100000.0,
        "EBIT": 66200000.0,
        "Net Interest Income": -39500000.0,
        "Interest Expense": 42700000.0,
        "Interest Income": 3200000.0,
        "Normalized Income": 24750600.0,
        "Net Income From Continuing And Discontinued Operation": 22900000.0,
        "Total Expenses": 1371000000.0,
        "Total Operating Income As Reported": 57700000.0,
        "Diluted Average Shares": 115300000.0,
        "Basic Average Shares": 114500000.0,
        "Diluted EPS": 0.19,
        "Basic EPS": 0.19,
        "Diluted NI Availto Com Stockholders": 21900000.0,
        "Net Income Common Stockholders": 21900000.0,
        "Otherunder Preferred Stock Dividend": 1000000.0,
        "Net Income": 22900000.0,
        "Net Income Including Noncontrolling Interests": 22900000.0,
        "Net Income Continuous Operations": 22900000.0,
        "Tax Provision": 600000.0,
        "Pretax Income": 23500000.0,
        "Other Income Expense": -4300000.0,
        "Other Non Operating Income Expenses": -2400000.0,
        "Special Income Charges": 1800000.0,
        "Gain On Sale Of Business": 0.0,
        "Other Special Charges": 200000.0,
        "Restructuring And Mergern Acquisition": -2000000.0,
        "Gain On Sale Of Security": -3700000.0,
        "Net Non Operating Interest Income Expense": -39500000.0,
        "Interest Expense Non Operating": 42700000.0,
        "Interest Income Non Operating": 3200000.0,
        "Operating Income": 67300000.0,
        "Operating Expense": 106200000.0,
        "Depreciation Amortization Depletion Income Statement": 21400000.0,
        "Depreciation And Amortization In Income Statement": 21400000.0,
        "Amortization": 21400000.0,
        "Amortization Of Intangibles Income Statement": 21400000.0,
        "Selling General And Administration": 84800000.0,
        "Gross Profit": 173500000.0,
        "Cost Of Revenue": 1264800000.0,
        "Total Revenue": 1438300000.0,
        "Operating Revenue": 1438300000.0
    },
    "2022-03-31": {
        "Diluted EPS": 0.01,
        "Total Revenue": NaN,
        "Gross Profit": 187,
        "Operating Income": 70,
        "EBIT": 191,
        "Net Income": 1
    },
    "2021-12-31": {
        "Diluted EPS": -0.39,
        "Total Revenue": NaN,
        "Gross Profit": 140,
        "Operating Income": 32,
        "EBIT": 156,
        "Net Income": -44
    },
    "2021-09-30": {
        "Diluted EPS": -0.02,
        "Total Revenue": NaN,
        "Gross Profit": 166,
        "Operating Income": 46,
        "EBIT": 182,
        "Net Income": -2
    },
    "2021-06-30": {
        "Diluted EPS": 0.13,
        "Total Revenue": NaN,
        "Gross Profit": 190,
        "Operating Income": 66,
        "EBIT": 210,
        "Net Income": 15
    },
    "2021-03-31": {
        "Diluted EPS": 0.33,
        "Total Revenue": NaN,
        "Gross Profit": 227,
        "Operating Income": 96,
        "EBIT": 238,
        "Net Income": 37
    },
    "2020-12-31": {
        "Diluted EPS": 0.38,
        "Total Revenue": NaN,
        "Gross Profit": 237,
        "Operating Income": 103,
        "EBIT": 231,
        "Net Income": 41
    },
    "2020-09-30": {
        "Diluted EPS": 0.99,
        "Total Revenue": NaN,
        "Gross Profit": 250,
        "Operating Income": 152,
        "EBIT": 277,
        "Net Income": 112
    },
    "2020-06-30": {
        "Diluted EPS": -1.88,
        "Total Revenue": 515,
        "Gross Profit": -99,
        "Operating Income": -206,
        "EBIT": -67,
        "Net Income": -213
    },
    "2020-03-31": {
        "Diluted EPS": -4.45,
        "Total Revenue": NaN,
        "Gross Profit": 195,
        "Operating Income": -445,
        "EBIT": -316,
        "Net Income": -501
    },
    "2019-12-31": {
        "Diluted EPS": -4.02,
        "Total Revenue": NaN,
        "Gross Profit": 183,
        "Operating Income": -412,
        "EBIT": -286,
        "Net Income": -453
    },
    "2019-09-30": {
        "Diluted EPS": -1.1,
        "Total Revenue": NaN,
        "Gross Profit": 249,
        "Operating Income": -104,
        "EBIT": 30,
        "Net Income": -124
    },
    "2019-06-30": {
        "Diluted EPS": 0.45,
        "Total Revenue": NaN,
        "Gross Profit": 248,
        "Operating Income": 120,
        "EBIT": 256,
        "Net Income": 53
    },
    "2019-03-31": {
        "Diluted EPS": 0.36,
        "Total Revenue": NaN,
        "Gross Profit": 222,
        "Operating Income": 94,
        "EBIT": 235,
        "Net Income": 40
    },
    "2018-12-31": {
        "Diluted EPS": -3.14,
        "Total Revenue": NaN,
        "Gross Profit": 225,
        "Operating Income": -394,
        "EBIT": -256,
        "Net Income": -353
    },
    "2018-09-30": {
        "Diluted EPS": 0.55,
        "Total Revenue": NaN,
        "Gross Profit": 267,
        "Operating Income": 135,
        "EBIT": 268,
        "Net Income": 62
    },
    "2018-06-30": {
        "Diluted EPS": 1.3,
        "Total Revenue": NaN,
        "Gross Profit": 331,
        "Operating Income": 190,
        "EBIT": 321,
        "Net Income": 146
    },
    "2018-03-31": {
        "Diluted EPS": 0.78,
        "Total Revenue": NaN,
        "Gross Profit": 316,
        "Operating Income": 176,
        "EBIT": 304,
        "Net Income": 87
    },
    "2017-12-31": {
        "Diluted EPS": 0.88,
        "Total Revenue": NaN,
        "Gross Profit": 294,
        "Operating Income": 149,
        "EBIT": 274,
        "Net Income": 112
    },
    "2017-09-30": {
        "Diluted EPS": 0.75,
        "Total Revenue": NaN,
        "Gross Profit": 298,
        "Operating Income": 148,
        "EBIT": 271,
        "Net Income": 84
    },
    "2017-06-30": {
        "Diluted EPS": 0.59,
        "Total Revenue": NaN,
        "Gross Profit": 316,
        "Operating Income": 134,
        "EBIT": 259,
        "Net Income": 65
    },
    "2017-03-31": {
        "Diluted EPS": 0.99,
        "Total Revenue": NaN,
        "Gross Profit": 211,
        "Operating Income": 112,
        "EBIT": 168,
        "Net Income": 77
    },
    "2016-12-31": {
        "Diluted EPS": 0.6,
        "Total Revenue": 947,
        "Gross Profit": 180,
        "Operating Income": 70,
        "EBIT": 121,
        "Net Income": 45
    },
    "2016-09-30": {
        "Diluted EPS": 0.78,
        "Total Revenue": NaN,
        "Gross Profit": 181,
        "Operating Income": 101,
        "EBIT": 151,
        "Net Income": 62
    },
    "2016-06-30": {
        "Diluted EPS": 0.9,
        "Total Revenue": NaN,
        "Gross Profit": 191,
        "Operating Income": 112,
        "EBIT": 162,
        "Net Income": 69
    },
    "2016-03-31": {
        "Diluted EPS": 0.78,
        "Total Revenue": 969,
        "Gross Profit": 174,
        "Operating Income": 98,
        "EBIT": 148,
        "Net Income": 60
    },
    "2015-12-31": {
        "Diluted EPS": 0.81,
        "Total Revenue": 958,
        "Gross Profit": 160,
        "Operating Income": 87,
        "EBIT": 136,
        "Net Income": 60
    },
    "2015-09-30": {
        "Diluted EPS": 0.78,
        "Total Revenue": 972,
        "Gross Profit": 158,
        "Operating Income": 93,
        "EBIT": 142,
        "Net Income": 60
    },
    "2015-06-30": {
        "Diluted EPS": 0.75,
        "Total Revenue": NaN,
        "Gross Profit": 165,
        "Operating Income": 94,
        "EBIT": 145,
        "Net Income": 57
    },
    "2015-03-31": {
        "Diluted EPS": 0.68,
        "Total Revenue": 969,
        "Gross Profit": 153,
        "Operating Income": 84,
        "EBIT": 134,
        "Net Income": 53
    },
    "2014-12-31": {
        "Diluted EPS": 0.17,
        "Total Revenue": 940,
        "Gross Profit": 111,
        "Operating Income": 39,
        "EBIT": 92,
        "Net Income": 12
    },
    "2014-09-30": {
        "Diluted EPS": 0.57,
        "Total Revenue": 951,
        "Gross Profit": 141,
        "Operating Income": 77,
        "EBIT": 128,
        "Net Income": 43
    },
    "2014-06-30": {
        "Diluted EPS": 0.67,
        "Total Revenue": 947,
        "Gross Profit": 149,
        "Operating Income": 88,
        "EBIT": 136,
        "Net Income": 51
    },
    "2014-03-31": {
        "Diluted EPS": 0.44,
        "Total Revenue": 859,
        "Gross Profit": 122,
        "Operating Income": 65,
        "EBIT": 112,
        "Net Income": 34
    },
    "2013-12-31": {
        "Diluted EPS": 0.38,
        "Total Revenue": 831,
        "Gross Profit": 127,
        "Operating Income": 66,
        "EBIT": 114,
        "Net Income": 28
    },
    "2013-09-30": {
        "Diluted EPS": 0.41,
        "Total Revenue": 821,
        "Gross Profit": 125,
        "Operating Income": 68,
        "EBIT": 113,
        "Net Income": 32
    },
    "2013-06-30": {
        "Diluted EPS": 0.34,
        "Total Revenue": 800,
        "Gross Profit": 122,
        "Operating Income": 62,
        "EBIT": 104,
        "Net Income": 26
    },
    "2013-03-31": {
        "Diluted EPS": 0.1,
        "Total Revenue": 756,
        "Gross Profit": 104,
        "Operating Income": 45,
        "EBIT": 86,
        "Net Income": 7
    },
    "2012-12-31": {
        "Diluted EPS": 4.24,
        "Total Revenue": 737,
        "Gross Profit": 84,
        "Operating Income": 19,
        "EBIT": 58,
        "Net Income": 320
    },
    "2012-09-30": {
        "Diluted EPS": -0.11,
        "Total Revenue": 703,
        "Gross Profit": 91,
        "Operating Income": 30,
        "EBIT": 69,
        "Net Income": -8
    },
    "2012-06-30": {
        "Diluted EPS": 0.06,
        "Total Revenue": 740,
        "Gross Profit": 86,
        "Operating Income": 30,
        "EBIT": 67,
        "Net Income": 5
    },
    "2012-03-31": {
        "Diluted EPS": 0.68,
        "Total Revenue": 752,
        "Gross Profit": 139,
        "Operating Income": 77,
        "EBIT": 114,
        "Net Income": 51
    },
    "2011-12-31": {
        "Diluted EPS": 0.41,
        "Total Revenue": 606,
        "Gross Profit": 106,
        "Operating Income": 49,
        "EBIT": 84,
        "Net Income": 31
    },
    "2011-09-30": {
        "Diluted EPS": 0.33,
        "Total Revenue": 648,
        "Gross Profit": 104,
        "Operating Income": 45,
        "EBIT": 80,
        "Net Income": 25
    },
    "2011-06-30": {
        "Diluted EPS": 0.65,
        "Total Revenue": 686,
        "Gross Profit": 131,
        "Operating Income": 72,
        "EBIT": 107,
        "Net Income": 49
    },
    "2011-03-31": {
        "Diluted EPS": 0.5,
        "Total Revenue": 646,
        "Gross Profit": 115,
        "Operating Income": 59,
        "EBIT": 93,
        "Net Income": 38
    },
    "2010-12-31": {
        "Diluted EPS": 0.47,
        "Total Revenue": 583,
        "Gross Profit": 102,
        "Operating Income": 51,
        "EBIT": 85,
        "Net Income": 35
    },
    "2010-09-30": {
        "Diluted EPS": 0.52,
        "Total Revenue": 618,
        "Gross Profit": 114,
        "Operating Income": 61,
        "EBIT": 94,
        "Net Income": 39
    },
    "2010-06-30": {
        "Diluted EPS": 0.34,
        "Total Revenue": 560,
        "Gross Profit": 99,
        "Operating Income": 50,
        "EBIT": 83,
        "Net Income": 25
    },
    "2010-03-31": {
        "Diluted EPS": 0.22,
        "Total Revenue": 522,
        "Gross Profit": 87,
        "Operating Income": 42,
        "EBIT": 74,
        "Net Income": 16
    },
    "2009-12-31": {
        "Diluted EPS": 0.63,
        "Total Revenue": 464,
        "Gross Profit": 68,
        "Operating Income": 29,
        "EBIT": 61,
        "Net Income": 49
    },
    "2009-09-30": {
        "Diluted EPS": 0.35,
        "Total Revenue": 410,
        "Gross Profit": 89,
        "Operating Income": 45,
        "EBIT": 75,
        "Net Income": 20
    },
    "2009-06-30": {
        "Diluted EPS": -5.2,
        "Total Revenue": 246,
        "Gross Profit": -215,
        "Operating Income": -261,
        "EBIT": -224,
        "Net Income": -289
    },
    "2009-03-31": {
        "Diluted EPS": -0.59,
        "Total Revenue": 402,
        "Gross Profit": 27,
        "Operating Income": -17,
        "EBIT": 19,
        "Net Income": -33
    },
    "2023-06-30": {
        "Tax Effect Of Unusual Items": -3024800.0,
        "Tax Rate For Calcs": 0.398,
        "Normalized EBITDA": 191600000.0,
        "Total Unusual Items": -7600000.0,
        "Total Unusual Items Excluding Goodwill": -7600000.0,
        "Net Income From Continuing Operation Net Minority Interest": 8000000.0,
        "Reconciled Depreciation": 120500000.0,
        "Reconciled Cost Of Revenue": 1293400000.0,
        "EBITDA": 184000000.0,
        "EBIT": 63500000.0,
        "Net Interest Income": -44300000.0,
        "Interest Expense": 50200000.0,
        "Interest Income": 5900000.0,
        "Normalized Income": 12575200.0,
        "Net Income From Continuing And Discontinued Operation": 8000000.0,
        "Total Expenses": 1505000000.0,
        "Total Operating Income As Reported": 57800000.0,
        "Diluted Average Shares": 117200000.0,
        "Basic Average Shares": 117000000.0,
        "Diluted EPS": 0.07,
        "Basic EPS": 0.07,
        "Diluted NI Availto Com Stockholders": 7900000.0,
        "Net Income Common Stockholders": 7900000.0,
        "Otherunder Preferred Stock Dividend": 100000.0,
        "Net Income": 8000000.0,
        "Net Income Including Noncontrolling Interests": 8000000.0,
        "Net Income Continuous Operations": 8000000.0,
        "Tax Provision": 5300000.0,
        "Pretax Income": 13300000.0,
        "Other Income Expense": -8100000.0,
        "Other Non Operating Income Expenses": -500000.0,
        "Special Income Charges": -7900000.0,
        "Gain On Sale Of Business": NaN,
        "Other Special Charges": NaN,
        "Restructuring And Mergern Acquisition": 7900000.0,
        "Gain On Sale Of Security": 300000.0,
        "Net Non Operating Interest Income Expense": -44300000.0,
        "Interest Expense Non Operating": 50200000.0,
        "Interest Income Non Operating": 5900000.0,
        "Operating Income": 65700000.0,
        "Operating Expense": 112500000.0,
        "Depreciation Amortization Depletion Income Statement": 21400000.0,
        "Depreciation And Amortization In Income Statement": 21400000.0,
        "Amortization": 21400000.0,
        "Amortization Of Intangibles Income Statement": 21400000.0,
        "Selling General And Administration": 91100000.0,
        "Gross Profit": 178200000.0,
        "Cost Of Revenue": 1392500000.0,
        "Total Revenue": 1570700000.0,
        "Operating Revenue": 1570700000.0
    },
    "2023-09-30": {
        "Tax Effect Of Unusual Items": -515000.0,
        "Tax Rate For Calcs": 0.103,
        "Normalized EBITDA": 156800000.0,
        "Total Unusual Items": -5000000.0,
        "Total Unusual Items Excluding Goodwill": -5000000.0,
        "Net Income From Continuing Operation Net Minority Interest": -17400000.0,
        "Reconciled Depreciation": 120400000.0,
        "Reconciled Cost Of Revenue": 1322300000.0,
        "EBITDA": 151800000.0,
        "EBIT": 31400000.0,
        "Net Interest Income": -43700000.0,
        "Interest Expense": 50800000.0,
        "Interest Income": 7100000.0,
        "Normalized Income": -12915000.0,
        "Net Income From Continuing And Discontinued Operation": -17400000.0,
        "Total Expenses": 1524500000.0,
        "Total Operating Income As Reported": 23900000.0,
        "Diluted Average Shares": 117100000.0,
        "Basic Average Shares": 117100000.0,
        "Diluted EPS": -0.15,
        "Basic EPS": -0.15,
        "Diluted NI Availto Com Stockholders": -17400000.0,
        "Net Income Common Stockholders": -17400000.0,
        "Otherunder Preferred Stock Dividend": 0.0,
        "Net Income": -17400000.0,
        "Net Income Including Noncontrolling Interests": -17400000.0,
        "Net Income Continuous Operations": -17400000.0,
        "Tax Provision": -2000000.0,
        "Pretax Income": -19400000.0,
        "Other Income Expense": -3100000.0,
        "Other Non Operating Income Expenses": 1900000.0,
        "Special Income Charges": -3800000.0,
        "Gain On Sale Of Business": NaN,
        "Other Special Charges": 300000.0,
        "Restructuring And Mergern Acquisition": 3500000.0,
        "Gain On Sale Of Security": -1200000.0,
        "Net Non Operating Interest Income Expense": -43700000.0,
        "Interest Expense Non Operating": 50800000.0,
        "Interest Income Non Operating": 7100000.0,
        "Operating Income": 27400000.0,
        "Operating Expense": 103200000.0,
        "Depreciation Amortization Depletion Income Statement": 21400000.0,
        "Depreciation And Amortization In Income Statement": 21400000.0,
        "Amortization": 21400000.0,
        "Amortization Of Intangibles Income Statement": 21400000.0,
        "Selling General And Administration": 81800000.0,
        "Gross Profit": 130600000.0,
        "Cost Of Revenue": 1421300000.0,
        "Total Revenue": 1551900000.0,
        "Operating Revenue": 1551900000.0
    },
    "2023-12-31": {
        "Tax Effect Of Unusual Items": -2352000.0,
        "Tax Rate For Calcs": 0.21,
        "Normalized EBITDA": 169500000.0,
        "Total Unusual Items": -11200000.0,
        "Total Unusual Items Excluding Goodwill": -11200000.0,
        "Net Income From Continuing Operation Net Minority Interest": -19100000.0,
        "Reconciled Depreciation": 121400000.0,
        "Reconciled Cost Of Revenue": 1208100000.0,
        "EBITDA": 158300000.0,
        "EBIT": 36900000.0,
        "Net Interest Income": -42900000.0,
        "Interest Expense": 50200000.0,
        "Interest Income": 7300000.0,
        "Normalized Income": -10252000.0,
        "Net Income From Continuing And Discontinued Operation": -19100000.0,
        "Total Expenses": 1425200000.0,
        "Total Operating Income As Reported": 28800000.0,
        "Diluted Average Shares": 117100000.0,
        "Basic Average Shares": 117100000.0,
        "Diluted EPS": -0.163108,
        "Basic EPS": -0.163108,
        "Diluted NI Availto Com Stockholders": -19100000.0,
        "Net Income Common Stockholders": -19100000.0,
        "Otherunder Preferred Stock Dividend": 0.0,
        "Net Income": -19100000.0,
        "Net Income Including Noncontrolling Interests": -19100000.0,
        "Net Income Continuous Operations": -19100000.0,
        "Tax Provision": 5800000.0,
        "Pretax Income": -13300000.0,
        "Other Income Expense": -8200000.0,
        "Other Non Operating Income Expenses": 3000000.0,
        "Special Income Charges": -11300000.0,
        "Gain On Sale Of Business": NaN,
        "Other Special Charges": 1000000.0,
        "Restructuring And Mergern Acquisition": 10300000.0,
        "Gain On Sale Of Security": 100000.0,
        "Net Non Operating Interest Income Expense": -42900000.0,
        "Interest Expense Non Operating": 50200000.0,
        "Interest Income Non Operating": 7300000.0,
        "Operating Income": 37800000.0,
        "Operating Expense": 117100000.0,
        "Depreciation Amortization Depletion Income Statement": 21400000.0,
        "Depreciation And Amortization In Income Statement": 21400000.0,
        "Amortization": 21400000.0,
        "Amortization Of Intangibles Income Statement": 21400000.0,
        "Selling General And Administration": 95700000.0,
        "Gross Profit": 154900000.0,
        "Cost Of Revenue": 1308100000.0,
        "Total Revenue": 1463000000.0,
        "Operating Revenue": 1463000000.0
    },
    "2024-03-31": {
        "Tax Effect Of Unusual Items": -960000.0,
        "Tax Rate For Calcs": 0.4,
        "Normalized EBITDA": 205600000.0,
        "Total Unusual Items": -2400000.0,
        "Total Unusual Items Excluding Goodwill": -2400000.0,
        "Net Income From Continuing Operation Net Minority Interest": 20500000.0,
        "Reconciled Depreciation": 117800000.0,
        "Reconciled Cost Of Revenue": 1311300000.0,
        "EBITDA": 203200000.0,
        "EBIT": 85400000.0,
        "Net Interest Income": -40700000.0,
        "Interest Expense": 49000000.0,
        "Interest Income": 8300000.0,
        "Normalized Income": 21940000.0,
        "Net Income From Continuing And Discontinued Operation": 20500000.0,
        "Total Expenses": 1527400000.0,
        "Total Operating Income As Reported": 77000000.0,
        "Diluted Average Shares": 117300000.0,
        "Basic Average Shares": 117200000.0,
        "Diluted EPS": 0.17,
        "Basic EPS": 0.17,
        "Diluted NI Availto Com Stockholders": 19900000.0,
        "Net Income Common Stockholders": 19900000.0,
        "Otherunder Preferred Stock Dividend": 600000.0,
        "Net Income": 20500000.0,
        "Net Income Including Noncontrolling Interests": 20500000.0,
        "Net Income Continuous Operations": 20500000.0,
        "Tax Provision": 15900000.0,
        "Pretax Income": 36400000.0,
        "Other Income Expense": -2400000.0,
        "Other Non Operating Income Expenses": NaN,
        "Special Income Charges": -2500000.0,
        "Gain On Sale Of Business": NaN,
        "Other Special Charges": NaN,
        "Restructuring And Mergern Acquisition": NaN,
        "Gain On Sale Of Security": 100000.0,
        "Net Non Operating Interest Income Expense": -40700000.0,
        "Interest Expense Non Operating": 49000000.0,
        "Interest Income Non Operating": 8300000.0,
        "Operating Income": 79500000.0,
        "Operating Expense": 119000000.0,
        "Depreciation Amortization Depletion Income Statement": 20700000.0,
        "Depreciation And Amortization In Income Statement": 20700000.0,
        "Amortization": 20700000.0,
        "Amortization Of Intangibles Income Statement": 20700000.0,
        "Selling General And Administration": 98300000.0,
        "Gross Profit": 198500000.0,
        "Cost Of Revenue": 1408400000.0,
        "Total Revenue": 1606900000.0,
        "Operating Revenue": 1606900000.0
    }
}