{
    "2023-06-30": {
        "Tax Effect Of Unusual Items": NaN,
        "Tax Rate For Calcs": NaN,
        "Normalized EBITDA": NaN,
        "Total Unusual Items": NaN,
        "Total Unusual Items Excluding Goodwill": NaN,
        "Net Income From Continuing Operation Net Minority Interest": NaN,
        "Reconciled Depreciation": NaN,
        "Reconciled Cost Of Revenue": NaN,
        "EBITDA": NaN,
        "EBIT": NaN,
        "Net Interest Income": NaN,
        "Interest Expense": NaN,
        "Interest Income": NaN,
        "Normalized Income": NaN,
        "Net Income From Continuing And Discontinued Operation": NaN,
        "Total Expenses": NaN,
        "Total Operating Income As Reported": NaN,
        "Diluted Average Shares": NaN,
        "Basic Average Shares": NaN,
        "Diluted EPS": NaN,
        "Basic EPS": NaN,
        "Diluted NI Availto Com Stockholders": NaN,
        "Net Income Common Stockholders": NaN,
        "Net Income": NaN,
        "Net Income Including Noncontrolling Interests": NaN,
        "Net Income Continuous Operations": NaN,
        "Tax Provision": NaN,
        "Pretax Income": NaN,
        "Other Income Expense": -16049000.0,
        "Special Income Charges": NaN,
        "Other Special Charges": 15447000.0,
        "Restructuring And Mergern Acquisition": NaN,
        "Net Non Operating Interest Income Expense": NaN,
        "Interest Expense Non Operating": NaN,
        "Interest Income Non Operating": NaN,
        "Operating Income": NaN,
        "Operating Expense": NaN,
        "Depreciation Amortization Depletion Income Statement": NaN,
        "Depreciation And Amortization In Income Statement": NaN,
        "Amortization": NaN,
        "Amortization Of Intangibles Income Statement": NaN,
        "Research And Development": NaN,
        "Selling General And Administration": NaN,
        "Selling And Marketing Expense": NaN,
        "General And Administrative Expense": NaN,
        "Other Gand A": NaN,
        "Gross Profit": NaN,
        "Cost Of Revenue": NaN,
        "Total Revenue": NaN,
        "Operating Revenue": NaN
    },
    "2023-03-31": {
        "Tax Effect Of Unusual Items": NaN,
        "Tax Rate For Calcs": NaN,
        "Normalized EBITDA": NaN,
        "Total Unusual Items": NaN,
        "Total Unusual Items Excluding Goodwill": NaN,
        "Net Income From Continuing Operation Net Minority Interest": NaN,
        "Reconciled Depreciation": NaN,
        "Reconciled Cost Of Revenue": NaN,
        "EBITDA": NaN,
        "EBIT": NaN,
        "Net Interest Income": NaN,
        "Interest Expense": NaN,
        "Interest Income": NaN,
        "Normalized Income": NaN,
        "Net Income From Continuing And Discontinued Operation": NaN,
        "Total Expenses": NaN,
        "Total Operating Income As Reported": NaN,
        "Diluted Average Shares": NaN,
        "Basic Average Shares": NaN,
        "Diluted EPS": NaN,
        "Basic EPS": NaN,
        "Diluted NI Availto Com Stockholders": NaN,
        "Net Income Common Stockholders": NaN,
        "Net Income": NaN,
        "Net Income Including Noncontrolling Interests": NaN,
        "Net Income Continuous Operations": NaN,
        "Tax Provision": NaN,
        "Pretax Income": NaN,
        "Other Income Expense": -1766000.0,
        "Special Income Charges": NaN,
        "Other Special Charges": NaN,
        "Restructuring And Mergern Acquisition": NaN,
        "Net Non Operating Interest Income Expense": NaN,
        "Interest Expense Non Operating": NaN,
        "Interest Income Non Operating": NaN,
        "Operating Income": NaN,
        "Operating Expense": NaN,
        "Depreciation Amortization Depletion Income Statement": NaN,
        "Depreciation And Amortization In Income Statement": NaN,
        "Amortization": NaN,
        "Amortization Of Intangibles Income Statement": NaN,
        "Research And Development": NaN,
        "Selling General And Administration": NaN,
        "Selling And Marketing Expense": NaN,
        "General And Administrative Expense": NaN,
        "Other Gand A": NaN,
        "Gross Profit": NaN,
        "Cost Of Revenue": NaN,
        "Total Revenue": NaN,
        "Operating Revenue": NaN
    },
    "2022-12-31": {
        "Tax Effect Of Unusual Items": NaN,
        "Tax Rate For Calcs": NaN,
        "Normalized EBITDA": NaN,
        "Total Unusual Items": NaN,
        "Total Unusual Items Excluding Goodwill": NaN,
        "Net Income From Continuing Operation Net Minority Interest": NaN,
        "Reconciled Depreciation": NaN,
        "Reconciled Cost Of Revenue": NaN,
        "EBITDA": NaN,
        "EBIT": NaN,
        "Net Interest Income": NaN,
        "Interest Expense": -592000.0,
        "Interest Income": NaN,
        "Normalized Income": NaN,
        "Net Income From Continuing And Discontinued Operation": NaN,
        "Total Expenses": NaN,
        "Total Operating Income As Reported": NaN,
        "Diluted Average Shares": NaN,
        "Basic Average Shares": NaN,
        "Diluted EPS": NaN,
        "Basic EPS": NaN,
        "Diluted NI Availto Com Stockholders": NaN,
        "Net Income Common Stockholders": NaN,
        "Net Income": NaN,
        "Net Income Including Noncontrolling Interests": NaN,
        "Net Income Continuous Operations": NaN,
        "Tax Provision": NaN,
        "Pretax Income": NaN,
        "Other Income Expense": NaN,
        "Special Income Charges": NaN,
        "Other Special Charges": NaN,
        "Restructuring And Mergern Acquisition": NaN,
        "Net Non Operating Interest Income Expense": NaN,
        "Interest Expense Non Operating": -592000.0,
        "Interest Income Non Operating": NaN,
        "Operating Income": NaN,
        "Operating Expense": NaN,
        "Depreciation Amortization Depletion Income Statement": NaN,
        "Depreciation And Amortization In Income Statement": NaN,
        "Amortization": NaN,
        "Amortization Of Intangibles Income Statement": NaN,
        "Research And Development": NaN,
        "Selling General And Administration": NaN,
        "Selling And Marketing Expense": NaN,
        "General And Administrative Expense": NaN,
        "Other Gand A": NaN,
        "Gross Profit": NaN,
        "Cost Of Revenue": NaN,
        "Total Revenue": NaN,
        "Operating Revenue": NaN
    },
    "2022-09-30": {
        "Tax Effect Of Unusual Items": NaN,
        "Tax Rate For Calcs": NaN,
        "Normalized EBITDA": NaN,
        "Total Unusual Items": NaN,
        "Total Unusual Items Excluding Goodwill": NaN,
        "Net Income From Continuing Operation Net Minority Interest": NaN,
        "Reconciled Depreciation": NaN,
        "Reconciled Cost Of Revenue": NaN,
        "EBITDA": NaN,
        "EBIT": NaN,
        "Net Interest Income": NaN,
        "Interest Expense": 1898000.0,
        "Interest Income": NaN,
        "Normalized Income": NaN,
        "Net Income From Continuing And Discontinued Operation": NaN,
        "Total Expenses": NaN,
        "Total Operating Income As Reported": NaN,
        "Diluted Average Shares": NaN,
        "Basic Average Shares": NaN,
        "Diluted EPS": NaN,
        "Basic EPS": NaN,
        "Diluted NI Availto Com Stockholders": NaN,
        "Net Income Common Stockholders": NaN,
        "Net Income": NaN,
        "Net Income Including Noncontrolling Interests": NaN,
        "Net Income Continuous Operations": NaN,
        "Tax Provision": NaN,
        "Pretax Income": NaN,
        "Other Income Expense": NaN,
        "Special Income Charges": NaN,
        "Other Special Charges": NaN,
        "Restructuring And Mergern Acquisition": NaN,
        "Net Non Operating Interest Income Expense": NaN,
        "Interest Expense Non Operating": 1898000.0,
        "Interest Income Non Operating": NaN,
        "Operating Income": NaN,
        "Operating Expense": NaN,
        "Depreciation Amortization Depletion Income Statement": NaN,
        "Depreciation And Amortization In Income Statement": NaN,
        "Amortization": NaN,
        "Amortization Of Intangibles Income Statement": NaN,
        "Research And Development": NaN,
        "Selling General And Administration": NaN,
        "Selling And Marketing Expense": NaN,
        "General And Administrative Expense": NaN,
        "Other Gand A": NaN,
        "Gross Profit": NaN,
        "Cost Of Revenue": NaN,
        "Total Revenue": NaN,
        "Operating Revenue": NaN
    },
    "2022-06-30": {
        "Tax Effect Of Unusual Items": -259966.5,
        "Tax Rate For Calcs": 0.0213,
        "Normalized EBITDA": -5973000.0,
        "Total Unusual Items": -12205000.0,
        "Total Unusual Items Excluding Goodwill": -12205000.0,
        "Net Income From Continuing Operation Net Minority Interest": -21443000.0,
        "Reconciled Depreciation": 2891000.0,
        "Reconciled Cost Of Revenue": 18225000.0,
        "EBITDA": -18178000.0,
        "EBIT": -21069000.0,
        "Net Interest Income": -479000.0,
        "Interest Expense": 839000.0,
        "Interest Income": 360000.0,
        "Normalized Income": -9497966.5,
        "Net Income From Continuing And Discontinued Operation": -21443000.0,
        "Total Expenses": 78204000.0,
        "Total Operating Income As Reported": -21429000.0,
        "Diluted Average Shares": 45311001.0,
        "Basic Average Shares": 45311001.0,
        "Diluted EPS": -0.47,
        "Basic EPS": -0.47,
        "Diluted NI Availto Com Stockholders": -21443000.0,
        "Net Income Common Stockholders": -21443000.0,
        "Net Income": -21443000.0,
        "Net Income Including Noncontrolling Interests": -21443000.0,
        "Net Income Continuous Operations": -21443000.0,
        "Tax Provision": -465000.0,
        "Pretax Income": -21908000.0,
        "Other Income Expense": -12205000.0,
        "Special Income Charges": -12205000.0,
        "Gain On Sale Of Ppe": NaN,
        "Other Special Charges": NaN,
        "Restructuring And Mergern Acquisition": 12205000.0,
        "Net Non Operating Interest Income Expense": -479000.0,
        "Interest Expense Non Operating": 839000.0,
        "Interest Income Non Operating": 360000.0,
        "Operating Income": -9224000.0,
        "Operating Expense": 59420000.0,
        "Depreciation Amortization Depletion Income Statement": 2332000.0,
        "Depreciation And Amortization In Income Statement": 2332000.0,
        "Amortization": 2332000.0,
        "Amortization Of Intangibles Income Statement": 2332000.0,
        "Research And Development": 7135000.0,
        "Selling General And Administration": 49953000.0,
        "Selling And Marketing Expense": 39381000.0,
        "General And Administrative Expense": 10572000.0,
        "Other Gand A": 10572000.0,
        "Gross Profit": 50196000.0,
        "Cost Of Revenue": 18784000.0,
        "Total Revenue": 68980000.0,
        "Operating Revenue": 68980000.0
    },
    "2022-03-31": {
        "Diluted EPS": -0.5,
        "Total Revenue": 48,
        "Gross Profit": 33,
        "Operating Income": -24,
        "EBIT": -21,
        "Net Income": -23
    },
    "2021-12-31": {
        "Diluted EPS": -0.32,
        "Total Revenue": 53,
        "Gross Profit": 35,
        "Operating Income": -18,
        "EBIT": -15,
        "Net Income": -15
    },
    "2021-09-30": {
        "Diluted EPS": -0.38,
        "Total Revenue": 47,
        "Gross Profit": 31,
        "Operating Income": -17,
        "EBIT": -14,
        "Net Income": -17
    },
    "2021-06-30": {
        "Diluted EPS": -0.59,
        "Total Revenue": 46,
        "Gross Profit": 29,
        "Operating Income": -16,
        "EBIT": -9,
        "Net Income": -25
    },
    "2021-03-31": {
        "Diluted EPS": -0.57,
        "Total Revenue": 34,
        "Gross Profit": 20,
        "Operating Income": -22,
        "EBIT": -20,
        "Net Income": -23
    },
    "2020-12-31": {
        "Diluted EPS": -0.27,
        "Total Revenue": 35,
        "Gross Profit": 22,
        "Operating Income": -11,
        "EBIT": -10,
        "Net Income": -11
    },
    "2020-09-30": {
        "Diluted EPS": -0.24,
        "Total Revenue": 35,
        "Gross Profit": 22,
        "Operating Income": -9,
        "EBIT": -8,
        "Net Income": -9
    },
    "2020-06-30": {
        "Diluted EPS": -0.54,
        "Total Revenue": 15,
        "Gross Profit": 7,
        "Operating Income": -19,
        "EBIT": -19,
        "Net Income": -20
    },
    "2020-03-31": {
        "Diluted EPS": -0.43,
        "Total Revenue": 26,
        "Gross Profit": 16,
        "Operating Income": -15,
        "EBIT": -14,
        "Net Income": -15
    },
    "2019-12-31": {
        "Diluted EPS": -0.76,
        "Total Revenue": 10,
        "Gross Profit": 5,
        "Operating Income": -23,
        "EBIT": -22,
        "Net Income": -23
    },
    "2019-09-30": {
        "Diluted EPS": -0.89,
        "Total Revenue": 1,
        "Gross Profit": 1,
        "Operating Income": -25,
        "EBIT": -25,
        "Net Income": -25
    },
    "2019-06-30": {
        "Diluted EPS": -0.68,
        "Total Revenue": 1,
        "Gross Profit": 1,
        "Operating Income": -19,
        "EBIT": -19,
        "Net Income": -19
    },
    "2019-03-31": {
        "Diluted EPS": -0.47,
        "Total Revenue": 1,
        "Gross Profit": 1,
        "Operating Income": -14,
        "EBIT": -13,
        "Net Income": -13
    },
    "2018-12-31": {
        "Diluted EPS": 3.46,
        "Total Revenue": 0,
        "Gross Profit": 0,
        "Operating Income": -9,
        "EBIT": -9,
        "Net Income": -10
    },
    "2018-09-30": {
        "Diluted EPS": -2.67,
        "Total Revenue": 0,
        "Gross Profit": 0,
        "Operating Income": -8,
        "EBIT": -7,
        "Net Income": -8
    },
    "2018-06-30": {
        "Diluted EPS": -3.07,
        "Total Revenue": 0,
        "Gross Profit": 0,
        "Operating Income": -9,
        "EBIT": -8,
        "Net Income": -9
    },
    "2018-03-31": {
        "Diluted EPS": -2.36,
        "Total Revenue": NaN,
        "Gross Profit": NaN,
        "Operating Income": -7,
        "EBIT": -6,
        "Net Income": -7
    },
    "2017-12-31": {
        "Diluted EPS": 0.0,
        "Total Revenue": NaN,
        "Gross Profit": NaN,
        "Operating Income": NaN,
        "EBIT": NaN,
        "Net Income": NaN
    },
    "2017-09-30": {
        "Diluted EPS": -1.67,
        "Total Revenue": 0,
        "Gross Profit": 0,
        "Operating Income": -5,
        "EBIT": -5,
        "Net Income": -5
    },
    "2016-12-31": {
        "Diluted EPS": 0.0,
        "Total Revenue": NaN,
        "Gross Profit": NaN,
        "Operating Income": NaN,
        "EBIT": NaN,
        "Net Income": NaN
    },
    "2023-09-30": {
        "Tax Effect Of Unusual Items": 0.0,
        "Tax Rate For Calcs": 0.21,
        "Normalized EBITDA": 6838000.0,
        "Total Unusual Items": 0.0,
        "Total Unusual Items Excluding Goodwill": 0.0,
        "Net Income From Continuing Operation Net Minority Interest": 3928000.0,
        "Reconciled Depreciation": 3254000.0,
        "Reconciled Cost Of Revenue": 23044000.0,
        "EBITDA": 6838000.0,
        "EBIT": 3584000.0,
        "Net Interest Income": 4188000.0,
        "Interest Expense": 83000.0,
        "Interest Income": 4271000.0,
        "Normalized Income": 3928000.0,
        "Net Income From Continuing And Discontinued Operation": 3928000.0,
        "Total Expenses": 93787000.0,
        "Total Operating Income As Reported": -687000.0,
        "Diluted Average Shares": 50086491.0,
        "Basic Average Shares": 49244981.0,
        "Diluted EPS": 0.08,
        "Basic EPS": 0.08,
        "Diluted NI Availto Com Stockholders": 3928000.0,
        "Net Income Common Stockholders": 3928000.0,
        "Net Income": 3928000.0,
        "Net Income Including Noncontrolling Interests": 3928000.0,
        "Net Income Continuous Operations": 3928000.0,
        "Tax Provision": -427000.0,
        "Pretax Income": 3501000.0,
        "Other Income Expense": NaN,
        "Special Income Charges": 0.0,
        "Other Special Charges": NaN,
        "Restructuring And Mergern Acquisition": 0.0,
        "Net Non Operating Interest Income Expense": 4188000.0,
        "Interest Expense Non Operating": 83000.0,
        "Interest Income Non Operating": 4271000.0,
        "Operating Income": -687000.0,
        "Operating Expense": 69791000.0,
        "Depreciation Amortization Depletion Income Statement": 2302000.0,
        "Depreciation And Amortization In Income Statement": 2302000.0,
        "Amortization": 2302000.0,
        "Amortization Of Intangibles Income Statement": 2302000.0,
        "Research And Development": 8167000.0,
        "Selling General And Administration": 59322000.0,
        "Selling And Marketing Expense": 47544000.0,
        "General And Administrative Expense": 11778000.0,
        "Other Gand A": 11778000.0,
        "Gross Profit": 69104000.0,
        "Cost Of Revenue": 23996000.0,
        "Total Revenue": 93100000.0,
        "Operating Revenue": 93100000.0
    },
    "2023-12-31": {
        "Tax Effect Of Unusual Items": -741510.0,
        "Tax Rate For Calcs": 0.21,
        "Normalized EBITDA": 11319000.0,
        "Total Unusual Items": -3531000.0,
        "Total Unusual Items Excluding Goodwill": -3531000.0,
        "Net Income From Continuing Operation Net Minority Interest": 6574000.0,
        "Reconciled Depreciation": 3192000.0,
        "Reconciled Cost Of Revenue": 26044000.0,
        "EBITDA": 7788000.0,
        "EBIT": 4596000.0,
        "Net Interest Income": 4391000.0,
        "Interest Expense": NaN,
        "Interest Income": 4391000.0,
        "Normalized Income": 9363490.0,
        "Net Income From Continuing And Discontinued Operation": 6574000.0,
        "Total Expenses": 105139000.0,
        "Total Operating Income As Reported": 1066000.0,
        "Diluted Average Shares": 50941760.0,
        "Basic Average Shares": 49402597.0,
        "Diluted EPS": 0.13,
        "Basic EPS": 0.13,
        "Diluted NI Availto Com Stockholders": 6574000.0,
        "Net Income Common Stockholders": 6574000.0,
        "Net Income": 6574000.0,
        "Net Income Including Noncontrolling Interests": 6574000.0,
        "Net Income Continuous Operations": 6574000.0,
        "Tax Provision": -1118000.0,
        "Pretax Income": 5456000.0,
        "Other Income Expense": -3531000.0,
        "Special Income Charges": -3531000.0,
        "Other Special Charges": 0.0,
        "Restructuring And Mergern Acquisition": 3530000.0,
        "Net Non Operating Interest Income Expense": 4391000.0,
        "Interest Expense Non Operating": NaN,
        "Interest Income Non Operating": 4391000.0,
        "Operating Income": 4596000.0,
        "Operating Expense": 78164000.0,
        "Depreciation Amortization Depletion Income Statement": 2261000.0,
        "Depreciation And Amortization In Income Statement": 2261000.0,
        "Amortization": 2261000.0,
        "Amortization Of Intangibles Income Statement": 2261000.0,
        "Research And Development": 9714000.0,
        "Selling General And Administration": 66189000.0,
        "Selling And Marketing Expense": 55094000.0,
        "General And Administrative Expense": 11095000.0,
        "Other Gand A": 11095000.0,
        "Gross Profit": 82760000.0,
        "Cost Of Revenue": 26975000.0,
        "Total Revenue": 109735000.0,
        "Operating Revenue": 109735000.0
    },
    "2024-03-31": {
        "Tax Effect Of Unusual Items": -803670.0,
        "Tax Rate For Calcs": 0.21,
        "Normalized EBITDA": -8197000.0,
        "Total Unusual Items": -3827000.0,
        "Total Unusual Items Excluding Goodwill": -3827000.0,
        "Net Income From Continuing Operation Net Minority Interest": -19112000.0,
        "Reconciled Depreciation": 3182000.0,
        "Reconciled Cost Of Revenue": 21228000.0,
        "EBITDA": -12024000.0,
        "EBIT": -15206000.0,
        "Net Interest Income": 3914000.0,
        "Interest Expense": 59000.0,
        "Interest Income": 3973000.0,
        "Normalized Income": -16088670.0,
        "Net Income From Continuing And Discontinued Operation": -19112000.0,
        "Total Expenses": 106761000.0,
        "Total Operating Income As Reported": -19179000.0,
        "Diluted Average Shares": 50928171.0,
        "Basic Average Shares": 50928171.0,
        "Diluted EPS": -0.38,
        "Basic EPS": -0.38,
        "Diluted NI Availto Com Stockholders": -19112000.0,
        "Net Income Common Stockholders": -19112000.0,
        "Net Income": -19112000.0,
        "Net Income Including Noncontrolling Interests": -19112000.0,
        "Net Income Continuous Operations": -19112000.0,
        "Tax Provision": 3847000.0,
        "Pretax Income": -15265000.0,
        "Other Income Expense": -3827000.0,
        "Special Income Charges": -3827000.0,
        "Other Special Charges": NaN,
        "Restructuring And Mergern Acquisition": 3827000.0,
        "Net Non Operating Interest Income Expense": 3914000.0,
        "Interest Expense Non Operating": 59000.0,
        "Interest Income Non Operating": 3973000.0,
        "Operating Income": -15352000.0,
        "Operating Expense": 84605000.0,
        "Depreciation Amortization Depletion Income Statement": 2254000.0,
        "Depreciation And Amortization In Income Statement": 2254000.0,
        "Amortization": 2254000.0,
        "Amortization Of Intangibles Income Statement": 2254000.0,
        "Research And Development": 11056000.0,
        "Selling General And Administration": 71295000.0,
        "Selling And Marketing Expense": 56191000.0,
        "General And Administrative Expense": 15104000.0,
        "Other Gand A": 15104000.0,
        "Gross Profit": 69253000.0,
        "Cost Of Revenue": 22156000.0,
        "Total Revenue": 91409000.0,
        "Operating Revenue": 91409000.0
    },
    "2024-06-30": {
        "Tax Effect Of Unusual Items": -461182.8,
        "Tax Rate For Calcs": 0.1739,
        "Normalized EBITDA": 13936000.0,
        "Total Unusual Items": -2652000.0,
        "Total Unusual Items Excluding Goodwill": -2652000.0,
        "Net Income From Continuing Operation Net Minority Interest": 6899000.0,
        "Reconciled Depreciation": 2901000.0,
        "Reconciled Cost Of Revenue": 24768000.0,
        "EBITDA": 11284000.0,
        "EBIT": 8383000.0,
        "Net Interest Income": 4670000.0,
        "Interest Expense": 32000.0,
        "Interest Income": 4702000.0,
        "Normalized Income": 9089817.2,
        "Net Income From Continuing And Discontinued Operation": 6899000.0,
        "Total Expenses": 108232000.0,
        "Total Operating Income As Reported": 3681000.0,
        "Diluted Average Shares": 51230849.0,
        "Basic Average Shares": 50010380.0,
        "Diluted EPS": 0.13,
        "Basic EPS": 0.14,
        "Diluted NI Availto Com Stockholders": 6899000.0,
        "Net Income Common Stockholders": 6899000.0,
        "Net Income": 6899000.0,
        "Net Income Including Noncontrolling Interests": 6899000.0,
        "Net Income Continuous Operations": 6899000.0,
        "Tax Provision": 1452000.0,
        "Pretax Income": 8351000.0,
        "Other Income Expense": -2652000.0,
        "Special Income Charges": -2652000.0,
        "Other Special Charges": NaN,
        "Restructuring And Mergern Acquisition": 2652000.0,
        "Net Non Operating Interest Income Expense": 4670000.0,
        "Interest Expense Non Operating": 32000.0,
        "Interest Income Non Operating": 4702000.0,
        "Operating Income": 6333000.0,
        "Operating Expense": 82810000.0,
        "Depreciation Amortization Depletion Income Statement": 2247000.0,
        "Depreciation And Amortization In Income Statement": 2247000.0,
        "Amortization": 2247000.0,
        "Amortization Of Intangibles Income Statement": 2247000.0,
        "Research And Development": 12792000.0,
        "Selling General And Administration": 67771000.0,
        "Selling And Marketing Expense": 51444000.0,
        "General And Administrative Expense": 16327000.0,
        "Other Gand A": 16327000.0,
        "Gross Profit": 89143000.0,
        "Cost Of Revenue": 25422000.0,
        "Total Revenue": 114565000.0,
        "Operating Revenue": 114565000.0
    },
    "2024-09-30": {
        "Tax Effect Of Unusual Items": -729540.0,
        "Tax Rate For Calcs": 0.21,
        "Normalized EBITDA": 3895000.0,
        "Total Unusual Items": -3474000.0,
        "Total Unusual Items Excluding Goodwill": -3474000.0,
        "Net Income From Continuing Operation Net Minority Interest": -21000.0,
        "Reconciled Depreciation": 3215000.0,
        "Reconciled Cost Of Revenue": 25548000.0,
        "EBITDA": 421000.0,
        "EBIT": -2794000.0,
        "Net Interest Income": 4712000.0,
        "Interest Expense": NaN,
        "Interest Income": 4712000.0,
        "Normalized Income": 2723460.0,
        "Net Income From Continuing And Discontinued Operation": -21000.0,
        "Total Expenses": 118987000.0,
        "Total Operating Income As Reported": -6268000.0,
        "Diluted Average Shares": 51088073.0,
        "Basic Average Shares": 51088073.0,
        "Diluted EPS": -0.000411,
        "Basic EPS": -0.000411,
        "Diluted NI Availto Com Stockholders": -21000.0,
        "Net Income Common Stockholders": -21000.0,
        "Net Income": -21000.0,
        "Net Income Including Noncontrolling Interests": -21000.0,
        "Net Income Continuous Operations": -21000.0,
        "Tax Provision": -1535000.0,
        "Pretax Income": -1556000.0,
        "Other Income Expense": -3474000.0,
        "Special Income Charges": -3474000.0,
        "Other Special Charges": NaN,
        "Restructuring And Mergern Acquisition": 3474000.0,
        "Net Non Operating Interest Income Expense": 4712000.0,
        "Interest Expense Non Operating": NaN,
        "Interest Income Non Operating": 4712000.0,
        "Operating Income": -2794000.0,
        "Operating Expense": 92445000.0,
        "Depreciation Amortization Depletion Income Statement": 2221000.0,
        "Depreciation And Amortization In Income Statement": 2221000.0,
        "Amortization": 2221000.0,
        "Amortization Of Intangibles Income Statement": 2221000.0,
        "Research And Development": 13491000.0,
        "Selling General And Administration": 76733000.0,
        "Selling And Marketing Expense": 52972000.0,
        "General And Administrative Expense": 23761000.0,
        "Other Gand A": 23761000.0,
        "Gross Profit": 89651000.0,
        "Cost Of Revenue": 26542000.0,
        "Total Revenue": 116193000.0,
        "Operating Revenue": 116193000.0
    }
}