{
    "2023-03-31": {
        "Tax Effect Of Unusual Items": NaN,
        "Tax Rate For Calcs": NaN,
        "Normalized EBITDA": NaN,
        "Total Unusual Items": 15533000.0,
        "Total Unusual Items Excluding Goodwill": 15533000.0,
        "Net Income From Continuing Operation Net Minority Interest": NaN,
        "Reconciled Depreciation": NaN,
        "Reconciled Cost Of Revenue": NaN,
        "EBITDA": NaN,
        "EBIT": NaN,
        "Net Interest Income": NaN,
        "Interest Expense": 1724000.0,
        "Interest Income": 11390000.0,
        "Normalized Income": NaN,
        "Net Income From Continuing And Discontinued Operation": NaN,
        "Total Expenses": NaN,
        "Total Operating Income As Reported": NaN,
        "Diluted Average Shares": NaN,
        "Basic Average Shares": NaN,
        "Diluted EPS": NaN,
        "Basic EPS": NaN,
        "Diluted NI Availto Com Stockholders": NaN,
        "Net Income Common Stockholders": NaN,
        "Net Income": NaN,
        "Net Income Including Noncontrolling Interests": NaN,
        "Net Income Continuous Operations": NaN,
        "Tax Provision": NaN,
        "Pretax Income": NaN,
        "Other Income Expense": 15610000.0,
        "Other Non Operating Income Expenses": 77000.0,
        "Gain On Sale Of Security": 15533000.0,
        "Net Non Operating Interest Income Expense": NaN,
        "Total Other Finance Cost": NaN,
        "Interest Expense Non Operating": 1724000.0,
        "Interest Income Non Operating": 11390000.0,
        "Operating Income": NaN,
        "Operating Expense": NaN,
        "Research And Development": NaN,
        "Selling General And Administration": NaN,
        "Gross Profit": NaN,
        "Cost Of Revenue": NaN,
        "Total Revenue": NaN,
        "Operating Revenue": NaN
    },
    "2022-12-31": {
        "Tax Effect Of Unusual Items": 0.0,
        "Tax Rate For Calcs": 0.159948,
        "Normalized EBITDA": 28751000.0,
        "Net Income From Continuing Operation Net Minority Interest": 29175000.0,
        "Reconciled Depreciation": 6210000.0,
        "Reconciled Cost Of Revenue": 130463000.0,
        "EBITDA": 28751000.0,
        "EBIT": 22541000.0,
        "Net Interest Income": 12189000.0,
        "Interest Expense": NaN,
        "Interest Income": NaN,
        "Normalized Income": 29175000.0,
        "Net Income From Continuing And Discontinued Operation": 29175000.0,
        "Total Expenses": 313601000.0,
        "Total Operating Income As Reported": 22541000.0,
        "Diluted Average Shares": 72976000.0,
        "Basic Average Shares": 71270000.0,
        "Diluted EPS": 0.4,
        "Basic EPS": 0.41,
        "Diluted NI Availto Com Stockholders": 29175000.0,
        "Net Income Common Stockholders": 29175000.0,
        "Net Income": 29175000.0,
        "Net Income Including Noncontrolling Interests": 29175000.0,
        "Net Income Continuous Operations": 29175000.0,
        "Tax Provision": 5555000.0,
        "Pretax Income": 34730000.0,
        "Net Non Operating Interest Income Expense": 12189000.0,
        "Total Other Finance Cost": NaN,
        "Interest Expense Non Operating": NaN,
        "Interest Income Non Operating": NaN,
        "Operating Income": 22541000.0,
        "Operating Expense": 183138000.0,
        "Research And Development": 68720000.0,
        "Selling General And Administration": 114418000.0,
        "Gross Profit": 205679000.0,
        "Cost Of Revenue": 130463000.0,
        "Total Revenue": 336142000.0,
        "Operating Revenue": 336142000.0
    },
    "2022-09-30": {
        "Tax Effect Of Unusual Items": NaN,
        "Tax Rate For Calcs": NaN,
        "Normalized EBITDA": NaN,
        "Total Unusual Items": NaN,
        "Total Unusual Items Excluding Goodwill": NaN,
        "Net Income From Continuing Operation Net Minority Interest": NaN,
        "Reconciled Depreciation": NaN,
        "Reconciled Cost Of Revenue": NaN,
        "EBITDA": NaN,
        "EBIT": NaN,
        "Net Interest Income": NaN,
        "Interest Expense": NaN,
        "Interest Income": NaN,
        "Normalized Income": NaN,
        "Net Income From Continuing And Discontinued Operation": NaN,
        "Total Expenses": NaN,
        "Total Operating Income As Reported": NaN,
        "Diluted Average Shares": NaN,
        "Basic Average Shares": NaN,
        "Diluted EPS": NaN,
        "Basic EPS": NaN,
        "Diluted NI Availto Com Stockholders": NaN,
        "Net Income Common Stockholders": NaN,
        "Net Income": NaN,
        "Net Income Including Noncontrolling Interests": NaN,
        "Net Income Continuous Operations": NaN,
        "Tax Provision": NaN,
        "Pretax Income": NaN,
        "Other Income Expense": NaN,
        "Other Non Operating Income Expenses": NaN,
        "Gain On Sale Of Security": NaN,
        "Net Non Operating Interest Income Expense": NaN,
        "Total Other Finance Cost": 11249000.0,
        "Interest Expense Non Operating": NaN,
        "Interest Income Non Operating": NaN,
        "Operating Income": NaN,
        "Operating Expense": NaN,
        "Research And Development": NaN,
        "Selling General And Administration": NaN,
        "Gross Profit": NaN,
        "Cost Of Revenue": NaN,
        "Total Revenue": NaN,
        "Operating Revenue": NaN
    },
    "2022-06-30": {
        "Tax Effect Of Unusual Items": 0.0,
        "Tax Rate For Calcs": 0.255,
        "Normalized EBITDA": 27621000.0,
        "Net Income From Continuing Operation Net Minority Interest": 50962000.0,
        "Reconciled Depreciation": 6210000.0,
        "Reconciled Cost Of Revenue": 111650000.0,
        "EBITDA": 27621000.0,
        "EBIT": 21411000.0,
        "Net Interest Income": 47026000.0,
        "Interest Expense": NaN,
        "Interest Income": 47026000.0,
        "Normalized Income": 50962000.0,
        "Net Income From Continuing And Discontinued Operation": 50962000.0,
        "Total Expenses": 264202000.0,
        "Total Operating Income As Reported": 21411000.0,
        "Diluted Average Shares": 72283000.0,
        "Basic Average Shares": 71040000.0,
        "Diluted EPS": 0.71,
        "Basic EPS": 0.72,
        "Diluted NI Availto Com Stockholders": 50962000.0,
        "Net Income Common Stockholders": 50962000.0,
        "Net Income": 50962000.0,
        "Net Income Including Noncontrolling Interests": 50962000.0,
        "Net Income Continuous Operations": 50962000.0,
        "Tax Provision": 17475000.0,
        "Pretax Income": 68437000.0,
        "Net Non Operating Interest Income Expense": 47026000.0,
        "Total Other Finance Cost": NaN,
        "Interest Expense Non Operating": NaN,
        "Interest Income Non Operating": 47026000.0,
        "Operating Income": 21411000.0,
        "Operating Expense": 152552000.0,
        "Research And Development": 57547000.0,
        "Selling General And Administration": 95005000.0,
        "Gross Profit": 173963000.0,
        "Cost Of Revenue": 111650000.0,
        "Total Revenue": 285613000.0,
        "Operating Revenue": 285613000.0
    },
    "2022-03-31": {
        "Diluted EPS": 0.76,
        "Total Revenue": 256,
        "Gross Profit": 156,
        "Operating Income": 17,
        "EBIT": 23,
        "Net Income": 55
    },
    "2021-12-31": {
        "Diluted EPS": -0.11,
        "Total Revenue": 218,
        "Gross Profit": 135,
        "Operating Income": -27,
        "EBIT": -21,
        "Net Income": -14
    },
    "2021-09-30": {
        "Diluted EPS": 0.67,
        "Total Revenue": 232,
        "Gross Profit": 145,
        "Operating Income": 3,
        "EBIT": 9,
        "Net Income": 49
    },
    "2021-06-30": {
        "Diluted EPS": -0.72,
        "Total Revenue": 219,
        "Gross Profit": 138,
        "Operating Income": -94,
        "EBIT": -88,
        "Net Income": -47
    },
    "2021-03-31": {
        "Diluted EPS": -0.75,
        "Total Revenue": 195,
        "Gross Profit": 123,
        "Operating Income": -50,
        "EBIT": -44,
        "Net Income": -48
    },
    "2020-12-31": {
        "Diluted EPS": 0.42,
        "Total Revenue": 226,
        "Gross Profit": 141,
        "Operating Income": 6,
        "EBIT": 11,
        "Net Income": 26
    },
    "2020-09-30": {
        "Diluted EPS": -0.01,
        "Total Revenue": 166,
        "Gross Profit": 98,
        "Operating Income": -5,
        "EBIT": 0,
        "Net Income": -1
    },
    "2020-06-30": {
        "Diluted EPS": -0.51,
        "Total Revenue": 141,
        "Gross Profit": 88,
        "Operating Income": -14,
        "EBIT": -11,
        "Net Income": -31
    },
    "2020-03-31": {
        "Diluted EPS": 0.07,
        "Total Revenue": 147,
        "Gross Profit": 89,
        "Operating Income": -1,
        "EBIT": 2,
        "Net Income": 4
    },
    "2019-12-31": {
        "Diluted EPS": -0.21,
        "Total Revenue": 172,
        "Gross Profit": 93,
        "Operating Income": -14,
        "EBIT": -11,
        "Net Income": -12
    },
    "2019-09-30": {
        "Diluted EPS": 0.1,
        "Total Revenue": 131,
        "Gross Profit": 80,
        "Operating Income": 7,
        "EBIT": 9,
        "Net Income": 6
    },
    "2019-06-30": {
        "Diluted EPS": 0.01,
        "Total Revenue": 112,
        "Gross Profit": 66,
        "Operating Income": -1,
        "EBIT": 1,
        "Net Income": 1
    },
    "2019-03-31": {
        "Diluted EPS": 0.11,
        "Total Revenue": 116,
        "Gross Profit": 69,
        "Operating Income": 3,
        "EBIT": 5,
        "Net Income": 6
    },
    "2018-12-31": {
        "Diluted EPS": 0.01,
        "Total Revenue": 115,
        "Gross Profit": 65,
        "Operating Income": 2,
        "EBIT": 4,
        "Net Income": 2
    },
    "2018-09-30": {
        "Diluted EPS": 0.1,
        "Total Revenue": 105,
        "Gross Profit": 66,
        "Operating Income": 4,
        "EBIT": 7,
        "Net Income": 6
    },
    "2018-06-30": {
        "Diluted EPS": 0.15,
        "Total Revenue": 99,
        "Gross Profit": 63,
        "Operating Income": 5,
        "EBIT": 8,
        "Net Income": 8
    },
    "2018-03-31": {
        "Diluted EPS": 0.24,
        "Total Revenue": 101,
        "Gross Profit": 64,
        "Operating Income": 14,
        "EBIT": 16,
        "Net Income": 13
    },
    "2017-12-31": {
        "Diluted EPS": -0.04,
        "Total Revenue": 95,
        "Gross Profit": 63,
        "Operating Income": 8,
        "EBIT": 9,
        "Net Income": -2
    },
    "2017-09-30": {
        "Diluted EPS": 0.01,
        "Total Revenue": 90,
        "Gross Profit": 50,
        "Operating Income": -1,
        "EBIT": 2,
        "Net Income": 0
    },
    "2017-06-30": {
        "Diluted EPS": 0.04,
        "Total Revenue": 80,
        "Gross Profit": 46,
        "Operating Income": 1,
        "EBIT": 3,
        "Net Income": 2
    },
    "2017-03-31": {
        "Diluted EPS": 0.09,
        "Total Revenue": 79,
        "Gross Profit": 49,
        "Operating Income": 5,
        "EBIT": 7,
        "Net Income": 5
    },
    "2016-12-31": {
        "Diluted EPS": 0.12,
        "Total Revenue": 82,
        "Gross Profit": 50,
        "Operating Income": 9,
        "EBIT": 10,
        "Net Income": 6
    },
    "2016-09-30": {
        "Diluted EPS": 0.07,
        "Total Revenue": 72,
        "Gross Profit": 47,
        "Operating Income": 11,
        "EBIT": 12,
        "Net Income": 4
    },
    "2016-06-30": {
        "Diluted EPS": 0.07,
        "Total Revenue": 59,
        "Gross Profit": 37,
        "Operating Income": 6,
        "EBIT": 8,
        "Net Income": 4
    },
    "2016-03-31": {
        "Diluted EPS": 0.06,
        "Total Revenue": 56,
        "Gross Profit": 37,
        "Operating Income": 5,
        "EBIT": 6,
        "Net Income": 3
    },
    "2015-12-31": {
        "Diluted EPS": 0.09,
        "Total Revenue": 56,
        "Gross Profit": 37,
        "Operating Income": 9,
        "EBIT": 10,
        "Net Income": 5
    },
    "2015-09-30": {
        "Diluted EPS": 0.03,
        "Total Revenue": 50,
        "Gross Profit": 31,
        "Operating Income": 7,
        "EBIT": 8,
        "Net Income": 2
    },
    "2015-06-30": {
        "Diluted EPS": 0.11,
        "Total Revenue": 47,
        "Gross Profit": 31,
        "Operating Income": 9,
        "EBIT": 11,
        "Net Income": 6
    },
    "2015-03-31": {
        "Diluted EPS": 0.13,
        "Total Revenue": 45,
        "Gross Profit": 30,
        "Operating Income": 11,
        "EBIT": 12,
        "Net Income": 7
    },
    "2014-12-31": {
        "Diluted EPS": 0.1,
        "Total Revenue": 47,
        "Gross Profit": 27,
        "Operating Income": 9,
        "EBIT": 10,
        "Net Income": 5
    },
    "2014-09-30": {
        "Diluted EPS": 0.14,
        "Total Revenue": 44,
        "Gross Profit": 29,
        "Operating Income": 13,
        "EBIT": 14,
        "Net Income": 8
    },
    "2014-06-30": {
        "Diluted EPS": 0.07,
        "Total Revenue": 37,
        "Gross Profit": 23,
        "Operating Income": 6,
        "EBIT": 8,
        "Net Income": 4
    },
    "2014-03-31": {
        "Diluted EPS": 0.06,
        "Total Revenue": 36,
        "Gross Profit": 22,
        "Operating Income": 5,
        "EBIT": 6,
        "Net Income": 3
    },
    "2013-12-31": {
        "Diluted EPS": 0.1,
        "Total Revenue": 40,
        "Gross Profit": 26,
        "Operating Income": 9,
        "EBIT": 10,
        "Net Income": 5
    },
    "2013-09-30": {
        "Diluted EPS": 0.1,
        "Total Revenue": 35,
        "Gross Profit": 22,
        "Operating Income": 7,
        "EBIT": 8,
        "Net Income": 5
    },
    "2013-06-30": {
        "Diluted EPS": 0.08,
        "Total Revenue": 32,
        "Gross Profit": 20,
        "Operating Income": 7,
        "EBIT": 8,
        "Net Income": 4
    },
    "2013-03-31": {
        "Diluted EPS": 0.06,
        "Total Revenue": 30,
        "Gross Profit": 18,
        "Operating Income": 5,
        "EBIT": 7,
        "Net Income": 3
    },
    "2012-12-31": {
        "Diluted EPS": 0.07,
        "Total Revenue": 32,
        "Gross Profit": 19,
        "Operating Income": 5,
        "EBIT": 6,
        "Net Income": 4
    },
    "2012-09-30": {
        "Diluted EPS": 0.07,
        "Total Revenue": 29,
        "Gross Profit": 17,
        "Operating Income": 5,
        "EBIT": 7,
        "Net Income": 4
    },
    "2012-06-30": {
        "Diluted EPS": 0.06,
        "Total Revenue": 28,
        "Gross Profit": 17,
        "Operating Income": 6,
        "EBIT": 8,
        "Net Income": 3
    },
    "2012-03-31": {
        "Diluted EPS": 0.07,
        "Total Revenue": 26,
        "Gross Profit": 15,
        "Operating Income": 6,
        "EBIT": 8,
        "Net Income": 4
    },
    "2011-12-31": {
        "Diluted EPS": -0.1,
        "Total Revenue": 21,
        "Gross Profit": 7,
        "Operating Income": -7,
        "EBIT": -5,
        "Net Income": -6
    },
    "2011-09-30": {
        "Diluted EPS": 0.02,
        "Total Revenue": 24,
        "Gross Profit": 13,
        "Operating Income": 1,
        "EBIT": 4,
        "Net Income": 1
    },
    "2011-06-30": {
        "Diluted EPS": -0.04,
        "Total Revenue": 21,
        "Gross Profit": 12,
        "Operating Income": -5,
        "EBIT": -3,
        "Net Income": -2
    },
    "2011-03-31": {
        "Diluted EPS": 0.0,
        "Total Revenue": 23,
        "Gross Profit": 12,
        "Operating Income": 0,
        "EBIT": 2,
        "Net Income": 0
    },
    "2010-12-31": {
        "Diluted EPS": 0.0,
        "Total Revenue": 23,
        "Gross Profit": 12,
        "Operating Income": 0,
        "EBIT": 2,
        "Net Income": 0
    },
    "2010-09-30": {
        "Diluted EPS": -0.04,
        "Total Revenue": 21,
        "Gross Profit": 10,
        "Operating Income": -1,
        "EBIT": 1,
        "Net Income": -2
    },
    "2010-06-30": {
        "Diluted EPS": -0.02,
        "Total Revenue": 19,
        "Gross Profit": 10,
        "Operating Income": -3,
        "EBIT": -2,
        "Net Income": -1
    },
    "2010-03-31": {
        "Diluted EPS": -0.01,
        "Total Revenue": 24,
        "Gross Profit": 13,
        "Operating Income": -1,
        "EBIT": 1,
        "Net Income": 0
    },
    "2009-12-31": {
        "Diluted EPS": 0.07,
        "Total Revenue": 35,
        "Gross Profit": 22,
        "Operating Income": 7,
        "EBIT": 8,
        "Net Income": 4
    },
    "2009-09-30": {
        "Diluted EPS": -0.05,
        "Total Revenue": 23,
        "Gross Profit": 13,
        "Operating Income": -5,
        "EBIT": -4,
        "Net Income": -3
    },
    "2009-06-30": {
        "Diluted EPS": -0.01,
        "Total Revenue": 22,
        "Gross Profit": 14,
        "Operating Income": -1,
        "EBIT": -1,
        "Net Income": -1
    },
    "2009-03-31": {
        "Diluted EPS": -0.01,
        "Total Revenue": 25,
        "Gross Profit": 15,
        "Operating Income": -1,
        "EBIT": 0,
        "Net Income": 0
    },
    "2023-06-30": {
        "Tax Effect Of Unusual Items": NaN,
        "Tax Rate For Calcs": NaN,
        "Normalized EBITDA": NaN,
        "Total Unusual Items": -61956000.0,
        "Total Unusual Items Excluding Goodwill": -61956000.0,
        "Net Income From Continuing Operation Net Minority Interest": NaN,
        "Reconciled Depreciation": NaN,
        "Reconciled Cost Of Revenue": NaN,
        "EBITDA": NaN,
        "EBIT": NaN,
        "Net Interest Income": NaN,
        "Interest Expense": 1737000.0,
        "Interest Income": 11400000.0,
        "Normalized Income": NaN,
        "Net Income From Continuing And Discontinued Operation": NaN,
        "Total Expenses": NaN,
        "Total Operating Income As Reported": NaN,
        "Diluted Average Shares": NaN,
        "Basic Average Shares": NaN,
        "Diluted EPS": NaN,
        "Basic EPS": NaN,
        "Diluted NI Availto Com Stockholders": NaN,
        "Net Income Common Stockholders": NaN,
        "Net Income": NaN,
        "Net Income Including Noncontrolling Interests": NaN,
        "Net Income Continuous Operations": NaN,
        "Tax Provision": NaN,
        "Pretax Income": NaN,
        "Other Income Expense": -62031000.0,
        "Other Non Operating Income Expenses": -75000.0,
        "Gain On Sale Of Security": -61956000.0,
        "Net Non Operating Interest Income Expense": NaN,
        "Total Other Finance Cost": 52368000.0,
        "Interest Expense Non Operating": 1737000.0,
        "Interest Income Non Operating": 11400000.0,
        "Operating Income": NaN,
        "Operating Expense": NaN,
        "Research And Development": NaN,
        "Selling General And Administration": NaN,
        "Gross Profit": NaN,
        "Cost Of Revenue": NaN,
        "Total Revenue": NaN,
        "Operating Revenue": NaN
    },
    "2023-09-30": {
        "Tax Effect Of Unusual Items": 517593.441983,
        "Tax Rate For Calcs": 0.145269,
        "Normalized EBITDA": 69928000.0,
        "Total Unusual Items": 3563000.0,
        "Total Unusual Items Excluding Goodwill": 3563000.0,
        "Net Income From Continuing Operation Net Minority Interest": 61309000.0,
        "Reconciled Depreciation": -1325000.0,
        "Reconciled Cost Of Revenue": 156622000.0,
        "EBITDA": 73491000.0,
        "EBIT": 73491000.0,
        "Net Interest Income": 10458000.0,
        "Interest Expense": 1762000.0,
        "Interest Income": 12220000.0,
        "Normalized Income": 58263593.441983,
        "Net Income From Continuing And Discontinued Operation": 61309000.0,
        "Total Expenses": 355859000.0,
        "Total Operating Income As Reported": 57419000.0,
        "Diluted Average Shares": 75952000.0,
        "Basic Average Shares": 74826000.0,
        "Diluted EPS": 0.81,
        "Basic EPS": 0.82,
        "Diluted NI Availto Com Stockholders": 61309000.0,
        "Net Income Common Stockholders": 61309000.0,
        "Net Income": 61309000.0,
        "Net Income Including Noncontrolling Interests": 61309000.0,
        "Net Income Continuous Operations": 61309000.0,
        "Tax Provision": 10420000.0,
        "Pretax Income": 71729000.0,
        "Other Income Expense": 3852000.0,
        "Other Non Operating Income Expenses": 289000.0,
        "Gain On Sale Of Security": 3563000.0,
        "Net Non Operating Interest Income Expense": 10458000.0,
        "Total Other Finance Cost": -14310000.0,
        "Interest Expense Non Operating": 1762000.0,
        "Interest Income Non Operating": 12220000.0,
        "Operating Income": 57419000.0,
        "Operating Expense": 199237000.0,
        "Research And Development": 76880000.0,
        "Selling General And Administration": 122357000.0,
        "Gross Profit": 256656000.0,
        "Cost Of Revenue": 156622000.0,
        "Total Revenue": 413278000.0,
        "Operating Revenue": 413278000.0
    },
    "2023-12-31": {
        "Tax Effect Of Unusual Items": 0.0,
        "Tax Rate For Calcs": 0.21,
        "Normalized EBITDA": 60066000.0,
        "Total Unusual Items": NaN,
        "Total Unusual Items Excluding Goodwill": NaN,
        "Net Income From Continuing Operation Net Minority Interest": 57271000.0,
        "Reconciled Depreciation": 10051000.0,
        "Reconciled Cost Of Revenue": 168255000.0,
        "EBITDA": 60066000.0,
        "EBIT": 50015000.0,
        "Net Interest Income": 54894000.0,
        "Interest Expense": NaN,
        "Interest Income": NaN,
        "Normalized Income": 57271000.0,
        "Net Income From Continuing And Discontinued Operation": 57271000.0,
        "Total Expenses": 389333000.0,
        "Total Operating Income As Reported": 42809000.0,
        "Diluted Average Shares": 76178000.0,
        "Basic Average Shares": 75060000.0,
        "Diluted EPS": 0.75,
        "Basic EPS": 0.76,
        "Diluted NI Availto Com Stockholders": 57271000.0,
        "Net Income Common Stockholders": 57271000.0,
        "Net Income": 57271000.0,
        "Net Income Including Noncontrolling Interests": 57271000.0,
        "Net Income Continuous Operations": 57271000.0,
        "Tax Provision": -1469000.0,
        "Pretax Income": 55802000.0,
        "Other Income Expense": NaN,
        "Other Non Operating Income Expenses": NaN,
        "Gain On Sale Of Security": NaN,
        "Net Non Operating Interest Income Expense": 54894000.0,
        "Total Other Finance Cost": NaN,
        "Interest Expense Non Operating": NaN,
        "Interest Income Non Operating": NaN,
        "Operating Income": 42809000.0,
        "Operating Expense": 221078000.0,
        "Research And Development": 83972000.0,
        "Selling General And Administration": 137106000.0,
        "Gross Profit": 263887000.0,
        "Cost Of Revenue": 168255000.0,
        "Total Revenue": 432142000.0,
        "Operating Revenue": 432142000.0
    },
    "2024-03-31": {
        "Tax Effect Of Unusual Items": 27400604.0,
        "Tax Rate For Calcs": 0.196,
        "Normalized EBITDA": 39241000.0,
        "Total Unusual Items": 139799000.0,
        "Total Unusual Items Excluding Goodwill": 139799000.0,
        "Net Income From Continuing Operation Net Minority Interest": 133218000.0,
        "Reconciled Depreciation": 11564000.0,
        "Reconciled Cost Of Revenue": 200690000.0,
        "EBITDA": 179040000.0,
        "EBIT": 167476000.0,
        "Net Interest Income": 10374000.0,
        "Interest Expense": 1756000.0,
        "Interest Income": 12130000.0,
        "Normalized Income": 20819604.0,
        "Net Income From Continuing And Discontinued Operation": 133218000.0,
        "Total Expenses": 444456000.0,
        "Total Operating Income As Reported": 16280000.0,
        "Diluted Average Shares": 77132000.0,
        "Basic Average Shares": 75355000.0,
        "Diluted EPS": 1.73,
        "Basic EPS": 1.77,
        "Diluted NI Availto Com Stockholders": 133218000.0,
        "Net Income Common Stockholders": 133218000.0,
        "Net Income": 133218000.0,
        "Net Income Including Noncontrolling Interests": 133218000.0,
        "Net Income Continuous Operations": 133218000.0,
        "Tax Provision": 32502000.0,
        "Pretax Income": 165720000.0,
        "Other Income Expense": 139066000.0,
        "Other Non Operating Income Expenses": -733000.0,
        "Gain On Sale Of Security": 139799000.0,
        "Net Non Operating Interest Income Expense": 10374000.0,
        "Total Other Finance Cost": NaN,
        "Interest Expense Non Operating": 1756000.0,
        "Interest Income Non Operating": 12130000.0,
        "Operating Income": 16280000.0,
        "Operating Expense": 243766000.0,
        "Research And Development": 91097000.0,
        "Selling General And Administration": 152669000.0,
        "Gross Profit": 260046000.0,
        "Cost Of Revenue": 200690000.0,
        "Total Revenue": 460736000.0,
        "Operating Revenue": 460736000.0
    },
    "2024-06-30": {
        "Tax Effect Of Unusual Items": 1542882.0,
        "Tax Rate For Calcs": 0.194,
        "Normalized EBITDA": 57508000.0,
        "Total Unusual Items": 7953000.0,
        "Total Unusual Items Excluding Goodwill": 7953000.0,
        "Net Income From Continuing Operation Net Minority Interest": 40797000.0,
        "Reconciled Depreciation": 13000000.0,
        "Reconciled Cost Of Revenue": 200364000.0,
        "EBITDA": 65461000.0,
        "EBIT": 52461000.0,
        "Net Interest Income": 9782000.0,
        "Interest Expense": 1871000.0,
        "Interest Income": 11653000.0,
        "Normalized Income": 34386882.0,
        "Net Income From Continuing And Discontinued Operation": 40797000.0,
        "Total Expenses": 471225000.0,
        "Total Operating Income As Reported": 32874000.0,
        "Diluted Average Shares": 77550000.0,
        "Basic Average Shares": 75511000.0,
        "Diluted EPS": 0.53,
        "Basic EPS": 0.54,
        "Diluted NI Availto Com Stockholders": 40797000.0,
        "Net Income Common Stockholders": 40797000.0,
        "Net Income": 40797000.0,
        "Net Income Including Noncontrolling Interests": 40797000.0,
        "Net Income Continuous Operations": 40797000.0,
        "Tax Provision": 9793000.0,
        "Pretax Income": 50590000.0,
        "Other Income Expense": 7934000.0,
        "Other Non Operating Income Expenses": -19000.0,
        "Gain On Sale Of Security": 7953000.0,
        "Net Non Operating Interest Income Expense": 9782000.0,
        "Total Other Finance Cost": NaN,
        "Interest Expense Non Operating": 1871000.0,
        "Interest Income Non Operating": 11653000.0,
        "Operating Income": 32874000.0,
        "Operating Expense": 270861000.0,
        "Research And Development": 101434000.0,
        "Selling General And Administration": 169427000.0,
        "Gross Profit": 303735000.0,
        "Cost Of Revenue": 200364000.0,
        "Total Revenue": 504099000.0,
        "Operating Revenue": 504099000.0
    },
    "2024-09-30": {
        "Tax Effect Of Unusual Items": 6972199.524941,
        "Tax Rate For Calcs": 0.157649,
        "Normalized EBITDA": 43170000.0,
        "Total Unusual Items": 44226000.0,
        "Total Unusual Items Excluding Goodwill": 44226000.0,
        "Net Income From Continuing Operation Net Minority Interest": 67025000.0,
        "Reconciled Depreciation": 6181000.0,
        "Reconciled Cost Of Revenue": 213527000.0,
        "EBITDA": 87396000.0,
        "EBIT": 81215000.0,
        "Net Interest Income": 10978000.0,
        "Interest Expense": 1646000.0,
        "Interest Income": 12624000.0,
        "Normalized Income": 29771199.524941,
        "Net Income From Continuing And Discontinued Operation": 67025000.0,
        "Total Expenses": 520193000.0,
        "Total Operating Income As Reported": 24081000.0,
        "Diluted Average Shares": 78080000.0,
        "Basic Average Shares": 75697000.0,
        "Diluted EPS": 0.86,
        "Basic EPS": 0.89,
        "Diluted NI Availto Com Stockholders": 67025000.0,
        "Net Income Common Stockholders": 67025000.0,
        "Net Income": 67025000.0,
        "Net Income Including Noncontrolling Interests": 67025000.0,
        "Net Income Continuous Operations": 67025000.0,
        "Tax Provision": 12544000.0,
        "Pretax Income": 79569000.0,
        "Other Income Expense": 44510000.0,
        "Other Non Operating Income Expenses": 284000.0,
        "Gain On Sale Of Security": 44226000.0,
        "Net Non Operating Interest Income Expense": 10978000.0,
        "Total Other Finance Cost": NaN,
        "Interest Expense Non Operating": 1646000.0,
        "Interest Income Non Operating": 12624000.0,
        "Operating Income": 24081000.0,
        "Operating Expense": 306666000.0,
        "Research And Development": 114477000.0,
        "Selling General And Administration": 192189000.0,
        "Gross Profit": 330747000.0,
        "Cost Of Revenue": 213527000.0,
        "Total Revenue": 544274000.0,
        "Operating Revenue": 544274000.0
    }
}