{
    "2023-06-30": {
        "Tax Effect Of Unusual Items": 0.0,
        "Tax Rate For Calcs": 0.205,
        "Net Income From Continuing Operation Net Minority Interest": 2174000000.0,
        "Reconciled Depreciation": 400000000.0,
        "Net Interest Income": 3105000000.0,
        "Interest Expense": 1670000000.0,
        "Interest Income": 4775000000.0,
        "Normalized Income": 2174000000.0,
        "Net Income From Continuing And Discontinued Operation": 2174000000.0,
        "Diluted Average Shares": 741000000.0,
        "Basic Average Shares": 740000000.0,
        "Diluted EPS": 2.89,
        "Basic EPS": 2.89,
        "Diluted NI Availto Com Stockholders": 2142000000.0,
        "Net Income Common Stockholders": 2142000000.0,
        "Otherunder Preferred Stock Dividend": 17000000.0,
        "Preferred Stock Dividends": 15000000.0,
        "Net Income": 2174000000.0,
        "Net Income Including Noncontrolling Interests": 2174000000.0,
        "Net Income Continuous Operations": 2174000000.0,
        "Tax Provision": 560000000.0,
        "Pretax Income": 2734000000.0,
        "Gain On Sale Of Security": -11000000.0,
        "Selling General And Administration": 3283000000.0,
        "Selling And Marketing Expense": 1408000000.0,
        "General And Administrative Expense": 1875000000.0,
        "Salaries And Wages": 1875000000.0,
        "Total Revenue": 15043000000.0,
        "Operating Revenue": 15043000000.0
    },
    "2023-03-31": {
        "Tax Effect Of Unusual Items": 0.0,
        "Tax Rate For Calcs": 0.162,
        "Net Income From Continuing Operation Net Minority Interest": 1816000000.0,
        "Reconciled Depreciation": 400000000.0,
        "Net Interest Income": 2983000000.0,
        "Interest Expense": 1433000000.0,
        "Interest Income": 4416000000.0,
        "Normalized Income": 1816000000.0,
        "Net Income From Continuing And Discontinued Operation": 1816000000.0,
        "Diluted Average Shares": 744000000.0,
        "Basic Average Shares": 743000000.0,
        "Diluted EPS": 2.4,
        "Basic EPS": 2.41,
        "Diluted NI Availto Com Stockholders": 1788000000.0,
        "Net Income Common Stockholders": 1788000000.0,
        "Otherunder Preferred Stock Dividend": 14000000.0,
        "Preferred Stock Dividends": 14000000.0,
        "Net Income": 1816000000.0,
        "Net Income Including Noncontrolling Interests": 1816000000.0,
        "Net Income Continuous Operations": 1816000000.0,
        "Tax Provision": 351000000.0,
        "Pretax Income": 2167000000.0,
        "Gain On Sale Of Security": -95000000.0,
        "Selling General And Administration": 3355000000.0,
        "Selling And Marketing Expense": 1341000000.0,
        "General And Administrative Expense": 2014000000.0,
        "Salaries And Wages": 2014000000.0,
        "Total Revenue": 14281000000.0,
        "Operating Revenue": 14281000000.0
    },
    "2022-12-31": {
        "Tax Effect Of Unusual Items": NaN,
        "Tax Rate For Calcs": NaN,
        "Net Income From Continuing Operation Net Minority Interest": NaN,
        "Reconciled Depreciation": NaN,
        "Net Interest Income": NaN,
        "Interest Expense": NaN,
        "Interest Income": NaN,
        "Normalized Income": NaN,
        "Net Income From Continuing And Discontinued Operation": NaN,
        "Diluted Average Shares": NaN,
        "Basic Average Shares": NaN,
        "Diluted EPS": NaN,
        "Basic EPS": NaN,
        "Diluted NI Availto Com Stockholders": NaN,
        "Net Income Common Stockholders": NaN,
        "Otherunder Preferred Stock Dividend": NaN,
        "Preferred Stock Dividends": NaN,
        "Net Income": NaN,
        "Net Income Including Noncontrolling Interests": NaN,
        "Net Income Continuous Operations": NaN,
        "Tax Provision": NaN,
        "Pretax Income": NaN,
        "Gain On Sale Of Security": -234000000.0,
        "Selling General And Administration": NaN,
        "Selling And Marketing Expense": NaN,
        "General And Administrative Expense": NaN,
        "Salaries And Wages": NaN,
        "Total Revenue": NaN,
        "Operating Revenue": NaN
    },
    "2022-09-30": {
        "Tax Effect Of Unusual Items": 0.0,
        "Tax Rate For Calcs": 0.236,
        "Net Income From Continuing Operation Net Minority Interest": 1879000000.0,
        "Reconciled Depreciation": 413000000.0,
        "Net Interest Income": 2578000000.0,
        "Interest Expense": 796000000.0,
        "Interest Income": 3374000000.0,
        "Normalized Income": 1879000000.0,
        "Net Income From Continuing And Discontinued Operation": 1879000000.0,
        "Diluted Average Shares": 749000000.0,
        "Basic Average Shares": 748000000.0,
        "Diluted EPS": 2.47,
        "Basic EPS": 2.47,
        "Diluted NI Availto Com Stockholders": 1851000000.0,
        "Net Income Common Stockholders": 1851000000.0,
        "Otherunder Preferred Stock Dividend": 14000000.0,
        "Preferred Stock Dividends": 14000000.0,
        "Net Income": 1879000000.0,
        "Net Income Including Noncontrolling Interests": 1879000000.0,
        "Net Income Continuous Operations": 1879000000.0,
        "Tax Provision": 580000000.0,
        "Pretax Income": 2459000000.0,
        "Gain On Sale Of Security": -47000000.0,
        "Selling General And Administration": 3206000000.0,
        "Selling And Marketing Expense": 1458000000.0,
        "General And Administrative Expense": 1748000000.0,
        "Salaries And Wages": 1748000000.0,
        "Total Revenue": 13556000000.0,
        "Operating Revenue": 13556000000.0
    },
    "2022-06-30": {
        "Tax Effect Of Unusual Items": 0.0,
        "Tax Rate For Calcs": 0.228,
        "Net Income From Continuing Operation Net Minority Interest": 1964000000.0,
        "Reconciled Depreciation": 397000000.0,
        "Net Interest Income": 2360000000.0,
        "Interest Expense": 439000000.0,
        "Interest Income": 2799000000.0,
        "Normalized Income": 1964000000.0,
        "Net Income From Continuing And Discontinued Operation": 1964000000.0,
        "Diluted Average Shares": 753000000.0,
        "Basic Average Shares": 752000000.0,
        "Diluted EPS": 2.57,
        "Basic EPS": 2.57,
        "Diluted NI Availto Com Stockholders": 1934000000.0,
        "Net Income Common Stockholders": 1934000000.0,
        "Otherunder Preferred Stock Dividend": 15000000.0,
        "Preferred Stock Dividends": 15000000.0,
        "Net Income": 1964000000.0,
        "Net Income Including Noncontrolling Interests": 1964000000.0,
        "Net Income Continuous Operations": 1964000000.0,
        "Tax Provision": 579000000.0,
        "Pretax Income": 2543000000.0,
        "Gain On Sale Of Security": -10000000.0,
        "Selling General And Administration": 3318000000.0,
        "Selling And Marketing Expense": 1502000000.0,
        "General And Administrative Expense": 1816000000.0,
        "Salaries And Wages": 1816000000.0,
        "Total Revenue": 13395000000.0,
        "Operating Revenue": 13395000000.0
    },
    "2022-03-31": {
        "Diluted EPS": 2.73,
        "Total Revenue": NaN,
        "Gross Profit": NaN,
        "Operating Income": NaN,
        "EBIT": NaN,
        "Net Income": NaN
    },
    "2021-12-31": {
        "Diluted EPS": 2.21,
        "Total Revenue": NaN,
        "Gross Profit": NaN,
        "Operating Income": NaN,
        "EBIT": NaN,
        "Net Income": NaN
    },
    "2021-09-30": {
        "Diluted EPS": 2.27,
        "Total Revenue": NaN,
        "Gross Profit": NaN,
        "Operating Income": NaN,
        "EBIT": NaN,
        "Net Income": NaN
    },
    "2021-06-30": {
        "Diluted EPS": 2.8,
        "Total Revenue": NaN,
        "Gross Profit": NaN,
        "Operating Income": NaN,
        "EBIT": NaN,
        "Net Income": NaN
    },
    "2021-03-31": {
        "Diluted EPS": 2.74,
        "Total Revenue": NaN,
        "Gross Profit": NaN,
        "Operating Income": NaN,
        "EBIT": NaN,
        "Net Income": NaN
    },
    "2020-12-31": {
        "Diluted EPS": 1.77,
        "Total Revenue": NaN,
        "Gross Profit": NaN,
        "Operating Income": NaN,
        "EBIT": NaN,
        "Net Income": NaN
    },
    "2020-09-30": {
        "Diluted EPS": 1.3,
        "Total Revenue": NaN,
        "Gross Profit": NaN,
        "Operating Income": NaN,
        "EBIT": NaN,
        "Net Income": NaN
    },
    "2020-06-30": {
        "Diluted EPS": 0.29,
        "Total Revenue": NaN,
        "Gross Profit": NaN,
        "Operating Income": 622,
        "EBIT": NaN,
        "Net Income": 238
    },
    "2020-03-31": {
        "Diluted EPS": 0.41,
        "Total Revenue": NaN,
        "Gross Profit": NaN,
        "Operating Income": 452,
        "EBIT": NaN,
        "Net Income": 333
    },
    "2019-12-31": {
        "Diluted EPS": 2.04,
        "Total Revenue": NaN,
        "Gross Profit": NaN,
        "Operating Income": NaN,
        "EBIT": NaN,
        "Net Income": NaN
    },
    "2019-09-30": {
        "Diluted EPS": 2.08,
        "Total Revenue": NaN,
        "Gross Profit": NaN,
        "Operating Income": NaN,
        "EBIT": NaN,
        "Net Income": NaN
    },
    "2019-06-30": {
        "Diluted EPS": 2.07,
        "Total Revenue": NaN,
        "Gross Profit": NaN,
        "Operating Income": NaN,
        "EBIT": NaN,
        "Net Income": NaN
    },
    "2019-03-31": {
        "Diluted EPS": 1.8,
        "Total Revenue": NaN,
        "Gross Profit": NaN,
        "Operating Income": NaN,
        "EBIT": NaN,
        "Net Income": NaN
    },
    "2018-12-31": {
        "Diluted EPS": 2.33,
        "Total Revenue": NaN,
        "Gross Profit": NaN,
        "Operating Income": NaN,
        "EBIT": NaN,
        "Net Income": NaN
    },
    "2018-09-30": {
        "Diluted EPS": 1.88,
        "Total Revenue": NaN,
        "Gross Profit": NaN,
        "Operating Income": NaN,
        "EBIT": NaN,
        "Net Income": NaN
    },
    "2018-06-30": {
        "Diluted EPS": 1.84,
        "Total Revenue": NaN,
        "Gross Profit": NaN,
        "Operating Income": NaN,
        "EBIT": NaN,
        "Net Income": NaN
    },
    "2018-03-31": {
        "Diluted EPS": 1.86,
        "Total Revenue": NaN,
        "Gross Profit": NaN,
        "Operating Income": NaN,
        "EBIT": NaN,
        "Net Income": NaN
    },
    "2017-12-31": {
        "Diluted EPS": -1.34,
        "Total Revenue": NaN,
        "Gross Profit": NaN,
        "Operating Income": NaN,
        "EBIT": NaN,
        "Net Income": NaN
    },
    "2017-09-30": {
        "Diluted EPS": 1.51,
        "Total Revenue": NaN,
        "Gross Profit": NaN,
        "Operating Income": NaN,
        "EBIT": NaN,
        "Net Income": NaN
    },
    "2017-06-30": {
        "Diluted EPS": 1.47,
        "Total Revenue": NaN,
        "Gross Profit": NaN,
        "Operating Income": NaN,
        "EBIT": NaN,
        "Net Income": NaN
    },
    "2017-03-31": {
        "Diluted EPS": 1.35,
        "Total Revenue": NaN,
        "Gross Profit": NaN,
        "Operating Income": NaN,
        "EBIT": NaN,
        "Net Income": NaN
    },
    "2016-12-31": {
        "Diluted EPS": 0.86,
        "Total Revenue": NaN,
        "Gross Profit": NaN,
        "Operating Income": NaN,
        "EBIT": NaN,
        "Net Income": 767
    },
    "2016-09-30": {
        "Diluted EPS": 1.2,
        "Total Revenue": NaN,
        "Gross Profit": NaN,
        "Operating Income": NaN,
        "EBIT": NaN,
        "Net Income": NaN
    },
    "2016-06-30": {
        "Diluted EPS": 2.1,
        "Total Revenue": NaN,
        "Gross Profit": NaN,
        "Operating Income": NaN,
        "EBIT": NaN,
        "Net Income": NaN
    },
    "2016-03-31": {
        "Diluted EPS": 1.45,
        "Total Revenue": NaN,
        "Gross Profit": NaN,
        "Operating Income": NaN,
        "EBIT": NaN,
        "Net Income": NaN
    },
    "2015-12-31": {
        "Diluted EPS": 0.91,
        "Total Revenue": NaN,
        "Gross Profit": NaN,
        "Operating Income": NaN,
        "EBIT": NaN,
        "Net Income": 873
    },
    "2015-09-30": {
        "Diluted EPS": 1.24,
        "Total Revenue": NaN,
        "Gross Profit": NaN,
        "Operating Income": NaN,
        "EBIT": NaN,
        "Net Income": NaN
    },
    "2015-06-30": {
        "Diluted EPS": 1.42,
        "Total Revenue": NaN,
        "Gross Profit": NaN,
        "Operating Income": NaN,
        "EBIT": NaN,
        "Net Income": NaN
    },
    "2015-03-31": {
        "Diluted EPS": 1.48,
        "Total Revenue": NaN,
        "Gross Profit": NaN,
        "Operating Income": NaN,
        "EBIT": NaN,
        "Net Income": NaN
    },
    "2014-12-31": {
        "Diluted EPS": 1.4,
        "Total Revenue": NaN,
        "Gross Profit": NaN,
        "Operating Income": NaN,
        "EBIT": NaN,
        "Net Income": NaN
    },
    "2014-09-30": {
        "Diluted EPS": 1.4,
        "Total Revenue": NaN,
        "Gross Profit": NaN,
        "Operating Income": NaN,
        "EBIT": NaN,
        "Net Income": NaN
    },
    "2014-06-30": {
        "Diluted EPS": 1.43,
        "Total Revenue": NaN,
        "Gross Profit": NaN,
        "Operating Income": NaN,
        "EBIT": NaN,
        "Net Income": NaN
    },
    "2014-03-31": {
        "Diluted EPS": 1.33,
        "Total Revenue": NaN,
        "Gross Profit": NaN,
        "Operating Income": NaN,
        "EBIT": NaN,
        "Net Income": NaN
    },
    "2013-12-31": {
        "Diluted EPS": 1.21,
        "Total Revenue": NaN,
        "Gross Profit": NaN,
        "Operating Income": NaN,
        "EBIT": NaN,
        "Net Income": NaN
    },
    "2013-09-30": {
        "Diluted EPS": 1.25,
        "Total Revenue": NaN,
        "Gross Profit": NaN,
        "Operating Income": NaN,
        "EBIT": NaN,
        "Net Income": NaN
    },
    "2013-06-30": {
        "Diluted EPS": 1.27,
        "Total Revenue": NaN,
        "Gross Profit": NaN,
        "Operating Income": NaN,
        "EBIT": NaN,
        "Net Income": NaN
    },
    "2013-03-31": {
        "Diluted EPS": 1.15,
        "Total Revenue": NaN,
        "Gross Profit": NaN,
        "Operating Income": NaN,
        "EBIT": NaN,
        "Net Income": NaN
    },
    "2012-12-31": {
        "Diluted EPS": 0.58,
        "Total Revenue": NaN,
        "Gross Profit": NaN,
        "Operating Income": -408,
        "EBIT": NaN,
        "Net Income": 616
    },
    "2012-09-30": {
        "Diluted EPS": 1.09,
        "Total Revenue": NaN,
        "Gross Profit": NaN,
        "Operating Income": NaN,
        "EBIT": NaN,
        "Net Income": NaN
    },
    "2012-06-30": {
        "Diluted EPS": 1.15,
        "Total Revenue": NaN,
        "Gross Profit": NaN,
        "Operating Income": NaN,
        "EBIT": NaN,
        "Net Income": NaN
    },
    "2012-03-31": {
        "Diluted EPS": 1.07,
        "Total Revenue": NaN,
        "Gross Profit": NaN,
        "Operating Income": NaN,
        "EBIT": NaN,
        "Net Income": NaN
    },
    "2011-12-31": {
        "Diluted EPS": 1.02,
        "Total Revenue": NaN,
        "Gross Profit": NaN,
        "Operating Income": 530,
        "EBIT": NaN,
        "Net Income": NaN
    },
    "2011-09-30": {
        "Diluted EPS": 1.03,
        "Total Revenue": NaN,
        "Gross Profit": NaN,
        "Operating Income": NaN,
        "EBIT": NaN,
        "Net Income": NaN
    },
    "2011-06-30": {
        "Diluted EPS": 1.1,
        "Total Revenue": NaN,
        "Gross Profit": NaN,
        "Operating Income": NaN,
        "EBIT": NaN,
        "Net Income": NaN
    },
    "2011-03-31": {
        "Diluted EPS": 0.97,
        "Total Revenue": NaN,
        "Gross Profit": NaN,
        "Operating Income": NaN,
        "EBIT": NaN,
        "Net Income": NaN
    },
    "2010-12-31": {
        "Diluted EPS": 0.88,
        "Total Revenue": NaN,
        "Gross Profit": NaN,
        "Operating Income": NaN,
        "EBIT": NaN,
        "Net Income": NaN
    },
    "2010-09-30": {
        "Diluted EPS": 0.9,
        "Total Revenue": NaN,
        "Gross Profit": NaN,
        "Operating Income": NaN,
        "EBIT": NaN,
        "Net Income": NaN
    },
    "2010-06-30": {
        "Diluted EPS": 0.84,
        "Total Revenue": NaN,
        "Gross Profit": NaN,
        "Operating Income": NaN,
        "EBIT": NaN,
        "Net Income": NaN
    },
    "2010-03-31": {
        "Diluted EPS": 0.73,
        "Total Revenue": NaN,
        "Gross Profit": NaN,
        "Operating Income": NaN,
        "EBIT": NaN,
        "Net Income": 885
    },
    "2009-12-31": {
        "Diluted EPS": 0.61,
        "Total Revenue": NaN,
        "Gross Profit": NaN,
        "Operating Income": 961,
        "EBIT": NaN,
        "Net Income": NaN
    },
    "2009-09-30": {
        "Diluted EPS": 0.53,
        "Total Revenue": NaN,
        "Gross Profit": NaN,
        "Operating Income": 918,
        "EBIT": NaN,
        "Net Income": 640
    },
    "2009-06-30": {
        "Diluted EPS": 0.09,
        "Total Revenue": NaN,
        "Gross Profit": NaN,
        "Operating Income": 418,
        "EBIT": NaN,
        "Net Income": 102
    },
    "2009-03-31": {
        "Diluted EPS": 0.31,
        "Total Revenue": NaN,
        "Gross Profit": NaN,
        "Operating Income": 544,
        "EBIT": NaN,
        "Net Income": 361
    },
    "2023-09-30": {
        "Tax Effect Of Unusual Items": 0.0,
        "Tax Rate For Calcs": 0.209,
        "Net Income From Continuing Operation Net Minority Interest": 2451000000.0,
        "Reconciled Depreciation": 429000000.0,
        "Net Interest Income": 3442000000.0,
        "Interest Expense": 1798000000.0,
        "Interest Income": 5240000000.0,
        "Normalized Income": 2451000000.0,
        "Net Income From Continuing And Discontinued Operation": 2451000000.0,
        "Diluted Average Shares": 733000000.0,
        "Basic Average Shares": 732000000.0,
        "Diluted EPS": 3.3,
        "Basic EPS": 3.3,
        "Diluted NI Availto Com Stockholders": 2418000000.0,
        "Net Income Common Stockholders": 2418000000.0,
        "Otherunder Preferred Stock Dividend": 19000000.0,
        "Preferred Stock Dividends": 14000000.0,
        "Net Income": 2451000000.0,
        "Net Income Including Noncontrolling Interests": 2451000000.0,
        "Net Income Continuous Operations": 2451000000.0,
        "Tax Provision": 649000000.0,
        "Pretax Income": 3100000000.0,
        "Gain On Sale Of Security": -39000000.0,
        "Selling General And Administration": 3283000000.0,
        "Selling And Marketing Expense": 1236000000.0,
        "General And Administrative Expense": 2047000000.0,
        "Salaries And Wages": 2047000000.0,
        "Total Revenue": 15342000000.0,
        "Operating Revenue": 15342000000.0
    },
    "2023-12-31": {
        "Tax Effect Of Unusual Items": 0.0,
        "Tax Rate For Calcs": 0.230494,
        "Net Income From Continuing Operation Net Minority Interest": 1933000000.0,
        "Reconciled Depreciation": 422000000.0,
        "Net Interest Income": 3604000000.0,
        "Interest Expense": 1948000000.0,
        "Interest Income": 5552000000.0,
        "Normalized Income": 1933000000.0,
        "Net Income From Continuing And Discontinued Operation": 1933000000.0,
        "Diluted Average Shares": 726000000.0,
        "Basic Average Shares": 725000000.0,
        "Diluted EPS": 2.62,
        "Basic EPS": 2.63,
        "Diluted NI Availto Com Stockholders": 1904000000.0,
        "Net Income Common Stockholders": 1904000000.0,
        "Otherunder Preferred Stock Dividend": 14000000.0,
        "Preferred Stock Dividends": 15000000.0,
        "Net Income": 1933000000.0,
        "Net Income Including Noncontrolling Interests": 1933000000.0,
        "Net Income Continuous Operations": 1933000000.0,
        "Tax Provision": 579000000.0,
        "Pretax Income": 2512000000.0,
        "Gain On Sale Of Security": -7000000.0,
        "Selling General And Administration": 3359000000.0,
        "Selling And Marketing Expense": 1228000000.0,
        "General And Administrative Expense": 2131000000.0,
        "Salaries And Wages": 2131000000.0,
        "Total Revenue": 15792000000.0,
        "Operating Revenue": 15792000000.0
    },
    "2024-03-31": {
        "Tax Effect Of Unusual Items": 0.0,
        "Tax Rate For Calcs": 0.225,
        "Net Income From Continuing Operation Net Minority Interest": 2437000000.0,
        "Reconciled Depreciation": 390000000.0,
        "Net Interest Income": 3769000000.0,
        "Interest Expense": 2006000000.0,
        "Interest Income": 5775000000.0,
        "Normalized Income": 2437000000.0,
        "Net Income From Continuing And Discontinued Operation": 2437000000.0,
        "Diluted Average Shares": 722000000.0,
        "Basic Average Shares": 721000000.0,
        "Diluted EPS": 3.33,
        "Basic EPS": 3.34,
        "Diluted NI Availto Com Stockholders": 2405000000.0,
        "Net Income Common Stockholders": 2405000000.0,
        "Otherunder Preferred Stock Dividend": 14000000.0,
        "Preferred Stock Dividends": 18000000.0,
        "Net Income": 2437000000.0,
        "Net Income Including Noncontrolling Interests": 2437000000.0,
        "Net Income Continuous Operations": 2437000000.0,
        "Tax Provision": 708000000.0,
        "Pretax Income": 3145000000.0,
        "Gain On Sale Of Security": NaN,
        "Selling General And Administration": 3574000000.0,
        "Selling And Marketing Expense": 1476000000.0,
        "General And Administrative Expense": 2098000000.0,
        "Salaries And Wages": 2098000000.0,
        "Total Revenue": 15801000000.0,
        "Operating Revenue": 15801000000.0
    }
}