{
    "2023-04-30": {
        "Tax Effect Of Unusual Items": 0.0,
        "Tax Rate For Calcs": 0.21,
        "Normalized EBITDA": -706000.0,
        "Net Income From Continuing Operation Net Minority Interest": -317000.0,
        "Reconciled Depreciation": 28000.0,
        "Reconciled Cost Of Revenue": 6600000.0,
        "EBITDA": -706000.0,
        "EBIT": -734000.0,
        "Net Interest Income": 2000.0,
        "Interest Income": 2000.0,
        "Normalized Income": -317000.0,
        "Net Income From Continuing And Discontinued Operation": -317000.0,
        "Total Expenses": 13435000.0,
        "Total Operating Income As Reported": -734000.0,
        "Diluted Average Shares": NaN,
        "Basic Average Shares": NaN,
        "Diluted EPS": NaN,
        "Basic EPS": NaN,
        "Diluted NI Availto Com Stockholders": -317000.0,
        "Net Income Common Stockholders": -317000.0,
        "Net Income": -317000.0,
        "Net Income Including Noncontrolling Interests": -317000.0,
        "Net Income Continuous Operations": -317000.0,
        "Tax Provision": -415000.0,
        "Pretax Income": -732000.0,
        "Other Income Expense": 0.0,
        "Other Non Operating Income Expenses": 0.0,
        "Net Non Operating Interest Income Expense": 2000.0,
        "Interest Income Non Operating": 2000.0,
        "Operating Income": -734000.0,
        "Operating Expense": 6835000.0,
        "Selling General And Administration": 6835000.0,
        "General And Administrative Expense": 6835000.0,
        "Other Gand A": -762000.0,
        "Salaries And Wages": NaN,
        "Gross Profit": 6101000.0,
        "Cost Of Revenue": 6600000.0,
        "Total Revenue": 12701000.0,
        "Operating Revenue": 12568000.0
    },
    "2023-01-31": {
        "Tax Effect Of Unusual Items": 0.0,
        "Tax Rate For Calcs": 0.21,
        "Normalized EBITDA": -462000.0,
        "Net Income From Continuing Operation Net Minority Interest": 16574000.0,
        "Reconciled Depreciation": 13000.0,
        "Reconciled Cost Of Revenue": 5683000.0,
        "EBITDA": -462000.0,
        "EBIT": -475000.0,
        "Net Interest Income": 0.0,
        "Interest Income": 0.0,
        "Normalized Income": 16574000.0,
        "Net Income From Continuing And Discontinued Operation": 16574000.0,
        "Total Expenses": 9592000.0,
        "Total Operating Income As Reported": -475000.0,
        "Diluted Average Shares": 5310000.0,
        "Basic Average Shares": 5284000.0,
        "Diluted EPS": 3.12,
        "Basic EPS": 3.14,
        "Diluted NI Availto Com Stockholders": 16574000.0,
        "Net Income Common Stockholders": 16574000.0,
        "Net Income": 16574000.0,
        "Net Income Including Noncontrolling Interests": 16574000.0,
        "Net Income Continuous Operations": 16574000.0,
        "Tax Provision": -15246000.0,
        "Pretax Income": 1328000.0,
        "Other Income Expense": 1803000.0,
        "Other Non Operating Income Expenses": 1803000.0,
        "Net Non Operating Interest Income Expense": 0.0,
        "Interest Income Non Operating": 0.0,
        "Operating Income": -475000.0,
        "Operating Expense": 3909000.0,
        "Selling General And Administration": 3909000.0,
        "General And Administrative Expense": 3909000.0,
        "Other Gand A": 1573000.0,
        "Salaries And Wages": 2336000.0,
        "Gross Profit": 3434000.0,
        "Cost Of Revenue": 5683000.0,
        "Total Revenue": 9117000.0,
        "Operating Revenue": 9040000.0
    },
    "2022-10-31": {
        "Tax Effect Of Unusual Items": NaN,
        "Tax Rate For Calcs": NaN,
        "Normalized EBITDA": NaN,
        "Net Income From Continuing Operation Net Minority Interest": NaN,
        "Reconciled Depreciation": NaN,
        "Reconciled Cost Of Revenue": NaN,
        "EBITDA": NaN,
        "EBIT": NaN,
        "Net Interest Income": NaN,
        "Interest Income": NaN,
        "Normalized Income": NaN,
        "Net Income From Continuing And Discontinued Operation": NaN,
        "Total Expenses": NaN,
        "Total Operating Income As Reported": NaN,
        "Diluted Average Shares": 5307000.0,
        "Basic Average Shares": 5281000.0,
        "Diluted EPS": 0.68,
        "Basic EPS": 0.69,
        "Diluted NI Availto Com Stockholders": NaN,
        "Net Income Common Stockholders": NaN,
        "Net Income": NaN,
        "Net Income Including Noncontrolling Interests": NaN,
        "Net Income Continuous Operations": NaN,
        "Tax Provision": NaN,
        "Pretax Income": NaN,
        "Other Income Expense": NaN,
        "Other Non Operating Income Expenses": NaN,
        "Net Non Operating Interest Income Expense": NaN,
        "Interest Income Non Operating": NaN,
        "Operating Income": NaN,
        "Operating Expense": NaN,
        "Selling General And Administration": NaN,
        "General And Administrative Expense": NaN,
        "Other Gand A": NaN,
        "Salaries And Wages": NaN,
        "Gross Profit": NaN,
        "Cost Of Revenue": NaN,
        "Total Revenue": NaN,
        "Operating Revenue": NaN
    },
    "2022-07-31": {
        "Tax Effect Of Unusual Items": 0.0,
        "Tax Rate For Calcs": 0.256899,
        "Normalized EBITDA": 2574000.0,
        "Net Income From Continuing Operation Net Minority Interest": 1912000.0,
        "Reconciled Depreciation": 8000.0,
        "Reconciled Cost Of Revenue": 7495000.0,
        "EBITDA": 2574000.0,
        "EBIT": 2566000.0,
        "Net Interest Income": 7000.0,
        "Interest Income": 7000.0,
        "Normalized Income": 1912000.0,
        "Net Income From Continuing And Discontinued Operation": 1912000.0,
        "Total Expenses": 8666000.0,
        "Total Operating Income As Reported": 2566000.0,
        "Diluted Average Shares": 5296000.0,
        "Basic Average Shares": 5274000.0,
        "Diluted EPS": 0.36,
        "Basic EPS": 0.36,
        "Diluted NI Availto Com Stockholders": 1912000.0,
        "Net Income Common Stockholders": 1912000.0,
        "Net Income": 1912000.0,
        "Net Income Including Noncontrolling Interests": 1912000.0,
        "Net Income Continuous Operations": 1912000.0,
        "Tax Provision": 661000.0,
        "Pretax Income": 2573000.0,
        "Other Income Expense": NaN,
        "Other Non Operating Income Expenses": NaN,
        "Net Non Operating Interest Income Expense": 7000.0,
        "Interest Income Non Operating": 7000.0,
        "Operating Income": 2566000.0,
        "Operating Expense": 1171000.0,
        "Selling General And Administration": 1171000.0,
        "General And Administrative Expense": 1171000.0,
        "Other Gand A": 1171000.0,
        "Gross Profit": 3737000.0,
        "Cost Of Revenue": 7495000.0,
        "Total Revenue": 11232000.0,
        "Operating Revenue": 10611000.0
    },
    "2022-04-30": {
        "Diluted EPS": 1.42,
        "Total Revenue": 23,
        "Gross Profit": 15,
        "Operating Income": 14,
        "EBIT": 14,
        "Net Income": 10
    },
    "2022-01-31": {
        "Diluted EPS": 0.12,
        "Total Revenue": 9,
        "Gross Profit": 3,
        "Operating Income": 1,
        "EBIT": 1,
        "Net Income": 1
    },
    "2021-10-31": {
        "Diluted EPS": 0.45,
        "Total Revenue": 16,
        "Gross Profit": 6,
        "Operating Income": 4,
        "EBIT": 4,
        "Net Income": 3
    },
    "2021-07-31": {
        "Diluted EPS": 0.22,
        "Total Revenue": 11,
        "Gross Profit": 3,
        "Operating Income": 2,
        "EBIT": 2,
        "Net Income": 2
    },
    "2021-04-30": {
        "Diluted EPS": 0.5,
        "Total Revenue": 19,
        "Gross Profit": 6,
        "Operating Income": 5,
        "EBIT": 5,
        "Net Income": 4
    },
    "2021-01-31": {
        "Diluted EPS": 0.28,
        "Total Revenue": 8,
        "Gross Profit": 4,
        "Operating Income": 3,
        "EBIT": 3,
        "Net Income": 2
    },
    "2020-10-31": {
        "Diluted EPS": 0.1,
        "Total Revenue": 9,
        "Gross Profit": 3,
        "Operating Income": 1,
        "EBIT": 1,
        "Net Income": 1
    },
    "2020-07-31": {
        "Diluted EPS": 0.07,
        "Total Revenue": 4,
        "Gross Profit": 2,
        "Operating Income": 1,
        "EBIT": 1,
        "Net Income": 1
    },
    "2020-04-30": {
        "Diluted EPS": -0.48,
        "Total Revenue": 5,
        "Gross Profit": 2,
        "Operating Income": -5,
        "EBIT": -5,
        "Net Income": -4
    },
    "2020-01-31": {
        "Diluted EPS": 0.04,
        "Total Revenue": 5,
        "Gross Profit": 2,
        "Operating Income": 1,
        "EBIT": 1,
        "Net Income": 0
    },
    "2019-10-31": {
        "Diluted EPS": -0.27,
        "Total Revenue": 4,
        "Gross Profit": 1,
        "Operating Income": -3,
        "EBIT": -3,
        "Net Income": -2
    },
    "2019-07-31": {
        "Diluted EPS": -0.02,
        "Total Revenue": 5,
        "Gross Profit": 0,
        "Operating Income": 0,
        "EBIT": 0,
        "Net Income": 0
    },
    "2019-04-30": {
        "Diluted EPS": 0.18,
        "Total Revenue": 4,
        "Gross Profit": 0,
        "Operating Income": -1,
        "EBIT": -1,
        "Net Income": 1
    },
    "2019-01-31": {
        "Diluted EPS": 0.0,
        "Total Revenue": 2,
        "Gross Profit": 0,
        "Operating Income": -1,
        "EBIT": -1,
        "Net Income": 0
    },
    "2018-10-31": {
        "Diluted EPS": 0.0,
        "Total Revenue": 3,
        "Gross Profit": 0,
        "Operating Income": -1,
        "EBIT": -1,
        "Net Income": 0
    },
    "2018-07-31": {
        "Diluted EPS": 0.01,
        "Total Revenue": 4,
        "Gross Profit": 0,
        "Operating Income": -1,
        "EBIT": -1,
        "Net Income": 0
    },
    "2018-04-30": {
        "Diluted EPS": 0.17,
        "Total Revenue": -22,
        "Gross Profit": -4,
        "Operating Income": -6,
        "EBIT": -6,
        "Net Income": 1
    },
    "2018-01-31": {
        "Diluted EPS": -0.35,
        "Total Revenue": 10,
        "Gross Profit": 2,
        "Operating Income": 0,
        "EBIT": 1,
        "Net Income": -3
    },
    "2017-10-31": {
        "Diluted EPS": 0.03,
        "Total Revenue": 9,
        "Gross Profit": 1,
        "Operating Income": 0,
        "EBIT": 1,
        "Net Income": 0
    },
    "2017-07-31": {
        "Diluted EPS": 0.18,
        "Total Revenue": 11,
        "Gross Profit": 3,
        "Operating Income": 2,
        "EBIT": 3,
        "Net Income": 1
    },
    "2017-04-30": {
        "Diluted EPS": -0.11,
        "Total Revenue": 9,
        "Gross Profit": 0,
        "Operating Income": -1,
        "EBIT": 0,
        "Net Income": -1
    },
    "2017-01-31": {
        "Diluted EPS": 0.02,
        "Total Revenue": 10,
        "Gross Profit": 2,
        "Operating Income": 0,
        "EBIT": 1,
        "Net Income": 0
    },
    "2016-10-31": {
        "Diluted EPS": 0.01,
        "Total Revenue": 11,
        "Gross Profit": 1,
        "Operating Income": 0,
        "EBIT": 1,
        "Net Income": 0
    },
    "2016-07-31": {
        "Diluted EPS": 0.08,
        "Total Revenue": 12,
        "Gross Profit": 3,
        "Operating Income": 1,
        "EBIT": 2,
        "Net Income": 1
    },
    "2016-04-30": {
        "Diluted EPS": -0.97,
        "Total Revenue": 9,
        "Gross Profit": 1,
        "Operating Income": -1,
        "EBIT": 0,
        "Net Income": -8
    },
    "2016-01-31": {
        "Diluted EPS": -0.07,
        "Total Revenue": 12,
        "Gross Profit": 2,
        "Operating Income": 0,
        "EBIT": 0,
        "Net Income": -1
    },
    "2015-10-31": {
        "Diluted EPS": -0.08,
        "Total Revenue": 11,
        "Gross Profit": 1,
        "Operating Income": -1,
        "EBIT": 0,
        "Net Income": -1
    },
    "2015-07-31": {
        "Diluted EPS": -0.15,
        "Total Revenue": 10,
        "Gross Profit": 1,
        "Operating Income": -2,
        "EBIT": -1,
        "Net Income": -1
    },
    "2015-04-30": {
        "Diluted EPS": 0.62,
        "Total Revenue": 10,
        "Gross Profit": -1,
        "Operating Income": -2,
        "EBIT": -1,
        "Net Income": 5
    },
    "2015-01-31": {
        "Diluted EPS": -0.04,
        "Total Revenue": 13,
        "Gross Profit": 3,
        "Operating Income": 0,
        "EBIT": 1,
        "Net Income": 0
    },
    "2014-10-31": {
        "Diluted EPS": 0.03,
        "Total Revenue": 14,
        "Gross Profit": 3,
        "Operating Income": 0,
        "EBIT": 1,
        "Net Income": 0
    },
    "2014-07-31": {
        "Diluted EPS": 0.82,
        "Total Revenue": 12,
        "Gross Profit": 3,
        "Operating Income": 0,
        "EBIT": 1,
        "Net Income": 6
    },
    "2014-04-30": {
        "Diluted EPS": -0.32,
        "Total Revenue": -1,
        "Gross Profit": 0,
        "Operating Income": 0,
        "EBIT": 1,
        "Net Income": -2
    },
    "2014-01-31": {
        "Diluted EPS": 0.0,
        "Total Revenue": 20,
        "Gross Profit": 4,
        "Operating Income": 1,
        "EBIT": 1,
        "Net Income": 0
    },
    "2013-10-31": {
        "Diluted EPS": 0.01,
        "Total Revenue": 23,
        "Gross Profit": 4,
        "Operating Income": 1,
        "EBIT": 2,
        "Net Income": 0
    },
    "2013-07-31": {
        "Diluted EPS": -0.11,
        "Total Revenue": 21,
        "Gross Profit": 3,
        "Operating Income": -1,
        "EBIT": 0,
        "Net Income": -1
    },
    "2013-04-30": {
        "Diluted EPS": -0.42,
        "Total Revenue": 20,
        "Gross Profit": 2,
        "Operating Income": -2,
        "EBIT": -1,
        "Net Income": -3
    },
    "2013-01-31": {
        "Diluted EPS": 0.0,
        "Total Revenue": 22,
        "Gross Profit": 3,
        "Operating Income": 0,
        "EBIT": 1,
        "Net Income": 0
    },
    "2012-10-31": {
        "Diluted EPS": 0.05,
        "Total Revenue": 21,
        "Gross Profit": 4,
        "Operating Income": 1,
        "EBIT": 2,
        "Net Income": 0
    },
    "2012-07-31": {
        "Diluted EPS": -0.1,
        "Total Revenue": 20,
        "Gross Profit": 3,
        "Operating Income": 0,
        "EBIT": 0,
        "Net Income": -1
    },
    "2012-04-30": {
        "Diluted EPS": -0.27,
        "Total Revenue": 19,
        "Gross Profit": 2,
        "Operating Income": -2,
        "EBIT": -1,
        "Net Income": -2
    },
    "2012-01-31": {
        "Diluted EPS": -0.05,
        "Total Revenue": 21,
        "Gross Profit": 3,
        "Operating Income": -1,
        "EBIT": 1,
        "Net Income": 0
    },
    "2011-10-31": {
        "Diluted EPS": 0.18,
        "Total Revenue": 23,
        "Gross Profit": 6,
        "Operating Income": 2,
        "EBIT": 4,
        "Net Income": 1
    },
    "2011-07-31": {
        "Diluted EPS": -0.05,
        "Total Revenue": 21,
        "Gross Profit": 4,
        "Operating Income": 0,
        "EBIT": 1,
        "Net Income": 0
    },
    "2011-04-30": {
        "Diluted EPS": -1.51,
        "Total Revenue": 22,
        "Gross Profit": 3,
        "Operating Income": -1,
        "EBIT": 1,
        "Net Income": -9
    },
    "2011-01-31": {
        "Diluted EPS": 0.21,
        "Total Revenue": 24,
        "Gross Profit": 4,
        "Operating Income": 1,
        "EBIT": 3,
        "Net Income": 1
    },
    "2010-10-31": {
        "Diluted EPS": 0.12,
        "Total Revenue": 26,
        "Gross Profit": 6,
        "Operating Income": 2,
        "EBIT": 3,
        "Net Income": 1
    },
    "2010-07-31": {
        "Diluted EPS": -0.08,
        "Total Revenue": 25,
        "Gross Profit": 4,
        "Operating Income": 0,
        "EBIT": 1,
        "Net Income": 0
    },
    "2010-04-30": {
        "Diluted EPS": -1.12,
        "Total Revenue": 27,
        "Gross Profit": 0,
        "Operating Income": -9,
        "EBIT": -5,
        "Net Income": -7
    },
    "2010-01-31": {
        "Diluted EPS": -0.12,
        "Total Revenue": 29,
        "Gross Profit": 4,
        "Operating Income": -2,
        "EBIT": 0,
        "Net Income": -1
    },
    "2009-10-31": {
        "Diluted EPS": -0.16,
        "Total Revenue": 32,
        "Gross Profit": 5,
        "Operating Income": -1,
        "EBIT": 2,
        "Net Income": -1
    },
    "2009-07-31": {
        "Diluted EPS": -0.18,
        "Total Revenue": 32,
        "Gross Profit": 4,
        "Operating Income": -1,
        "EBIT": 1,
        "Net Income": -1
    },
    "2009-04-30": {
        "Diluted EPS": -7.72,
        "Total Revenue": 34,
        "Gross Profit": -3,
        "Operating Income": -58,
        "EBIT": -5,
        "Net Income": -46
    },
    "2009-01-31": {
        "Diluted EPS": -0.02,
        "Total Revenue": 36,
        "Gross Profit": 5,
        "Operating Income": -1,
        "EBIT": 2,
        "Net Income": 0
    },
    "2023-07-31": {
        "Tax Effect Of Unusual Items": 0.0,
        "Tax Rate For Calcs": 0.350072,
        "Normalized EBITDA": 2055000.0,
        "Net Income From Continuing Operation Net Minority Interest": 1346000.0,
        "Reconciled Depreciation": 32000.0,
        "Reconciled Cost Of Revenue": 6691000.0,
        "EBITDA": 2055000.0,
        "EBIT": 2023000.0,
        "Net Interest Income": 48000.0,
        "Interest Income": 48000.0,
        "Normalized Income": 1346000.0,
        "Net Income From Continuing And Discontinued Operation": 1346000.0,
        "Total Expenses": 8266000.0,
        "Total Operating Income As Reported": 2023000.0,
        "Diluted Average Shares": 5325000.0,
        "Basic Average Shares": 5292000.0,
        "Diluted EPS": 0.25,
        "Basic EPS": 0.25,
        "Diluted NI Availto Com Stockholders": 1346000.0,
        "Net Income Common Stockholders": 1346000.0,
        "Net Income": 1346000.0,
        "Net Income Including Noncontrolling Interests": 1346000.0,
        "Net Income Continuous Operations": 1346000.0,
        "Tax Provision": 725000.0,
        "Pretax Income": 2071000.0,
        "Other Income Expense": NaN,
        "Other Non Operating Income Expenses": NaN,
        "Net Non Operating Interest Income Expense": 48000.0,
        "Interest Income Non Operating": 48000.0,
        "Operating Income": 2023000.0,
        "Operating Expense": 1575000.0,
        "Selling General And Administration": 1575000.0,
        "General And Administrative Expense": 1575000.0,
        "Other Gand A": 1575000.0,
        "Salaries And Wages": NaN,
        "Gross Profit": 3598000.0,
        "Cost Of Revenue": 6691000.0,
        "Total Revenue": 10289000.0,
        "Operating Revenue": 10172000.0
    },
    "2023-10-31": {
        "Tax Effect Of Unusual Items": 0.0,
        "Tax Rate For Calcs": 0.087315,
        "Normalized EBITDA": 1095000.0,
        "Net Income From Continuing Operation Net Minority Interest": 1108000.0,
        "Reconciled Depreciation": 44000.0,
        "Reconciled Cost Of Revenue": 6257000.0,
        "EBITDA": 1095000.0,
        "EBIT": 1051000.0,
        "Net Interest Income": 163000.0,
        "Interest Income": 163000.0,
        "Normalized Income": 1108000.0,
        "Net Income From Continuing And Discontinued Operation": 1108000.0,
        "Total Expenses": 7803000.0,
        "Total Operating Income As Reported": 1051000.0,
        "Diluted Average Shares": 5339000.0,
        "Basic Average Shares": 5301000.0,
        "Diluted EPS": 0.21,
        "Basic EPS": 0.21,
        "Diluted NI Availto Com Stockholders": 1108000.0,
        "Net Income Common Stockholders": 1108000.0,
        "Net Income": 1108000.0,
        "Net Income Including Noncontrolling Interests": 1108000.0,
        "Net Income Continuous Operations": 1108000.0,
        "Tax Provision": 106000.0,
        "Pretax Income": 1214000.0,
        "Other Income Expense": NaN,
        "Other Non Operating Income Expenses": NaN,
        "Net Non Operating Interest Income Expense": 163000.0,
        "Interest Income Non Operating": 163000.0,
        "Operating Income": 1051000.0,
        "Operating Expense": 1546000.0,
        "Selling General And Administration": 1546000.0,
        "General And Administrative Expense": 1546000.0,
        "Other Gand A": 1546000.0,
        "Salaries And Wages": NaN,
        "Gross Profit": 2597000.0,
        "Cost Of Revenue": 6257000.0,
        "Total Revenue": 8854000.0,
        "Operating Revenue": 8719000.0
    },
    "2024-01-31": {
        "Tax Effect Of Unusual Items": 0.0,
        "Tax Rate For Calcs": 0.192982,
        "Normalized EBITDA": -117000.0,
        "Net Income From Continuing Operation Net Minority Interest": 92000.0,
        "Reconciled Depreciation": 31000.0,
        "Reconciled Cost Of Revenue": 10936000.0,
        "EBITDA": -117000.0,
        "EBIT": -148000.0,
        "Net Interest Income": 262000.0,
        "Interest Income": 262000.0,
        "Normalized Income": 92000.0,
        "Net Income From Continuing And Discontinued Operation": 92000.0,
        "Total Expenses": 12837000.0,
        "Total Operating Income As Reported": -148000.0,
        "Diluted Average Shares": 5346000.0,
        "Basic Average Shares": 5303000.0,
        "Diluted EPS": 0.02,
        "Basic EPS": 0.02,
        "Diluted NI Availto Com Stockholders": 92000.0,
        "Net Income Common Stockholders": 92000.0,
        "Net Income": 92000.0,
        "Net Income Including Noncontrolling Interests": 92000.0,
        "Net Income Continuous Operations": 92000.0,
        "Tax Provision": 22000.0,
        "Pretax Income": 114000.0,
        "Other Income Expense": NaN,
        "Other Non Operating Income Expenses": NaN,
        "Net Non Operating Interest Income Expense": 262000.0,
        "Interest Income Non Operating": 262000.0,
        "Operating Income": -148000.0,
        "Operating Expense": 1901000.0,
        "Selling General And Administration": 1901000.0,
        "General And Administrative Expense": 1901000.0,
        "Other Gand A": 1901000.0,
        "Salaries And Wages": 0.0,
        "Gross Profit": 1753000.0,
        "Cost Of Revenue": 10936000.0,
        "Total Revenue": 12689000.0,
        "Operating Revenue": 12551000.0
    }
}