{
    "2023-03-31": {
        "Tax Effect Of Unusual Items": -44730.0,
        "Tax Rate For Calcs": 0.21,
        "Normalized EBITDA": -790000.0,
        "Total Unusual Items": -213000.0,
        "Total Unusual Items Excluding Goodwill": -213000.0,
        "Net Income From Continuing Operation Net Minority Interest": -3348000.0,
        "Reconciled Depreciation": 2118000.0,
        "Reconciled Cost Of Revenue": 14295000.0,
        "EBITDA": -1003000.0,
        "EBIT": -3121000.0,
        "Net Interest Income": -397000.0,
        "Interest Expense": 397000.0,
        "Normalized Income": -3179730.0,
        "Net Income From Continuing And Discontinued Operation": -3348000.0,
        "Total Expenses": 23369000.0,
        "Total Operating Income As Reported": -4437000.0,
        "Diluted Average Shares": 42498000.0,
        "Basic Average Shares": 42498000.0,
        "Diluted EPS": -0.08,
        "Basic EPS": -0.08,
        "Diluted NI Availto Com Stockholders": -3392000.0,
        "Net Income Common Stockholders": -3392000.0,
        "Preferred Stock Dividends": 44000.0,
        "Net Income": -3348000.0,
        "Minority Interests": 318000.0,
        "Net Income Including Noncontrolling Interests": -3666000.0,
        "Net Income Continuous Operations": -3666000.0,
        "Tax Provision": 148000.0,
        "Pretax Income": -3518000.0,
        "Other Income Expense": 843000.0,
        "Other Non Operating Income Expenses": 22000.0,
        "Earnings From Equity Interest": 1034000.0,
        "Gain On Sale Of Security": -213000.0,
        "Net Non Operating Interest Income Expense": -397000.0,
        "Interest Expense Non Operating": 397000.0,
        "Operating Income": -3964000.0,
        "Operating Expense": 9074000.0,
        "Other Operating Expenses": -473000.0,
        "Research And Development": 3595000.0,
        "Selling General And Administration": 5952000.0,
        "Gross Profit": 5110000.0,
        "Cost Of Revenue": 14295000.0,
        "Total Revenue": 19405000.0,
        "Operating Revenue": 19405000.0
    },
    "2022-12-31": {
        "Tax Effect Of Unusual Items": 0.0,
        "Tax Rate For Calcs": 0.21,
        "Normalized EBITDA": 3962000.0,
        "Net Income From Continuing Operation Net Minority Interest": 1341000.0,
        "Reconciled Depreciation": 2069000.0,
        "Reconciled Cost Of Revenue": 18199000.0,
        "EBITDA": 3962000.0,
        "EBIT": 1893000.0,
        "Net Interest Income": -401000.0,
        "Interest Expense": 401000.0,
        "Normalized Income": 1341000.0,
        "Net Income From Continuing And Discontinued Operation": 1341000.0,
        "Total Expenses": 26086000.0,
        "Total Operating Income As Reported": -1001000.0,
        "Diluted Average Shares": 42705000.0,
        "Basic Average Shares": 42383000.0,
        "Diluted EPS": 0.03,
        "Basic EPS": 0.03,
        "Diluted NI Availto Com Stockholders": 1296000.0,
        "Net Income Common Stockholders": 1296000.0,
        "Preferred Stock Dividends": 45000.0,
        "Net Income": 1341000.0,
        "Minority Interests": -154000.0,
        "Net Income Including Noncontrolling Interests": 1495000.0,
        "Net Income Continuous Operations": 1495000.0,
        "Tax Provision": -3000.0,
        "Pretax Income": 1492000.0,
        "Other Income Expense": 1184000.0,
        "Other Non Operating Income Expenses": -1038000.0,
        "Earnings From Equity Interest": 649000.0,
        "Net Non Operating Interest Income Expense": -401000.0,
        "Interest Expense Non Operating": 401000.0,
        "Operating Income": 709000.0,
        "Operating Expense": 7887000.0,
        "Research And Development": 3662000.0,
        "Selling General And Administration": 5935000.0,
        "Gross Profit": 8596000.0,
        "Cost Of Revenue": 18199000.0,
        "Total Revenue": 26795000.0,
        "Operating Revenue": 26795000.0
    },
    "2022-09-30": {
        "Tax Effect Of Unusual Items": 0.0,
        "Tax Rate For Calcs": 0.069285,
        "Normalized EBITDA": 7530000.0,
        "Net Income From Continuing Operation Net Minority Interest": 5759000.0,
        "Reconciled Depreciation": 2055000.0,
        "Reconciled Cost Of Revenue": 20401000.0,
        "EBITDA": 7530000.0,
        "EBIT": 7530000.0,
        "Net Interest Income": -299000.0,
        "Interest Expense": 299000.0,
        "Normalized Income": 5759000.0,
        "Net Income From Continuing And Discontinued Operation": 5759000.0,
        "Total Expenses": 30616000.0,
        "Total Operating Income As Reported": 4567000.0,
        "Diluted Average Shares": 42982000.0,
        "Basic Average Shares": 42163000.0,
        "Diluted EPS": 0.13,
        "Basic EPS": 0.14,
        "Diluted NI Availto Com Stockholders": 5759000.0,
        "Net Income Common Stockholders": 5759000.0,
        "Preferred Stock Dividends": 44000.0,
        "Net Income": 5759000.0,
        "Minority Interests": -971000.0,
        "Net Income Including Noncontrolling Interests": 6730000.0,
        "Net Income Continuous Operations": 6730000.0,
        "Tax Provision": 501000.0,
        "Pretax Income": 7231000.0,
        "Other Income Expense": 2963000.0,
        "Other Non Operating Income Expenses": 957000.0,
        "Earnings From Equity Interest": 2006000.0,
        "Net Non Operating Interest Income Expense": -299000.0,
        "Interest Expense Non Operating": 299000.0,
        "Operating Income": 4567000.0,
        "Operating Expense": 10215000.0,
        "Research And Development": 3639000.0,
        "Selling General And Administration": 6576000.0,
        "Gross Profit": 14782000.0,
        "Cost Of Revenue": 20401000.0,
        "Total Revenue": 35183000.0,
        "Operating Revenue": 35183000.0
    },
    "2022-06-30": {
        "Tax Effect Of Unusual Items": 0.0,
        "Tax Rate For Calcs": 0.135631,
        "Normalized EBITDA": 5289000.0,
        "Net Income From Continuing Operation Net Minority Interest": 5546000.0,
        "Reconciled Depreciation": 2012000.0,
        "Reconciled Cost Of Revenue": 24052000.0,
        "EBITDA": 5289000.0,
        "EBIT": 5289000.0,
        "Net Interest Income": -188000.0,
        "Interest Expense": NaN,
        "Normalized Income": 5546000.0,
        "Net Income From Continuing And Discontinued Operation": 5546000.0,
        "Total Expenses": 34198000.0,
        "Total Operating Income As Reported": 5289000.0,
        "Diluted Average Shares": 42511000.0,
        "Basic Average Shares": 42001000.0,
        "Diluted EPS": 0.13,
        "Basic EPS": 0.13,
        "Diluted NI Availto Com Stockholders": 5546000.0,
        "Net Income Common Stockholders": 5546000.0,
        "Preferred Stock Dividends": 44000.0,
        "Net Income": 5546000.0,
        "Minority Interests": -999000.0,
        "Net Income Including Noncontrolling Interests": 6545000.0,
        "Net Income Continuous Operations": 6545000.0,
        "Tax Provision": 1027000.0,
        "Pretax Income": 7572000.0,
        "Other Income Expense": 2471000.0,
        "Other Non Operating Income Expenses": 294000.0,
        "Earnings From Equity Interest": 2177000.0,
        "Net Non Operating Interest Income Expense": -188000.0,
        "Total Other Finance Cost": 188000.0,
        "Interest Expense Non Operating": NaN,
        "Operating Income": 5289000.0,
        "Operating Expense": 10146000.0,
        "Research And Development": 3453000.0,
        "Selling General And Administration": 6693000.0,
        "Gross Profit": 15435000.0,
        "Cost Of Revenue": 24052000.0,
        "Total Revenue": 39487000.0,
        "Operating Revenue": 39487000.0
    },
    "2022-03-31": {
        "Diluted EPS": 0.07,
        "Total Revenue": 40,
        "Gross Profit": 13,
        "Operating Income": 4,
        "EBIT": 6,
        "Net Income": 3
    },
    "2021-12-31": {
        "Diluted EPS": 0.07,
        "Total Revenue": 38,
        "Gross Profit": 12,
        "Operating Income": 3,
        "EBIT": 5,
        "Net Income": 3
    },
    "2021-09-30": {
        "Diluted EPS": 0.09,
        "Total Revenue": 35,
        "Gross Profit": 12,
        "Operating Income": 2,
        "EBIT": 4,
        "Net Income": 4
    },
    "2021-06-30": {
        "Diluted EPS": 0.1,
        "Total Revenue": 34,
        "Gross Profit": 12,
        "Operating Income": 4,
        "EBIT": 6,
        "Net Income": 4
    },
    "2021-03-31": {
        "Diluted EPS": 0.08,
        "Total Revenue": 31,
        "Gross Profit": 12,
        "Operating Income": 4,
        "EBIT": 5,
        "Net Income": 3
    },
    "2020-12-31": {
        "Diluted EPS": 0.05,
        "Total Revenue": 27,
        "Gross Profit": 9,
        "Operating Income": 2,
        "EBIT": 3,
        "Net Income": 2
    },
    "2020-09-30": {
        "Diluted EPS": 0.02,
        "Total Revenue": 25,
        "Gross Profit": 9,
        "Operating Income": 2,
        "EBIT": 3,
        "Net Income": 1
    },
    "2020-06-30": {
        "Diluted EPS": 0.01,
        "Total Revenue": 22,
        "Gross Profit": 7,
        "Operating Income": 0,
        "EBIT": 1,
        "Net Income": 0
    },
    "2020-03-31": {
        "Diluted EPS": -0.01,
        "Total Revenue": 21,
        "Gross Profit": 6,
        "Operating Income": -1,
        "EBIT": 0,
        "Net Income": 0
    },
    "2019-12-31": {
        "Diluted EPS": -0.06,
        "Total Revenue": 18,
        "Gross Profit": 4,
        "Operating Income": -3,
        "EBIT": -1,
        "Net Income": -2
    },
    "2019-09-30": {
        "Diluted EPS": -0.02,
        "Total Revenue": 20,
        "Gross Profit": 6,
        "Operating Income": 0,
        "EBIT": 1,
        "Net Income": -1
    },
    "2019-06-30": {
        "Diluted EPS": 0.04,
        "Total Revenue": 25,
        "Gross Profit": 9,
        "Operating Income": 2,
        "EBIT": 4,
        "Net Income": 1
    },
    "2019-03-31": {
        "Diluted EPS": -0.03,
        "Total Revenue": 20,
        "Gross Profit": 7,
        "Operating Income": 1,
        "EBIT": 2,
        "Net Income": -1
    },
    "2018-12-31": {
        "Diluted EPS": -0.03,
        "Total Revenue": 22,
        "Gross Profit": 6,
        "Operating Income": -1,
        "EBIT": 1,
        "Net Income": -1
    },
    "2018-09-30": {
        "Diluted EPS": 0.1,
        "Total Revenue": 29,
        "Gross Profit": 11,
        "Operating Income": 4,
        "EBIT": 6,
        "Net Income": 4
    },
    "2018-06-30": {
        "Diluted EPS": 0.1,
        "Total Revenue": 27,
        "Gross Profit": 11,
        "Operating Income": 5,
        "EBIT": 6,
        "Net Income": 4
    },
    "2018-03-31": {
        "Diluted EPS": 0.07,
        "Total Revenue": 24,
        "Gross Profit": 10,
        "Operating Income": 4,
        "EBIT": 5,
        "Net Income": 3
    },
    "2017-12-31": {
        "Diluted EPS": 0.08,
        "Total Revenue": 26,
        "Gross Profit": 10,
        "Operating Income": 4,
        "EBIT": 5,
        "Net Income": 3
    },
    "2017-09-30": {
        "Diluted EPS": 0.11,
        "Total Revenue": 28,
        "Gross Profit": 11,
        "Operating Income": 5,
        "EBIT": 6,
        "Net Income": 4
    },
    "2017-06-30": {
        "Diluted EPS": 0.05,
        "Total Revenue": 24,
        "Gross Profit": 7,
        "Operating Income": 2,
        "EBIT": 3,
        "Net Income": 2
    },
    "2017-03-31": {
        "Diluted EPS": 0.02,
        "Total Revenue": 21,
        "Gross Profit": 6,
        "Operating Income": 1,
        "EBIT": 3,
        "Net Income": 1
    },
    "2016-12-31": {
        "Diluted EPS": 0.07,
        "Total Revenue": 20,
        "Gross Profit": 8,
        "Operating Income": 2,
        "EBIT": 4,
        "Net Income": 2
    },
    "2016-09-30": {
        "Diluted EPS": 0.07,
        "Total Revenue": 22,
        "Gross Profit": 8,
        "Operating Income": 3,
        "EBIT": 4,
        "Net Income": 2
    },
    "2016-06-30": {
        "Diluted EPS": 0.03,
        "Total Revenue": 20,
        "Gross Profit": 6,
        "Operating Income": 1,
        "EBIT": 2,
        "Net Income": 1
    },
    "2016-03-31": {
        "Diluted EPS": 0.0,
        "Total Revenue": 19,
        "Gross Profit": 5,
        "Operating Income": 0,
        "EBIT": 2,
        "Net Income": 0
    },
    "2015-12-31": {
        "Diluted EPS": -0.04,
        "Total Revenue": 18,
        "Gross Profit": 3,
        "Operating Income": -2,
        "EBIT": 0,
        "Net Income": -1
    },
    "2015-09-30": {
        "Diluted EPS": 0.0,
        "Total Revenue": 18,
        "Gross Profit": 5,
        "Operating Income": -1,
        "EBIT": 1,
        "Net Income": 0
    },
    "2015-06-30": {
        "Diluted EPS": 0.0,
        "Total Revenue": 21,
        "Gross Profit": 4,
        "Operating Income": -1,
        "EBIT": 1,
        "Net Income": 0
    },
    "2015-03-31": {
        "Diluted EPS": -0.03,
        "Total Revenue": 20,
        "Gross Profit": 5,
        "Operating Income": -2,
        "EBIT": 0,
        "Net Income": -1
    },
    "2014-12-31": {
        "Diluted EPS": -0.02,
        "Total Revenue": 20,
        "Gross Profit": 5,
        "Operating Income": -1,
        "EBIT": 1,
        "Net Income": 0
    },
    "2014-09-30": {
        "Diluted EPS": 0.02,
        "Total Revenue": 23,
        "Gross Profit": 5,
        "Operating Income": 1,
        "EBIT": 2,
        "Net Income": 1
    },
    "2014-06-30": {
        "Diluted EPS": 0.01,
        "Total Revenue": 21,
        "Gross Profit": 4,
        "Operating Income": -1,
        "EBIT": 1,
        "Net Income": 0
    },
    "2014-03-31": {
        "Diluted EPS": -0.06,
        "Total Revenue": 19,
        "Gross Profit": 3,
        "Operating Income": -2,
        "EBIT": -1,
        "Net Income": -2
    },
    "2013-12-31": {
        "Diluted EPS": -0.04,
        "Total Revenue": 19,
        "Gross Profit": 3,
        "Operating Income": -2,
        "EBIT": 0,
        "Net Income": -1
    },
    "2013-09-30": {
        "Diluted EPS": -0.07,
        "Total Revenue": 21,
        "Gross Profit": 2,
        "Operating Income": -3,
        "EBIT": -1,
        "Net Income": -2
    },
    "2013-06-30": {
        "Diluted EPS": -0.06,
        "Total Revenue": 24,
        "Gross Profit": 3,
        "Operating Income": -2,
        "EBIT": -1,
        "Net Income": -2
    },
    "2013-03-31": {
        "Diluted EPS": -0.08,
        "Total Revenue": 22,
        "Gross Profit": 3,
        "Operating Income": -1,
        "EBIT": 0,
        "Net Income": -2
    },
    "2012-12-31": {
        "Diluted EPS": -0.03,
        "Total Revenue": 19,
        "Gross Profit": 4,
        "Operating Income": -1,
        "EBIT": 0,
        "Net Income": -1
    },
    "2012-09-30": {
        "Diluted EPS": 0.03,
        "Total Revenue": 21,
        "Gross Profit": 5,
        "Operating Income": 1,
        "EBIT": 2,
        "Net Income": 1
    },
    "2012-06-30": {
        "Diluted EPS": 0.04,
        "Total Revenue": 25,
        "Gross Profit": 8,
        "Operating Income": 3,
        "EBIT": 4,
        "Net Income": 1
    },
    "2012-03-31": {
        "Diluted EPS": 0.05,
        "Total Revenue": 23,
        "Gross Profit": 8,
        "Operating Income": 4,
        "EBIT": 5,
        "Net Income": 2
    },
    "2011-12-31": {
        "Diluted EPS": 0.08,
        "Total Revenue": 21,
        "Gross Profit": 8,
        "Operating Income": 3,
        "EBIT": 4,
        "Net Income": 3
    },
    "2011-09-30": {
        "Diluted EPS": 0.19,
        "Total Revenue": 28,
        "Gross Profit": 12,
        "Operating Income": 8,
        "EBIT": 9,
        "Net Income": 6
    },
    "2011-06-30": {
        "Diluted EPS": 0.21,
        "Total Revenue": 30,
        "Gross Profit": 14,
        "Operating Income": 10,
        "EBIT": 11,
        "Net Income": 7
    },
    "2011-03-31": {
        "Diluted EPS": 0.13,
        "Total Revenue": 25,
        "Gross Profit": 11,
        "Operating Income": 6,
        "EBIT": 7,
        "Net Income": 4
    },
    "2010-12-31": {
        "Diluted EPS": 0.15,
        "Total Revenue": 27,
        "Gross Profit": 11,
        "Operating Income": 6,
        "EBIT": 7,
        "Net Income": 5
    },
    "2010-09-30": {
        "Diluted EPS": 0.17,
        "Total Revenue": 27,
        "Gross Profit": 11,
        "Operating Income": 7,
        "EBIT": 8,
        "Net Income": 6
    },
    "2010-06-30": {
        "Diluted EPS": 0.17,
        "Total Revenue": 23,
        "Gross Profit": 9,
        "Operating Income": 5,
        "EBIT": 6,
        "Net Income": 5
    },
    "2010-03-31": {
        "Diluted EPS": 0.08,
        "Total Revenue": 19,
        "Gross Profit": 7,
        "Operating Income": 3,
        "EBIT": 4,
        "Net Income": 3
    },
    "2009-12-31": {
        "Diluted EPS": 0.08,
        "Total Revenue": 18,
        "Gross Profit": 6,
        "Operating Income": 3,
        "EBIT": 4,
        "Net Income": 3
    },
    "2009-09-30": {
        "Diluted EPS": 0.07,
        "Total Revenue": 17,
        "Gross Profit": 6,
        "Operating Income": 2,
        "EBIT": 3,
        "Net Income": 2
    },
    "2009-06-30": {
        "Diluted EPS": -0.04,
        "Total Revenue": 13,
        "Gross Profit": 3,
        "Operating Income": -1,
        "EBIT": -1,
        "Net Income": -1
    },
    "2009-03-31": {
        "Diluted EPS": -0.18,
        "Total Revenue": 8,
        "Gross Profit": 0,
        "Operating Income": -5,
        "EBIT": -4,
        "Net Income": -6
    },
    "2023-06-30": {
        "Tax Effect Of Unusual Items": 0.0,
        "Tax Rate For Calcs": 0.02531,
        "Normalized EBITDA": -3002000.0,
        "Total Unusual Items": NaN,
        "Total Unusual Items Excluding Goodwill": NaN,
        "Net Income From Continuing Operation Net Minority Interest": -5089000.0,
        "Reconciled Depreciation": 2125000.0,
        "Reconciled Cost Of Revenue": 16880000.0,
        "EBITDA": -3002000.0,
        "EBIT": -5127000.0,
        "Net Interest Income": -365000.0,
        "Interest Expense": 365000.0,
        "Normalized Income": -5089000.0,
        "Net Income From Continuing And Discontinued Operation": -5089000.0,
        "Total Expenses": 25440000.0,
        "Total Operating Income As Reported": -6845000.0,
        "Diluted Average Shares": 42586000.0,
        "Basic Average Shares": 42586000.0,
        "Diluted EPS": -0.12,
        "Basic EPS": -0.12,
        "Diluted NI Availto Com Stockholders": -5133000.0,
        "Net Income Common Stockholders": -5133000.0,
        "Preferred Stock Dividends": 44000.0,
        "Net Income": -5089000.0,
        "Minority Interests": 264000.0,
        "Net Income Including Noncontrolling Interests": -5353000.0,
        "Net Income Continuous Operations": -5353000.0,
        "Tax Provision": -139000.0,
        "Pretax Income": -5492000.0,
        "Other Income Expense": 1718000.0,
        "Other Non Operating Income Expenses": 777000.0,
        "Earnings From Equity Interest": 941000.0,
        "Gain On Sale Of Security": NaN,
        "Net Non Operating Interest Income Expense": -365000.0,
        "Interest Expense Non Operating": 365000.0,
        "Operating Income": -6845000.0,
        "Operating Expense": 8560000.0,
        "Other Operating Expenses": NaN,
        "Research And Development": 2740000.0,
        "Selling General And Administration": 5820000.0,
        "Gross Profit": 1715000.0,
        "Cost Of Revenue": 16880000.0,
        "Total Revenue": 18595000.0,
        "Operating Revenue": 18595000.0
    },
    "2023-09-30": {
        "Tax Effect Of Unusual Items": 0.0,
        "Tax Rate For Calcs": 0.0155,
        "Normalized EBITDA": -3954000.0,
        "Total Unusual Items": NaN,
        "Total Unusual Items Excluding Goodwill": NaN,
        "Net Income From Continuing Operation Net Minority Interest": -5823000.0,
        "Reconciled Depreciation": 2181000.0,
        "Reconciled Cost Of Revenue": 15500000.0,
        "EBITDA": -3954000.0,
        "EBIT": -6135000.0,
        "Net Interest Income": -381000.0,
        "Interest Expense": 381000.0,
        "Normalized Income": -5823000.0,
        "Net Income From Continuing And Discontinued Operation": -5823000.0,
        "Total Expenses": 24093000.0,
        "Total Operating Income As Reported": -6727000.0,
        "Diluted Average Shares": 42638000.0,
        "Basic Average Shares": 42638000.0,
        "Diluted EPS": -0.14,
        "Basic EPS": -0.14,
        "Diluted NI Availto Com Stockholders": -5823000.0,
        "Net Income Common Stockholders": -5823000.0,
        "Preferred Stock Dividends": NaN,
        "Net Income": -5823000.0,
        "Minority Interests": 592000.0,
        "Net Income Including Noncontrolling Interests": -6415000.0,
        "Net Income Continuous Operations": -6415000.0,
        "Tax Provision": -101000.0,
        "Pretax Income": -6516000.0,
        "Other Income Expense": 592000.0,
        "Other Non Operating Income Expenses": 223000.0,
        "Earnings From Equity Interest": 369000.0,
        "Gain On Sale Of Security": NaN,
        "Net Non Operating Interest Income Expense": -381000.0,
        "Interest Expense Non Operating": 381000.0,
        "Operating Income": -6727000.0,
        "Operating Expense": 8593000.0,
        "Other Operating Expenses": NaN,
        "Research And Development": 2926000.0,
        "Selling General And Administration": 5667000.0,
        "Gross Profit": 1866000.0,
        "Cost Of Revenue": 15500000.0,
        "Total Revenue": 17366000.0,
        "Operating Revenue": 17366000.0
    },
    "2023-12-31": {
        "Tax Effect Of Unusual Items": 0.0,
        "Tax Rate For Calcs": 0.21,
        "Normalized EBITDA": -825000.0,
        "Total Unusual Items": NaN,
        "Total Unusual Items Excluding Goodwill": NaN,
        "Net Income From Continuing Operation Net Minority Interest": -3621000.0,
        "Reconciled Depreciation": 2298000.0,
        "Reconciled Cost Of Revenue": 15802000.0,
        "EBITDA": -825000.0,
        "EBIT": -3123000.0,
        "Net Interest Income": -384000.0,
        "Interest Expense": 384000.0,
        "Normalized Income": -3621000.0,
        "Net Income From Continuing And Discontinued Operation": -3621000.0,
        "Total Expenses": 21432000.0,
        "Total Operating Income As Reported": -3560000.0,
        "Diluted Average Shares": 42851000.0,
        "Basic Average Shares": 42851000.0,
        "Diluted EPS": -0.09,
        "Basic EPS": -0.09,
        "Diluted NI Availto Com Stockholders": -3798000.0,
        "Net Income Common Stockholders": -3798000.0,
        "Preferred Stock Dividends": NaN,
        "Net Income": -3621000.0,
        "Minority Interests": 138000.0,
        "Net Income Including Noncontrolling Interests": -3759000.0,
        "Net Income Continuous Operations": -3759000.0,
        "Tax Provision": 252000.0,
        "Pretax Income": -3507000.0,
        "Other Income Expense": -2120000.0,
        "Other Non Operating Income Expenses": -1829000.0,
        "Earnings From Equity Interest": -460000.0,
        "Gain On Sale Of Security": NaN,
        "Net Non Operating Interest Income Expense": -384000.0,
        "Interest Expense Non Operating": 384000.0,
        "Operating Income": -1003000.0,
        "Operating Expense": 5630000.0,
        "Other Operating Expenses": NaN,
        "Research And Development": 2820000.0,
        "Selling General And Administration": 5367000.0,
        "Gross Profit": 4627000.0,
        "Cost Of Revenue": 15802000.0,
        "Total Revenue": 20429000.0,
        "Operating Revenue": 20429000.0
    },
    "2024-03-31": {
        "Tax Effect Of Unusual Items": 23200.0,
        "Tax Rate For Calcs": 0.4,
        "Normalized EBITDA": 709000.0,
        "Total Unusual Items": 58000.0,
        "Total Unusual Items Excluding Goodwill": 58000.0,
        "Net Income From Continuing Operation Net Minority Interest": -2083000.0,
        "Reconciled Depreciation": 2192000.0,
        "Reconciled Cost Of Revenue": 16594000.0,
        "EBITDA": 767000.0,
        "EBIT": -1425000.0,
        "Net Interest Income": -349000.0,
        "Interest Expense": 349000.0,
        "Normalized Income": -2117800.0,
        "Net Income From Continuing And Discontinued Operation": -2083000.0,
        "Total Expenses": 25078000.0,
        "Total Operating Income As Reported": -3347000.0,
        "Diluted Average Shares": 42987000.0,
        "Basic Average Shares": 42987000.0,
        "Diluted EPS": -0.05,
        "Basic EPS": -0.05,
        "Diluted NI Availto Com Stockholders": -2127000.0,
        "Net Income Common Stockholders": -2127000.0,
        "Preferred Stock Dividends": 44000.0,
        "Net Income": -2083000.0,
        "Minority Interests": -35000.0,
        "Net Income Including Noncontrolling Interests": -2048000.0,
        "Net Income Continuous Operations": -2048000.0,
        "Tax Provision": 274000.0,
        "Pretax Income": -1774000.0,
        "Other Income Expense": 965000.0,
        "Other Non Operating Income Expenses": 17000.0,
        "Earnings From Equity Interest": 890000.0,
        "Gain On Sale Of Security": 58000.0,
        "Net Non Operating Interest Income Expense": -349000.0,
        "Interest Expense Non Operating": 349000.0,
        "Operating Income": -2390000.0,
        "Operating Expense": 8484000.0,
        "Other Operating Expenses": -957000.0,
        "Research And Development": 3214000.0,
        "Selling General And Administration": 6227000.0,
        "Gross Profit": 6094000.0,
        "Cost Of Revenue": 16594000.0,
        "Total Revenue": 22688000.0,
        "Operating Revenue": 22688000.0
    }
}