{
    "2023-03-31": {
        "Tax Effect Of Unusual Items": 0.0,
        "Tax Rate For Calcs": 0.4,
        "Normalized EBITDA": -72256000.0,
        "Total Unusual Items": 0.0,
        "Total Unusual Items Excluding Goodwill": 0.0,
        "Net Income From Continuing Operation Net Minority Interest": -89035000.0,
        "Reconciled Depreciation": 8975000.0,
        "Reconciled Cost Of Revenue": 30525000.0,
        "EBIT": -81231000.0,
        "Net Interest Income": -5229000.0,
        "Interest Expense": 5229000.0,
        "Normalized Income": -89035000.0,
        "Net Income From Continuing And Discontinued Operation": -89035000.0,
        "Total Expenses": 287278000.0,
        "Total Operating Income As Reported": -88191000.0,
        "Diluted Average Shares": 69874000.0,
        "Basic Average Shares": 69874000.0,
        "Diluted EPS": -1.27,
        "Basic EPS": -1.27,
        "Diluted NI Availto Com Stockholders": -89035000.0,
        "Net Income Common Stockholders": -89035000.0,
        "Net Income": -89035000.0,
        "Net Income Including Noncontrolling Interests": -89035000.0,
        "Net Income Continuous Operations": -89035000.0,
        "Tax Provision": 2575000.0,
        "Pretax Income": -86460000.0,
        "Other Income Expense": 6960000.0,
        "Other Non Operating Income Expenses": 6960000.0,
        "Special Income Charges": 0.0,
        "Write Off": NaN,
        "Impairment Of Capital Assets": 0.0,
        "Net Non Operating Interest Income Expense": -5229000.0,
        "Interest Expense Non Operating": 5229000.0,
        "Operating Income": -88191000.0,
        "Operating Expense": 256753000.0,
        "Research And Development": 58741000.0,
        "Selling General And Administration": 198012000.0,
        "Selling And Marketing Expense": 150817000.0,
        "General And Administrative Expense": 47195000.0,
        "Other Gand A": 47195000.0,
        "Salaries And Wages": NaN,
        "Gross Profit": 168562000.0,
        "Cost Of Revenue": 30525000.0,
        "Total Revenue": 199087000.0,
        "Operating Revenue": 199087000.0
    },
    "2022-12-31": {
        "Tax Effect Of Unusual Items": -13999600.0,
        "Tax Rate For Calcs": 0.4,
        "Normalized EBITDA": 16385000.0,
        "Total Unusual Items": -34999000.0,
        "Total Unusual Items Excluding Goodwill": -34999000.0,
        "Net Income From Continuing Operation Net Minority Interest": -31653000.0,
        "Reconciled Depreciation": 10167000.0,
        "Reconciled Cost Of Revenue": 31777000.0,
        "EBIT": -28781000.0,
        "Net Interest Income": -2450000.0,
        "Interest Expense": 2450000.0,
        "Normalized Income": -10653600.0,
        "Net Income From Continuing And Discontinued Operation": -31653000.0,
        "Total Expenses": 307032000.0,
        "Total Operating Income As Reported": -40953000.0,
        "Diluted Average Shares": 69215000.0,
        "Basic Average Shares": 69215000.0,
        "Diluted EPS": -0.46,
        "Basic EPS": -0.46,
        "Diluted NI Availto Com Stockholders": -31653000.0,
        "Net Income Common Stockholders": -31653000.0,
        "Net Income": -31653000.0,
        "Net Income Including Noncontrolling Interests": -31653000.0,
        "Net Income Continuous Operations": -31653000.0,
        "Tax Provision": 422000.0,
        "Pretax Income": -31231000.0,
        "Other Income Expense": -22827000.0,
        "Other Non Operating Income Expenses": 12172000.0,
        "Special Income Charges": -34999000.0,
        "Write Off": NaN,
        "Impairment Of Capital Assets": 34999000.0,
        "Net Non Operating Interest Income Expense": -2450000.0,
        "Interest Expense Non Operating": 2450000.0,
        "Operating Income": -5954000.0,
        "Operating Expense": 275255000.0,
        "Research And Development": 59423000.0,
        "Selling General And Administration": 215832000.0,
        "Selling And Marketing Expense": 156892000.0,
        "General And Administrative Expense": 58940000.0,
        "Other Gand A": 58940000.0,
        "Salaries And Wages": NaN,
        "Gross Profit": 269301000.0,
        "Cost Of Revenue": 31777000.0,
        "Total Revenue": 301078000.0,
        "Operating Revenue": 301078000.0
    },
    "2022-09-30": {
        "Tax Effect Of Unusual Items": 0.0,
        "Tax Rate For Calcs": 0.4,
        "Normalized EBITDA": -60736000.0,
        "Total Unusual Items": 0.0,
        "Total Unusual Items Excluding Goodwill": 0.0,
        "Net Income From Continuing Operation Net Minority Interest": -74513000.0,
        "Reconciled Depreciation": 10117000.0,
        "Reconciled Cost Of Revenue": 31994000.0,
        "EBIT": -70853000.0,
        "Net Interest Income": -2454000.0,
        "Interest Expense": 2454000.0,
        "Normalized Income": -74513000.0,
        "Net Income From Continuing And Discontinued Operation": -74513000.0,
        "Total Expenses": 279660000.0,
        "Total Operating Income As Reported": -63948000.0,
        "Diluted Average Shares": 68673000.0,
        "Basic Average Shares": 68673000.0,
        "Diluted EPS": -1.09,
        "Basic EPS": -1.09,
        "Diluted NI Availto Com Stockholders": -74513000.0,
        "Net Income Common Stockholders": -74513000.0,
        "Net Income": -74513000.0,
        "Net Income Including Noncontrolling Interests": -74513000.0,
        "Net Income Continuous Operations": -74513000.0,
        "Tax Provision": 1206000.0,
        "Pretax Income": -73307000.0,
        "Other Income Expense": -6905000.0,
        "Other Non Operating Income Expenses": -6905000.0,
        "Special Income Charges": 0.0,
        "Write Off": NaN,
        "Impairment Of Capital Assets": 0.0,
        "Net Non Operating Interest Income Expense": -2454000.0,
        "Interest Expense Non Operating": 2454000.0,
        "Operating Income": -63948000.0,
        "Operating Expense": 247666000.0,
        "Research And Development": 54803000.0,
        "Selling General And Administration": 192863000.0,
        "Selling And Marketing Expense": 135976000.0,
        "General And Administrative Expense": 56887000.0,
        "Other Gand A": 56887000.0,
        "Salaries And Wages": NaN,
        "Gross Profit": 183718000.0,
        "Cost Of Revenue": 31994000.0,
        "Total Revenue": 215712000.0,
        "Operating Revenue": 215712000.0
    },
    "2022-06-30": {
        "Tax Effect Of Unusual Items": 0.0,
        "Tax Rate For Calcs": 0.4,
        "Normalized EBITDA": -93043000.0,
        "Total Unusual Items": 0.0,
        "Total Unusual Items Excluding Goodwill": 0.0,
        "Net Income From Continuing Operation Net Minority Interest": -106766000.0,
        "Reconciled Depreciation": 9671000.0,
        "Reconciled Cost Of Revenue": 29772000.0,
        "EBIT": -102714000.0,
        "Net Interest Income": -2447000.0,
        "Interest Expense": 2447000.0,
        "Normalized Income": -106766000.0,
        "Net Income From Continuing And Discontinued Operation": -106766000.0,
        "Total Expenses": 276494000.0,
        "Total Operating Income As Reported": -95871000.0,
        "Diluted Average Shares": 68311000.0,
        "Basic Average Shares": 68311000.0,
        "Diluted EPS": -1.56,
        "Basic EPS": -1.56,
        "Diluted NI Availto Com Stockholders": -106766000.0,
        "Net Income Common Stockholders": -106766000.0,
        "Net Income": -106766000.0,
        "Net Income Including Noncontrolling Interests": -106766000.0,
        "Net Income Continuous Operations": -106766000.0,
        "Tax Provision": 1605000.0,
        "Pretax Income": -105161000.0,
        "Other Income Expense": -6843000.0,
        "Other Non Operating Income Expenses": -6843000.0,
        "Special Income Charges": 0.0,
        "Write Off": 0.0,
        "Impairment Of Capital Assets": 0.0,
        "Net Non Operating Interest Income Expense": -2447000.0,
        "Interest Expense Non Operating": 2447000.0,
        "Operating Income": -95871000.0,
        "Operating Expense": 246722000.0,
        "Research And Development": 57077000.0,
        "Selling General And Administration": 189645000.0,
        "Selling And Marketing Expense": 133195000.0,
        "General And Administrative Expense": 56450000.0,
        "Other Gand A": 56450000.0,
        "Salaries And Wages": 38740000.0,
        "Gross Profit": 150851000.0,
        "Cost Of Revenue": 29772000.0,
        "Total Revenue": 180623000.0,
        "Operating Revenue": 180623000.0
    },
    "2022-03-31": {
        "Diluted EPS": -1.56,
        "Total Revenue": 158,
        "Gross Profit": 134,
        "Operating Income": -100,
        "EBIT": -91,
        "Net Income": -106
    },
    "2021-12-31": {
        "Diluted EPS": -0.55,
        "Total Revenue": 174,
        "Gross Profit": 157,
        "Operating Income": -27,
        "EBIT": -13,
        "Net Income": -38
    },
    "2021-09-30": {
        "Diluted EPS": -0.86,
        "Total Revenue": 124,
        "Gross Profit": 108,
        "Operating Income": -46,
        "EBIT": -32,
        "Net Income": -58
    },
    "2021-06-30": {
        "Diluted EPS": -0.65,
        "Total Revenue": 120,
        "Gross Profit": 107,
        "Operating Income": -35,
        "EBIT": -22,
        "Net Income": -43
    },
    "2021-03-31": {
        "Diluted EPS": -0.61,
        "Total Revenue": 119,
        "Gross Profit": 108,
        "Operating Income": -29,
        "EBIT": -16,
        "Net Income": -41
    },
    "2020-12-31": {
        "Diluted EPS": 0.34,
        "Total Revenue": 161,
        "Gross Profit": 150,
        "Operating Income": 24,
        "EBIT": 37,
        "Net Income": 22
    },
    "2020-09-30": {
        "Diluted EPS": 0.06,
        "Total Revenue": 130,
        "Gross Profit": 119,
        "Operating Income": 10,
        "EBIT": 21,
        "Net Income": 4
    },
    "2020-06-30": {
        "Diluted EPS": -0.53,
        "Total Revenue": 96,
        "Gross Profit": 87,
        "Operating Income": -18,
        "EBIT": -7,
        "Net Income": -35
    },
    "2020-03-31": {
        "Diluted EPS": -0.24,
        "Total Revenue": 109,
        "Gross Profit": 96,
        "Operating Income": -20,
        "EBIT": -10,
        "Net Income": -15
    },
    "2019-12-31": {
        "Diluted EPS": 0.46,
        "Total Revenue": 156,
        "Gross Profit": 144,
        "Operating Income": 39,
        "EBIT": 48,
        "Net Income": 31
    },
    "2019-09-30": {
        "Diluted EPS": -0.1,
        "Total Revenue": 103,
        "Gross Profit": 94,
        "Operating Income": 12,
        "EBIT": 19,
        "Net Income": -6
    },
    "2019-06-30": {
        "Diluted EPS": -0.05,
        "Total Revenue": 82,
        "Gross Profit": 73,
        "Operating Income": -8,
        "EBIT": -4,
        "Net Income": -3
    },
    "2019-03-31": {
        "Diluted EPS": 0.09,
        "Total Revenue": 76,
        "Gross Profit": 68,
        "Operating Income": -4,
        "EBIT": -1,
        "Net Income": 6
    },
    "2018-12-31": {
        "Diluted EPS": 0.25,
        "Total Revenue": 89,
        "Gross Profit": 82,
        "Operating Income": 21,
        "EBIT": 25,
        "Net Income": 17
    },
    "2018-09-30": {
        "Diluted EPS": 0.17,
        "Total Revenue": 63,
        "Gross Profit": 57,
        "Operating Income": 9,
        "EBIT": 13,
        "Net Income": 11
    },
    "2018-06-30": {
        "Diluted EPS": -0.07,
        "Total Revenue": 52,
        "Gross Profit": 46,
        "Operating Income": -3,
        "EBIT": -1,
        "Net Income": -4
    },
    "2018-03-31": {
        "Diluted EPS": 0.08,
        "Total Revenue": 50,
        "Gross Profit": 45,
        "Operating Income": 3,
        "EBIT": 4,
        "Net Income": 5
    },
    "2017-12-31": {
        "Diluted EPS": 0.03,
        "Total Revenue": 39,
        "Gross Profit": 32,
        "Operating Income": -2,
        "EBIT": -1,
        "Net Income": -2
    },
    "2017-09-30": {
        "Diluted EPS": -0.06,
        "Total Revenue": 34,
        "Gross Profit": 29,
        "Operating Income": -3,
        "EBIT": -1,
        "Net Income": -3
    },
    "2017-06-30": {
        "Diluted EPS": -0.12,
        "Total Revenue": 30,
        "Gross Profit": 25,
        "Operating Income": -8,
        "EBIT": -7,
        "Net Income": -7
    },
    "2017-03-31": {
        "Diluted EPS": -0.22,
        "Total Revenue": 29,
        "Gross Profit": 24,
        "Operating Income": -6,
        "EBIT": -5,
        "Net Income": -8
    },
    "2016-12-31": {
        "Diluted EPS": -0.25,
        "Total Revenue": 25,
        "Gross Profit": 21,
        "Operating Income": -6,
        "EBIT": -5,
        "Net Income": -6
    },
    "2016-09-30": {
        "Diluted EPS": -0.18,
        "Total Revenue": 22,
        "Gross Profit": 18,
        "Operating Income": -4,
        "EBIT": -3,
        "Net Income": -6
    },
    "2016-06-30": {
        "Diluted EPS": -0.28,
        "Total Revenue": 20,
        "Gross Profit": 16,
        "Operating Income": -7,
        "EBIT": -7,
        "Net Income": -9
    },
    "2016-03-31": {
        "Diluted EPS": -0.24,
        "Total Revenue": 18,
        "Gross Profit": 14,
        "Operating Income": -6,
        "EBIT": -6,
        "Net Income": -8
    },
    "2015-12-31": {
        "Diluted EPS": 0.0,
        "Total Revenue": NaN,
        "Gross Profit": NaN,
        "Operating Income": NaN,
        "EBIT": NaN,
        "Net Income": NaN
    },
    "2014-12-31": {
        "Diluted EPS": 0.0,
        "Total Revenue": NaN,
        "Gross Profit": NaN,
        "Operating Income": NaN,
        "EBIT": NaN,
        "Net Income": NaN
    }
}