{
    "2023-03-31": {
        "Tax Effect Of Unusual Items": NaN,
        "Tax Rate For Calcs": NaN,
        "Normalized EBITDA": NaN,
        "Total Unusual Items": -249000.0,
        "Total Unusual Items Excluding Goodwill": -249000.0,
        "Net Income From Continuing Operation Net Minority Interest": NaN,
        "Reconciled Depreciation": NaN,
        "Reconciled Cost Of Revenue": NaN,
        "EBITDA": NaN,
        "EBIT": NaN,
        "Net Interest Income": NaN,
        "Interest Expense": NaN,
        "Interest Income": 0.0,
        "Normalized Income": NaN,
        "Net Income From Continuing And Discontinued Operation": NaN,
        "Total Expenses": NaN,
        "Total Operating Income As Reported": NaN,
        "Diluted Average Shares": NaN,
        "Basic Average Shares": NaN,
        "Diluted EPS": NaN,
        "Basic EPS": NaN,
        "Diluted NI Availto Com Stockholders": NaN,
        "Net Income Common Stockholders": NaN,
        "Net Income": NaN,
        "Net Income Including Noncontrolling Interests": NaN,
        "Net Income Continuous Operations": NaN,
        "Tax Provision": NaN,
        "Pretax Income": NaN,
        "Other Income Expense": -249000.0,
        "Special Income Charges": -249000.0,
        "Gain On Sale Of Ppe": -249000.0,
        "Gain On Sale Of Business": 0.0,
        "Net Non Operating Interest Income Expense": NaN,
        "Total Other Finance Cost": NaN,
        "Interest Expense Non Operating": NaN,
        "Interest Income Non Operating": 0.0,
        "Operating Income": NaN,
        "Operating Expense": NaN,
        "Selling General And Administration": NaN,
        "General And Administrative Expense": NaN,
        "Other Gand A": NaN,
        "Gross Profit": NaN,
        "Cost Of Revenue": NaN,
        "Total Revenue": NaN,
        "Operating Revenue": NaN
    },
    "2022-12-31": {
        "Tax Effect Of Unusual Items": NaN,
        "Tax Rate For Calcs": NaN,
        "Normalized EBITDA": NaN,
        "Total Unusual Items": NaN,
        "Total Unusual Items Excluding Goodwill": NaN,
        "Net Income From Continuing Operation Net Minority Interest": NaN,
        "Reconciled Depreciation": NaN,
        "Reconciled Cost Of Revenue": NaN,
        "EBITDA": NaN,
        "EBIT": NaN,
        "Net Interest Income": NaN,
        "Interest Expense": NaN,
        "Interest Income": NaN,
        "Normalized Income": NaN,
        "Net Income From Continuing And Discontinued Operation": NaN,
        "Total Expenses": NaN,
        "Total Operating Income As Reported": NaN,
        "Diluted Average Shares": NaN,
        "Basic Average Shares": NaN,
        "Diluted EPS": NaN,
        "Basic EPS": NaN,
        "Diluted NI Availto Com Stockholders": NaN,
        "Net Income Common Stockholders": NaN,
        "Net Income": NaN,
        "Net Income Including Noncontrolling Interests": NaN,
        "Net Income Continuous Operations": NaN,
        "Tax Provision": NaN,
        "Pretax Income": NaN,
        "Other Income Expense": NaN,
        "Special Income Charges": NaN,
        "Gain On Sale Of Ppe": NaN,
        "Gain On Sale Of Business": NaN,
        "Net Non Operating Interest Income Expense": NaN,
        "Total Other Finance Cost": NaN,
        "Interest Expense Non Operating": NaN,
        "Interest Income Non Operating": NaN,
        "Operating Income": NaN,
        "Operating Expense": NaN,
        "Selling General And Administration": NaN,
        "General And Administrative Expense": 73444000.0,
        "Other Gand A": 73444000.0,
        "Gross Profit": NaN,
        "Cost Of Revenue": NaN,
        "Total Revenue": NaN,
        "Operating Revenue": NaN
    },
    "2022-09-30": {
        "Tax Effect Of Unusual Items": NaN,
        "Tax Rate For Calcs": NaN,
        "Normalized EBITDA": NaN,
        "Total Unusual Items": NaN,
        "Total Unusual Items Excluding Goodwill": NaN,
        "Net Income From Continuing Operation Net Minority Interest": NaN,
        "Reconciled Depreciation": NaN,
        "Reconciled Cost Of Revenue": NaN,
        "EBITDA": NaN,
        "EBIT": NaN,
        "Net Interest Income": NaN,
        "Interest Expense": NaN,
        "Interest Income": NaN,
        "Normalized Income": NaN,
        "Net Income From Continuing And Discontinued Operation": NaN,
        "Total Expenses": NaN,
        "Total Operating Income As Reported": NaN,
        "Diluted Average Shares": NaN,
        "Basic Average Shares": NaN,
        "Diluted EPS": NaN,
        "Basic EPS": NaN,
        "Diluted NI Availto Com Stockholders": NaN,
        "Net Income Common Stockholders": NaN,
        "Net Income": NaN,
        "Net Income Including Noncontrolling Interests": NaN,
        "Net Income Continuous Operations": NaN,
        "Tax Provision": NaN,
        "Pretax Income": NaN,
        "Other Income Expense": NaN,
        "Special Income Charges": NaN,
        "Gain On Sale Of Ppe": NaN,
        "Gain On Sale Of Business": NaN,
        "Net Non Operating Interest Income Expense": NaN,
        "Total Other Finance Cost": NaN,
        "Interest Expense Non Operating": NaN,
        "Interest Income Non Operating": NaN,
        "Operating Income": NaN,
        "Operating Expense": NaN,
        "Selling General And Administration": NaN,
        "General And Administrative Expense": 67161000.0,
        "Other Gand A": 67161000.0,
        "Gross Profit": NaN,
        "Cost Of Revenue": NaN,
        "Total Revenue": NaN,
        "Operating Revenue": NaN
    },
    "2022-06-30": {
        "Tax Effect Of Unusual Items": 0.0,
        "Tax Rate For Calcs": 0.258047,
        "Normalized EBITDA": 77256000.0,
        "Total Unusual Items": NaN,
        "Total Unusual Items Excluding Goodwill": NaN,
        "Net Income From Continuing Operation Net Minority Interest": 27476000.0,
        "Reconciled Depreciation": 29606000.0,
        "Reconciled Cost Of Revenue": 268604000.0,
        "EBITDA": 77256000.0,
        "EBIT": 47650000.0,
        "Net Interest Income": -10618000.0,
        "Interest Expense": 10618000.0,
        "Interest Income": NaN,
        "Normalized Income": 27476000.0,
        "Net Income From Continuing And Discontinued Operation": 27476000.0,
        "Total Expenses": 347341000.0,
        "Total Operating Income As Reported": 47650000.0,
        "Diluted Average Shares": 153891090.0,
        "Basic Average Shares": 153493355.0,
        "Diluted EPS": 0.18,
        "Basic EPS": 0.18,
        "Diluted NI Availto Com Stockholders": 27476000.0,
        "Net Income Common Stockholders": 27476000.0,
        "Net Income": 27476000.0,
        "Net Income Including Noncontrolling Interests": 27476000.0,
        "Net Income Continuous Operations": 27476000.0,
        "Tax Provision": 9556000.0,
        "Pretax Income": 37032000.0,
        "Other Income Expense": NaN,
        "Special Income Charges": NaN,
        "Gain On Sale Of Ppe": NaN,
        "Net Non Operating Interest Income Expense": -10618000.0,
        "Total Other Finance Cost": 5439000.0,
        "Interest Expense Non Operating": 10618000.0,
        "Interest Income Non Operating": NaN,
        "Operating Income": 47650000.0,
        "Operating Expense": 78737000.0,
        "Selling General And Administration": 78737000.0,
        "General And Administrative Expense": 78737000.0,
        "Other Gand A": 78737000.0,
        "Gross Profit": 126387000.0,
        "Cost Of Revenue": 268604000.0,
        "Total Revenue": 394991000.0,
        "Operating Revenue": 394991000.0
    },
    "2022-03-31": {
        "Diluted EPS": 0.23,
        "Total Revenue": 396,
        "Gross Profit": 122,
        "Operating Income": 52,
        "EBIT": 81,
        "Net Income": 36
    },
    "2021-12-31": {
        "Diluted EPS": 0.11,
        "Total Revenue": 260,
        "Gross Profit": 89,
        "Operating Income": 25,
        "EBIT": 54,
        "Net Income": 17
    },
    "2021-09-30": {
        "Diluted EPS": 0.24,
        "Total Revenue": 346,
        "Gross Profit": 112,
        "Operating Income": 51,
        "EBIT": 78,
        "Net Income": 39
    },
    "2021-06-30": {
        "Diluted EPS": 0.14,
        "Total Revenue": 327,
        "Gross Profit": 107,
        "Operating Income": 35,
        "EBIT": 60,
        "Net Income": 22
    },
    "2021-03-31": {
        "Diluted EPS": 0.14,
        "Total Revenue": 293,
        "Gross Profit": 98,
        "Operating Income": 37,
        "EBIT": 62,
        "Net Income": 23
    },
    "2020-12-31": {
        "Diluted EPS": 0.07,
        "Total Revenue": 212,
        "Gross Profit": 73,
        "Operating Income": 20,
        "EBIT": 44,
        "Net Income": 10
    },
    "2020-09-30": {
        "Diluted EPS": -0.52,
        "Total Revenue": 264,
        "Gross Profit": 90,
        "Operating Income": -62,
        "EBIT": -38,
        "Net Income": -64
    },
    "2020-06-30": {
        "Diluted EPS": -0.44,
        "Total Revenue": 224,
        "Gross Profit": 75,
        "Operating Income": 8,
        "EBIT": 35,
        "Net Income": -52
    },
    "2020-03-31": {
        "Diluted EPS": 0.04,
        "Total Revenue": 246,
        "Gross Profit": 79,
        "Operating Income": 26,
        "EBIT": 51,
        "Net Income": 4
    },
    "2019-12-31": {
        "Diluted EPS": -0.09,
        "Total Revenue": 166,
        "Gross Profit": 51,
        "Operating Income": 6,
        "EBIT": 30,
        "Net Income": -10
    },
    "2019-09-30": {
        "Diluted EPS": 0.0,
        "Total Revenue": NaN,
        "Gross Profit": NaN,
        "Operating Income": NaN,
        "EBIT": NaN,
        "Net Income": NaN
    },
    "2019-06-30": {
        "Diluted EPS": 0.01,
        "Total Revenue": 221,
        "Gross Profit": 75,
        "Operating Income": 23,
        "EBIT": 23,
        "Net Income": 2
    },
    "2018-09-30": {
        "Diluted EPS": 0.0,
        "Total Revenue": NaN,
        "Gross Profit": NaN,
        "Operating Income": NaN,
        "EBIT": NaN,
        "Net Income": NaN
    },
    "2023-06-30": {
        "Tax Effect Of Unusual Items": NaN,
        "Tax Rate For Calcs": NaN,
        "Normalized EBITDA": NaN,
        "Total Unusual Items": -95000.0,
        "Total Unusual Items Excluding Goodwill": -95000.0,
        "Net Income From Continuing Operation Net Minority Interest": NaN,
        "Reconciled Depreciation": NaN,
        "Reconciled Cost Of Revenue": NaN,
        "EBITDA": NaN,
        "EBIT": NaN,
        "Net Interest Income": NaN,
        "Interest Expense": NaN,
        "Interest Income": 1065000.0,
        "Normalized Income": NaN,
        "Net Income From Continuing And Discontinued Operation": NaN,
        "Total Expenses": NaN,
        "Total Operating Income As Reported": NaN,
        "Diluted Average Shares": NaN,
        "Basic Average Shares": NaN,
        "Diluted EPS": NaN,
        "Basic EPS": NaN,
        "Diluted NI Availto Com Stockholders": NaN,
        "Net Income Common Stockholders": NaN,
        "Net Income": NaN,
        "Net Income Including Noncontrolling Interests": NaN,
        "Net Income Continuous Operations": NaN,
        "Tax Provision": NaN,
        "Pretax Income": NaN,
        "Other Income Expense": -95000.0,
        "Special Income Charges": -95000.0,
        "Gain On Sale Of Ppe": -95000.0,
        "Gain On Sale Of Business": 0.0,
        "Net Non Operating Interest Income Expense": NaN,
        "Total Other Finance Cost": NaN,
        "Interest Expense Non Operating": NaN,
        "Interest Income Non Operating": 1065000.0,
        "Operating Income": NaN,
        "Operating Expense": NaN,
        "Selling General And Administration": NaN,
        "General And Administrative Expense": 73555000.0,
        "Other Gand A": 73555000.0,
        "Gross Profit": NaN,
        "Cost Of Revenue": NaN,
        "Total Revenue": NaN,
        "Operating Revenue": NaN
    },
    "2023-09-30": {
        "Tax Effect Of Unusual Items": 0.0,
        "Tax Rate For Calcs": 0.238069,
        "Normalized EBITDA": 97307000.0,
        "Total Unusual Items": NaN,
        "Total Unusual Items Excluding Goodwill": NaN,
        "Net Income From Continuing Operation Net Minority Interest": 42643000.0,
        "Reconciled Depreciation": 34005000.0,
        "Reconciled Cost Of Revenue": 239111000.0,
        "EBITDA": 97307000.0,
        "EBIT": 63302000.0,
        "Net Interest Income": -8812000.0,
        "Interest Expense": 7335000.0,
        "Interest Income": NaN,
        "Normalized Income": 42643000.0,
        "Net Income From Continuing And Discontinued Operation": 42643000.0,
        "Total Expenses": 323784000.0,
        "Total Operating Income As Reported": 64779000.0,
        "Diluted Average Shares": 150522274.0,
        "Basic Average Shares": 148824202.0,
        "Diluted EPS": 0.28,
        "Basic EPS": 0.29,
        "Diluted NI Availto Com Stockholders": 42643000.0,
        "Net Income Common Stockholders": 42643000.0,
        "Net Income": 42643000.0,
        "Net Income Including Noncontrolling Interests": 42643000.0,
        "Net Income Continuous Operations": 42643000.0,
        "Tax Provision": 13324000.0,
        "Pretax Income": 55967000.0,
        "Other Income Expense": NaN,
        "Special Income Charges": NaN,
        "Gain On Sale Of Ppe": NaN,
        "Gain On Sale Of Business": NaN,
        "Net Non Operating Interest Income Expense": -8812000.0,
        "Total Other Finance Cost": 412000.0,
        "Interest Expense Non Operating": 7335000.0,
        "Interest Income Non Operating": NaN,
        "Operating Income": 65028000.0,
        "Operating Expense": 84673000.0,
        "Selling General And Administration": 84673000.0,
        "General And Administrative Expense": NaN,
        "Other Gand A": NaN,
        "Gross Profit": 149701000.0,
        "Cost Of Revenue": 239111000.0,
        "Total Revenue": 388812000.0,
        "Operating Revenue": 388812000.0
    },
    "2023-12-31": {
        "Tax Effect Of Unusual Items": 14485440.89518,
        "Tax Rate For Calcs": 0.398718,
        "Normalized EBITDA": 48983000.0,
        "Total Unusual Items": 36330000.0,
        "Total Unusual Items Excluding Goodwill": 36330000.0,
        "Net Income From Continuing Operation Net Minority Interest": 25148000.0,
        "Reconciled Depreciation": 31937000.0,
        "Reconciled Cost Of Revenue": 149794000.0,
        "EBITDA": 85313000.0,
        "EBIT": 53376000.0,
        "Net Interest Income": -7910000.0,
        "Interest Expense": 11552000.0,
        "Interest Income": 4054000.0,
        "Normalized Income": 3303440.89518,
        "Net Income From Continuing And Discontinued Operation": 25148000.0,
        "Total Expenses": 227040000.0,
        "Total Operating Income As Reported": 11219000.0,
        "Diluted Average Shares": 148876282.0,
        "Basic Average Shares": 147297662.0,
        "Diluted EPS": 0.17,
        "Basic EPS": 0.17,
        "Diluted NI Availto Com Stockholders": 25148000.0,
        "Net Income Common Stockholders": 25148000.0,
        "Net Income": 25148000.0,
        "Net Income Including Noncontrolling Interests": 25148000.0,
        "Net Income Continuous Operations": 25148000.0,
        "Tax Provision": 16676000.0,
        "Pretax Income": 41824000.0,
        "Other Income Expense": 36330000.0,
        "Special Income Charges": 36330000.0,
        "Gain On Sale Of Ppe": -2185000.0,
        "Gain On Sale Of Business": 38515000.0,
        "Net Non Operating Interest Income Expense": -7910000.0,
        "Total Other Finance Cost": 412000.0,
        "Interest Expense Non Operating": 11552000.0,
        "Interest Income Non Operating": 4054000.0,
        "Operating Income": 13404000.0,
        "Operating Expense": 77246000.0,
        "Selling General And Administration": 77246000.0,
        "General And Administrative Expense": NaN,
        "Other Gand A": NaN,
        "Gross Profit": 90650000.0,
        "Cost Of Revenue": 149794000.0,
        "Total Revenue": 240444000.0,
        "Operating Revenue": 240444000.0
    },
    "2024-03-31": {
        "Tax Effect Of Unusual Items": -30080.0,
        "Tax Rate For Calcs": 0.235,
        "Normalized EBITDA": 109157000.0,
        "Total Unusual Items": -128000.0,
        "Total Unusual Items Excluding Goodwill": -128000.0,
        "Net Income From Continuing Operation Net Minority Interest": 49758000.0,
        "Reconciled Depreciation": 32204000.0,
        "Reconciled Cost Of Revenue": 261335000.0,
        "EBITDA": 109029000.0,
        "EBIT": 76825000.0,
        "Net Interest Income": -8680000.0,
        "Interest Expense": 11758000.0,
        "Interest Income": 3490000.0,
        "Normalized Income": 49855920.0,
        "Net Income From Continuing And Discontinued Operation": 49758000.0,
        "Total Expenses": 344533000.0,
        "Total Operating Income As Reported": 73962000.0,
        "Diluted Average Shares": 147738277.0,
        "Basic Average Shares": 145710663.0,
        "Diluted EPS": 0.34,
        "Basic EPS": 0.34,
        "Diluted NI Availto Com Stockholders": 49758000.0,
        "Net Income Common Stockholders": 49758000.0,
        "Net Income": 49758000.0,
        "Net Income Including Noncontrolling Interests": 49758000.0,
        "Net Income Continuous Operations": 49758000.0,
        "Tax Provision": 15309000.0,
        "Pretax Income": 65067000.0,
        "Other Income Expense": -128000.0,
        "Special Income Charges": -128000.0,
        "Gain On Sale Of Ppe": 87000.0,
        "Gain On Sale Of Business": -215000.0,
        "Net Non Operating Interest Income Expense": -8680000.0,
        "Total Other Finance Cost": 412000.0,
        "Interest Expense Non Operating": 11758000.0,
        "Interest Income Non Operating": 3490000.0,
        "Operating Income": 73875000.0,
        "Operating Expense": 83198000.0,
        "Selling General And Administration": 83198000.0,
        "General And Administrative Expense": NaN,
        "Other Gand A": NaN,
        "Gross Profit": 157073000.0,
        "Cost Of Revenue": 261335000.0,
        "Total Revenue": 418408000.0,
        "Operating Revenue": 418408000.0
    },
    "2024-06-30": {
        "Tax Effect Of Unusual Items": 36557.0,
        "Tax Rate For Calcs": 0.263,
        "Normalized EBITDA": 111527000.0,
        "Total Unusual Items": 139000.0,
        "Total Unusual Items Excluding Goodwill": 139000.0,
        "Net Income From Continuing Operation Net Minority Interest": 50110000.0,
        "Reconciled Depreciation": 31870000.0,
        "Reconciled Cost Of Revenue": 270045000.0,
        "EBITDA": 111666000.0,
        "EBIT": 79796000.0,
        "Net Interest Income": -7863000.0,
        "Interest Expense": 11794000.0,
        "Interest Income": 4343000.0,
        "Normalized Income": 50007557.0,
        "Net Income From Continuing And Discontinued Operation": 50110000.0,
        "Total Expenses": 358643000.0,
        "Total Operating Income As Reported": -75775000.0,
        "Diluted Average Shares": 147495902.0,
        "Basic Average Shares": 145439955.0,
        "Diluted EPS": 0.34,
        "Basic EPS": 0.34,
        "Diluted NI Availto Com Stockholders": 50110000.0,
        "Net Income Common Stockholders": 50110000.0,
        "Net Income": 50110000.0,
        "Net Income Including Noncontrolling Interests": 50110000.0,
        "Net Income Continuous Operations": 50110000.0,
        "Tax Provision": 17892000.0,
        "Pretax Income": 68002000.0,
        "Other Income Expense": 139000.0,
        "Special Income Charges": 139000.0,
        "Gain On Sale Of Ppe": 49000.0,
        "Gain On Sale Of Business": 90000.0,
        "Net Non Operating Interest Income Expense": -7863000.0,
        "Total Other Finance Cost": 412000.0,
        "Interest Expense Non Operating": 11794000.0,
        "Interest Income Non Operating": 4343000.0,
        "Operating Income": 75726000.0,
        "Operating Expense": 88598000.0,
        "Selling General And Administration": 88598000.0,
        "General And Administrative Expense": 88598000.0,
        "Other Gand A": 88598000.0,
        "Gross Profit": 164324000.0,
        "Cost Of Revenue": 270045000.0,
        "Total Revenue": 434369000.0,
        "Operating Revenue": 434369000.0
    },
    "2024-09-30": {
        "Tax Effect Of Unusual Items": -106243.423522,
        "Tax Rate For Calcs": 0.180994,
        "Normalized EBITDA": 82522000.0,
        "Total Unusual Items": -587000.0,
        "Total Unusual Items Excluding Goodwill": -587000.0,
        "Net Income From Continuing Operation Net Minority Interest": 28363000.0,
        "Reconciled Depreciation": 33031000.0,
        "Reconciled Cost Of Revenue": 218481000.0,
        "EBITDA": 81935000.0,
        "EBIT": 48904000.0,
        "Net Interest Income": -15800000.0,
        "Interest Expense": 14273000.0,
        "Interest Income": 4377000.0,
        "Normalized Income": 28843756.576478,
        "Net Income From Continuing And Discontinued Operation": 28363000.0,
        "Total Expenses": 297209000.0,
        "Total Operating Income As Reported": 373045000.0,
        "Diluted Average Shares": 145817391.0,
        "Basic Average Shares": 143890885.0,
        "Diluted EPS": 0.19,
        "Basic EPS": 0.2,
        "Diluted NI Availto Com Stockholders": 28363000.0,
        "Net Income Common Stockholders": 28363000.0,
        "Net Income": 28363000.0,
        "Net Income Including Noncontrolling Interests": 28363000.0,
        "Net Income Continuous Operations": 28363000.0,
        "Tax Provision": 6268000.0,
        "Pretax Income": 34631000.0,
        "Other Income Expense": -587000.0,
        "Special Income Charges": -587000.0,
        "Gain On Sale Of Ppe": 115000.0,
        "Gain On Sale Of Business": -702000.0,
        "Net Non Operating Interest Income Expense": -15800000.0,
        "Total Other Finance Cost": 5904000.0,
        "Interest Expense Non Operating": 14273000.0,
        "Interest Income Non Operating": 4377000.0,
        "Operating Income": 51018000.0,
        "Operating Expense": 78728000.0,
        "Selling General And Administration": 78728000.0,
        "General And Administrative Expense": 78728000.0,
        "Other Gand A": 78728000.0,
        "Gross Profit": 129746000.0,
        "Cost Of Revenue": 218481000.0,
        "Total Revenue": 348227000.0,
        "Operating Revenue": 348227000.0
    }
}