{
    "2023-03-31": {
        "Tax Effect Of Unusual Items": 6258400.0,
        "Tax Rate For Calcs": 0.4,
        "Normalized EBITDA": -20897000.0,
        "Total Unusual Items": 15646000.0,
        "Total Unusual Items Excluding Goodwill": 15646000.0,
        "Net Income From Continuing Operation Net Minority Interest": -1991000.0,
        "Reconciled Depreciation": 21959000.0,
        "Reconciled Cost Of Revenue": 95165000.0,
        "EBITDA": -5251000.0,
        "EBIT": -5251000.0,
        "Net Interest Income": 10394000.0,
        "Interest Expense": 0.0,
        "Interest Income": 10394000.0,
        "Normalized Income": -11378600.0,
        "Net Income From Continuing And Discontinued Operation": -4927000.0,
        "Total Expenses": 177024000.0,
        "Total Operating Income As Reported": -12977000.0,
        "Diluted Average Shares": 69111000.0,
        "Basic Average Shares": 69111000.0,
        "Diluted EPS": -0.07,
        "Basic EPS": -0.07,
        "Diluted NI Availto Com Stockholders": -4927000.0,
        "Net Income Common Stockholders": -4927000.0,
        "Net Income": -4927000.0,
        "Net Income Including Noncontrolling Interests": -4927000.0,
        "Net Income Discontinuous Operations": -2936000.0,
        "Net Income Continuous Operations": -1991000.0,
        "Tax Provision": -3260000.0,
        "Pretax Income": -5251000.0,
        "Other Income Expense": 12978000.0,
        "Other Non Operating Income Expenses": -2668000.0,
        "Special Income Charges": 15646000.0,
        "Other Special Charges": NaN,
        "Restructuring And Mergern Acquisition": -15646000.0,
        "Net Non Operating Interest Income Expense": 10394000.0,
        "Interest Expense Non Operating": 0.0,
        "Interest Income Non Operating": 10394000.0,
        "Operating Income": -28623000.0,
        "Operating Expense": 81859000.0,
        "Research And Development": 8520000.0,
        "Selling General And Administration": 73339000.0,
        "Gross Profit": 53236000.0,
        "Cost Of Revenue": 95165000.0,
        "Total Revenue": 148401000.0,
        "Operating Revenue": 148401000.0
    },
    "2022-12-31": {
        "Tax Effect Of Unusual Items": -427318.425197,
        "Tax Rate For Calcs": 0.292283,
        "Normalized EBITDA": -14370000.0,
        "Total Unusual Items": -1462000.0,
        "Total Unusual Items Excluding Goodwill": -1462000.0,
        "Net Income From Continuing Operation Net Minority Interest": -11235000.0,
        "Reconciled Depreciation": 20181000.0,
        "Reconciled Cost Of Revenue": 104501000.0,
        "EBITDA": -15832000.0,
        "EBIT": -15832000.0,
        "Net Interest Income": 10665000.0,
        "Interest Expense": 43000.0,
        "Interest Income": 10708000.0,
        "Normalized Income": -10200318.425197,
        "Net Income From Continuing And Discontinued Operation": -11235000.0,
        "Total Expenses": 204589000.0,
        "Total Operating Income As Reported": -27685000.0,
        "Diluted Average Shares": 72543000.0,
        "Basic Average Shares": 72543000.0,
        "Diluted EPS": -0.15,
        "Basic EPS": -0.15,
        "Diluted NI Availto Com Stockholders": -11235000.0,
        "Net Income Common Stockholders": -11235000.0,
        "Net Income": -11235000.0,
        "Net Income Including Noncontrolling Interests": -11235000.0,
        "Net Income Discontinuous Operations": 0.0,
        "Net Income Continuous Operations": -11235000.0,
        "Tax Provision": -4640000.0,
        "Pretax Income": -15875000.0,
        "Other Income Expense": -317000.0,
        "Other Non Operating Income Expenses": 1145000.0,
        "Special Income Charges": -1462000.0,
        "Other Special Charges": NaN,
        "Restructuring And Mergern Acquisition": 1462000.0,
        "Net Non Operating Interest Income Expense": 10665000.0,
        "Interest Expense Non Operating": 43000.0,
        "Interest Income Non Operating": 10708000.0,
        "Operating Income": -26223000.0,
        "Operating Expense": 100088000.0,
        "Research And Development": 7536000.0,
        "Selling General And Administration": 92552000.0,
        "Gross Profit": 73865000.0,
        "Cost Of Revenue": 104501000.0,
        "Total Revenue": 178366000.0,
        "Operating Revenue": 178366000.0
    },
    "2022-09-30": {
        "Tax Effect Of Unusual Items": -157200.0,
        "Tax Rate For Calcs": 0.4,
        "Normalized EBITDA": -2529000.0,
        "Total Unusual Items": -393000.0,
        "Total Unusual Items Excluding Goodwill": -393000.0,
        "Net Income From Continuing Operation Net Minority Interest": -5311000.0,
        "Reconciled Depreciation": 14889000.0,
        "Reconciled Cost Of Revenue": 79451000.0,
        "EBITDA": -2922000.0,
        "EBIT": -2922000.0,
        "Net Interest Income": 9875000.0,
        "Interest Expense": 478000.0,
        "Interest Income": 10353000.0,
        "Normalized Income": -5075200.0,
        "Net Income From Continuing And Discontinued Operation": -20765000.0,
        "Total Expenses": 151802000.0,
        "Total Operating Income As Reported": -14627000.0,
        "Diluted Average Shares": 74951000.0,
        "Basic Average Shares": 74951000.0,
        "Diluted EPS": -0.28,
        "Basic EPS": -0.28,
        "Diluted NI Availto Com Stockholders": -20765000.0,
        "Net Income Common Stockholders": -20765000.0,
        "Net Income": -20765000.0,
        "Net Income Including Noncontrolling Interests": -20765000.0,
        "Net Income Discontinuous Operations": -15454000.0,
        "Net Income Continuous Operations": -5310000.0,
        "Tax Provision": 1910000.0,
        "Pretax Income": -3400000.0,
        "Other Income Expense": 959000.0,
        "Other Non Operating Income Expenses": 1352000.0,
        "Special Income Charges": -393000.0,
        "Other Special Charges": 0.0,
        "Restructuring And Mergern Acquisition": 393000.0,
        "Net Non Operating Interest Income Expense": 9875000.0,
        "Interest Expense Non Operating": 478000.0,
        "Interest Income Non Operating": 10353000.0,
        "Operating Income": -14234000.0,
        "Operating Expense": 72351000.0,
        "Research And Development": 7647000.0,
        "Selling General And Administration": 64704000.0,
        "Gross Profit": 58117000.0,
        "Cost Of Revenue": 79451000.0,
        "Total Revenue": 137568000.0,
        "Operating Revenue": 137568000.0
    },
    "2022-06-30": {
        "Tax Effect Of Unusual Items": -10000.0,
        "Tax Rate For Calcs": 0.4,
        "Normalized EBITDA": 15212000.0,
        "Total Unusual Items": -25000.0,
        "Total Unusual Items Excluding Goodwill": -25000.0,
        "Net Income From Continuing Operation Net Minority Interest": -7015000.0,
        "Reconciled Depreciation": 12808000.0,
        "Reconciled Cost Of Revenue": 73135000.0,
        "EBITDA": 15187000.0,
        "EBIT": 2379000.0,
        "Net Interest Income": 4721000.0,
        "Interest Expense": 2101000.0,
        "Interest Income": 6822000.0,
        "Normalized Income": -7000000.0,
        "Net Income From Continuing And Discontinued Operation": -9570000.0,
        "Total Expenses": 137783000.0,
        "Total Operating Income As Reported": -5073000.0,
        "Diluted Average Shares": 74989000.0,
        "Basic Average Shares": 74989000.0,
        "Diluted EPS": -0.13,
        "Basic EPS": -0.13,
        "Diluted NI Availto Com Stockholders": -9570000.0,
        "Net Income Common Stockholders": -9570000.0,
        "Net Income": -9570000.0,
        "Net Income Including Noncontrolling Interests": -9570000.0,
        "Net Income Discontinuous Operations": -2555000.0,
        "Net Income Continuous Operations": -7015000.0,
        "Tax Provision": 7293000.0,
        "Pretax Income": 278000.0,
        "Other Income Expense": 605000.0,
        "Other Non Operating Income Expenses": 630000.0,
        "Special Income Charges": -25000.0,
        "Other Special Charges": NaN,
        "Restructuring And Mergern Acquisition": 25000.0,
        "Net Non Operating Interest Income Expense": 4721000.0,
        "Interest Expense Non Operating": 2101000.0,
        "Interest Income Non Operating": 6822000.0,
        "Operating Income": -5048000.0,
        "Operating Expense": 64648000.0,
        "Research And Development": 6515000.0,
        "Selling General And Administration": 58133000.0,
        "Gross Profit": 59600000.0,
        "Cost Of Revenue": 73135000.0,
        "Total Revenue": 132735000.0,
        "Operating Revenue": 132735000.0
    },
    "2022-03-31": {
        "Diluted EPS": 28.28,
        "Total Revenue": 146,
        "Gross Profit": 71,
        "Operating Income": -5,
        "EBIT": 8,
        "Net Income": NaN
    },
    "2021-12-31": {
        "Diluted EPS": 0.58,
        "Total Revenue": 140,
        "Gross Profit": 67,
        "Operating Income": 0,
        "EBIT": 13,
        "Net Income": 43
    },
    "2021-09-30": {
        "Diluted EPS": 0.29,
        "Total Revenue": 137,
        "Gross Profit": 66,
        "Operating Income": -21,
        "EBIT": -5,
        "Net Income": 22
    },
    "2021-06-30": {
        "Diluted EPS": 0.53,
        "Total Revenue": 129,
        "Gross Profit": 62,
        "Operating Income": -1,
        "EBIT": 16,
        "Net Income": 39
    },
    "2021-03-31": {
        "Diluted EPS": 0.32,
        "Total Revenue": 130,
        "Gross Profit": 58,
        "Operating Income": -9,
        "EBIT": 7,
        "Net Income": 24
    },
    "2020-12-31": {
        "Diluted EPS": 0.35,
        "Total Revenue": 118,
        "Gross Profit": 57,
        "Operating Income": 0,
        "EBIT": 16,
        "Net Income": 26
    },
    "2020-09-30": {
        "Diluted EPS": 0.39,
        "Total Revenue": -263,
        "Gross Profit": -96,
        "Operating Income": -81,
        "EBIT": -65,
        "Net Income": 29
    },
    "2020-06-30": {
        "Diluted EPS": 0.19,
        "Total Revenue": 220,
        "Gross Profit": 93,
        "Operating Income": 19,
        "EBIT": 36,
        "Net Income": 14
    },
    "2020-03-31": {
        "Diluted EPS": 0.12,
        "Total Revenue": 220,
        "Gross Profit": 90,
        "Operating Income": 15,
        "EBIT": 31,
        "Net Income": 9
    },
    "2019-12-31": {
        "Diluted EPS": 0.18,
        "Total Revenue": 211,
        "Gross Profit": 85,
        "Operating Income": 11,
        "EBIT": 27,
        "Net Income": 13
    },
    "2019-09-30": {
        "Diluted EPS": 5.69,
        "Total Revenue": -247,
        "Gross Profit": -102,
        "Operating Income": -83,
        "EBIT": -68,
        "Net Income": 412
    },
    "2019-06-30": {
        "Diluted EPS": 0.1,
        "Total Revenue": 204,
        "Gross Profit": 84,
        "Operating Income": 16,
        "EBIT": 31,
        "Net Income": 7
    },
    "2019-03-31": {
        "Diluted EPS": 0.05,
        "Total Revenue": 198,
        "Gross Profit": 81,
        "Operating Income": 14,
        "EBIT": 28,
        "Net Income": 3
    },
    "2018-12-31": {
        "Diluted EPS": 0.2,
        "Total Revenue": 179,
        "Gross Profit": 72,
        "Operating Income": 5,
        "EBIT": 17,
        "Net Income": 14
    },
    "2018-09-30": {
        "Diluted EPS": 0.14,
        "Total Revenue": 160,
        "Gross Profit": 63,
        "Operating Income": 4,
        "EBIT": 14,
        "Net Income": 10
    },
    "2018-06-30": {
        "Diluted EPS": 0.32,
        "Total Revenue": 172,
        "Gross Profit": 67,
        "Operating Income": 13,
        "EBIT": 23,
        "Net Income": 23
    },
    "2018-03-31": {
        "Diluted EPS": 0.95,
        "Total Revenue": 157,
        "Gross Profit": 62,
        "Operating Income": 10,
        "EBIT": 20,
        "Net Income": 67
    },
    "2017-12-31": {
        "Diluted EPS": 0.23,
        "Total Revenue": 143,
        "Gross Profit": 54,
        "Operating Income": 5,
        "EBIT": 14,
        "Net Income": 16
    },
    "2017-09-30": {
        "Diluted EPS": 0.24,
        "Total Revenue": 16,
        "Gross Profit": 6,
        "Operating Income": -32,
        "EBIT": -25,
        "Net Income": 17
    },
    "2017-06-30": {
        "Diluted EPS": 0.25,
        "Total Revenue": 182,
        "Gross Profit": 72,
        "Operating Income": 19,
        "EBIT": 26,
        "Net Income": 17
    },
    "2017-03-31": {
        "Diluted EPS": 0.2,
        "Total Revenue": 169,
        "Gross Profit": 65,
        "Operating Income": 15,
        "EBIT": 22,
        "Net Income": 14
    },
    "2016-12-31": {
        "Diluted EPS": 0.2,
        "Total Revenue": 160,
        "Gross Profit": 57,
        "Operating Income": 13,
        "EBIT": 20,
        "Net Income": 14
    },
    "2016-09-30": {
        "Diluted EPS": 0.16,
        "Total Revenue": 31,
        "Gross Profit": 15,
        "Operating Income": -11,
        "EBIT": -4,
        "Net Income": 11
    },
    "2016-06-30": {
        "Diluted EPS": 0.12,
        "Total Revenue": 148,
        "Gross Profit": 54,
        "Operating Income": 8,
        "EBIT": 16,
        "Net Income": 9
    },
    "2016-03-31": {
        "Diluted EPS": -1.22,
        "Total Revenue": 135,
        "Gross Profit": 47,
        "Operating Income": -6,
        "EBIT": 1,
        "Net Income": -84
    },
    "2015-12-31": {
        "Diluted EPS": -0.07,
        "Total Revenue": 120,
        "Gross Profit": 41,
        "Operating Income": -8,
        "EBIT": -2,
        "Net Income": -5
    },
    "2015-09-30": {
        "Diluted EPS": 0.1,
        "Total Revenue": 146,
        "Gross Profit": 53,
        "Operating Income": 10,
        "EBIT": 17,
        "Net Income": 7
    },
    "2015-06-30": {
        "Diluted EPS": 0.11,
        "Total Revenue": 145,
        "Gross Profit": 51,
        "Operating Income": 10,
        "EBIT": 17,
        "Net Income": 8
    },
    "2015-03-31": {
        "Diluted EPS": 0.04,
        "Total Revenue": 139,
        "Gross Profit": 46,
        "Operating Income": 3,
        "EBIT": 10,
        "Net Income": 3
    },
    "2014-12-31": {
        "Diluted EPS": -0.04,
        "Total Revenue": 123,
        "Gross Profit": 39,
        "Operating Income": -6,
        "EBIT": 0,
        "Net Income": -3
    },
    "2014-09-30": {
        "Diluted EPS": 0.0,
        "Total Revenue": 123,
        "Gross Profit": 41,
        "Operating Income": -1,
        "EBIT": 6,
        "Net Income": 0
    },
    "2014-06-30": {
        "Diluted EPS": 0.36,
        "Total Revenue": 117,
        "Gross Profit": 41,
        "Operating Income": -6,
        "EBIT": 0,
        "Net Income": 24
    },
    "2014-03-31": {
        "Diluted EPS": 0.05,
        "Total Revenue": 126,
        "Gross Profit": 44,
        "Operating Income": 2,
        "EBIT": 8,
        "Net Income": 3
    },
    "2013-12-31": {
        "Diluted EPS": 0.05,
        "Total Revenue": 117,
        "Gross Profit": 41,
        "Operating Income": 1,
        "EBIT": 7,
        "Net Income": 3
    },
    "2013-09-30": {
        "Diluted EPS": 0.1,
        "Total Revenue": 104,
        "Gross Profit": 34,
        "Operating Income": -3,
        "EBIT": 4,
        "Net Income": 6
    },
    "2013-06-30": {
        "Diluted EPS": 0.02,
        "Total Revenue": 111,
        "Gross Profit": 36,
        "Operating Income": 2,
        "EBIT": 8,
        "Net Income": 2
    },
    "2013-03-31": {
        "Diluted EPS": -0.01,
        "Total Revenue": 109,
        "Gross Profit": 33,
        "Operating Income": -3,
        "EBIT": 3,
        "Net Income": -1
    },
    "2012-12-31": {
        "Diluted EPS": -0.14,
        "Total Revenue": 98,
        "Gross Profit": 29,
        "Operating Income": -13,
        "EBIT": -6,
        "Net Income": -9
    },
    "2012-09-30": {
        "Diluted EPS": 1.77,
        "Total Revenue": 89,
        "Gross Profit": 25,
        "Operating Income": -17,
        "EBIT": -11,
        "Net Income": 116
    },
    "2012-06-30": {
        "Diluted EPS": 0.12,
        "Total Revenue": 140,
        "Gross Profit": 46,
        "Operating Income": 8,
        "EBIT": 14,
        "Net Income": 8
    },
    "2012-03-31": {
        "Diluted EPS": 0.15,
        "Total Revenue": 139,
        "Gross Profit": 48,
        "Operating Income": 8,
        "EBIT": 14,
        "Net Income": 10
    },
    "2011-12-31": {
        "Diluted EPS": 0.04,
        "Total Revenue": 120,
        "Gross Profit": 40,
        "Operating Income": 1,
        "EBIT": 7,
        "Net Income": 3
    },
    "2011-09-30": {
        "Diluted EPS": 0.21,
        "Total Revenue": 131,
        "Gross Profit": 47,
        "Operating Income": 7,
        "EBIT": 13,
        "Net Income": 13
    },
    "2011-06-30": {
        "Diluted EPS": 1.03,
        "Total Revenue": 186,
        "Gross Profit": 57,
        "Operating Income": 22,
        "EBIT": 27,
        "Net Income": 67
    },
    "2011-03-31": {
        "Diluted EPS": 0.41,
        "Total Revenue": 193,
        "Gross Profit": 62,
        "Operating Income": 27,
        "EBIT": 31,
        "Net Income": 27
    },
    "2010-12-31": {
        "Diluted EPS": 0.36,
        "Total Revenue": 178,
        "Gross Profit": 57,
        "Operating Income": 24,
        "EBIT": 28,
        "Net Income": 23
    },
    "2010-09-30": {
        "Diluted EPS": 0.38,
        "Total Revenue": 182,
        "Gross Profit": 55,
        "Operating Income": 22,
        "EBIT": 28,
        "Net Income": 25
    },
    "2010-06-30": {
        "Diluted EPS": 0.26,
        "Total Revenue": 157,
        "Gross Profit": 46,
        "Operating Income": 17,
        "EBIT": 21,
        "Net Income": 17
    },
    "2010-03-31": {
        "Diluted EPS": 0.33,
        "Total Revenue": 148,
        "Gross Profit": 39,
        "Operating Income": 10,
        "EBIT": 15,
        "Net Income": 21
    },
    "2009-12-31": {
        "Diluted EPS": -0.04,
        "Total Revenue": 106,
        "Gross Profit": 26,
        "Operating Income": -2,
        "EBIT": 3,
        "Net Income": -3
    },
    "2009-09-30": {
        "Diluted EPS": -0.22,
        "Total Revenue": 64,
        "Gross Profit": 12,
        "Operating Income": -15,
        "EBIT": -81,
        "Net Income": -14
    },
    "2009-06-30": {
        "Diluted EPS": -0.41,
        "Total Revenue": 44,
        "Gross Profit": 4,
        "Operating Income": -26,
        "EBIT": -21,
        "Net Income": -26
    },
    "2009-03-31": {
        "Diluted EPS": -2.43,
        "Total Revenue": 37,
        "Gross Profit": -28,
        "Operating Income": -153,
        "EBIT": -73,
        "Net Income": -153
    },
    "2023-06-30": {
        "Tax Effect Of Unusual Items": 194698.637602,
        "Tax Rate For Calcs": 0.328883,
        "Normalized EBITDA": 17041000.0,
        "Total Unusual Items": 592000.0,
        "Total Unusual Items Excluding Goodwill": 592000.0,
        "Net Income From Continuing Operation Net Minority Interest": -2463000.0,
        "Reconciled Depreciation": 21303000.0,
        "Reconciled Cost Of Revenue": 97943000.0,
        "EBITDA": 17633000.0,
        "EBIT": -3670000.0,
        "Net Interest Income": 11347000.0,
        "Interest Expense": 0.0,
        "Interest Income": 11347000.0,
        "Normalized Income": -2860301.362398,
        "Net Income From Continuing And Discontinued Operation": -1470000.0,
        "Total Expenses": 182376000.0,
        "Total Operating Income As Reported": -15836000.0,
        "Diluted Average Shares": 63432000.0,
        "Basic Average Shares": 63432000.0,
        "Diluted EPS": -0.02,
        "Basic EPS": -0.02,
        "Diluted NI Availto Com Stockholders": -1470000.0,
        "Net Income Common Stockholders": -1470000.0,
        "Net Income": -1470000.0,
        "Net Income Including Noncontrolling Interests": -1470000.0,
        "Net Income Discontinuous Operations": 993000.0,
        "Net Income Continuous Operations": -2463000.0,
        "Tax Provision": -1207000.0,
        "Pretax Income": -3670000.0,
        "Other Income Expense": 1411000.0,
        "Other Non Operating Income Expenses": 819000.0,
        "Special Income Charges": 592000.0,
        "Other Special Charges": NaN,
        "Restructuring And Mergern Acquisition": -592000.0,
        "Net Non Operating Interest Income Expense": 11347000.0,
        "Interest Expense Non Operating": 0.0,
        "Interest Income Non Operating": 11347000.0,
        "Operating Income": -16428000.0,
        "Operating Expense": 84433000.0,
        "Research And Development": 8968000.0,
        "Selling General And Administration": 75465000.0,
        "Gross Profit": 68005000.0,
        "Cost Of Revenue": 97943000.0,
        "Total Revenue": 165948000.0,
        "Operating Revenue": 165948000.0
    }
}