{
    "2023-06-30": {
        "Tax Effect Of Unusual Items": 0.0,
        "Tax Rate For Calcs": 0.078,
        "Net Income From Continuing Operation Net Minority Interest": 7408000000.0,
        "Reconciled Depreciation": 510000000.0,
        "Net Interest Income": 14158000000.0,
        "Interest Expense": 18196000000.0,
        "Interest Income": 32354000000.0,
        "Normalized Income": 7408000000.0,
        "Net Income From Continuing And Discontinued Operation": 7408000000.0,
        "Diluted Average Shares": 8080700000.0,
        "Basic Average Shares": 8040900000.0,
        "Diluted EPS": 0.88,
        "Basic EPS": 0.88,
        "Diluted NI Availto Com Stockholders": 7102000000.0,
        "Average Dilution Earnings": NaN,
        "Net Income Common Stockholders": 7102000000.0,
        "Preferred Stock Dividends": 306000000.0,
        "Net Income": 7408000000.0,
        "Net Income Including Noncontrolling Interests": 7408000000.0,
        "Net Income Continuous Operations": 7408000000.0,
        "Tax Provision": 626000000.0,
        "Pretax Income": 8034000000.0,
        "Gain On Sale Of Security": 0.0,
        "Selling General And Administration": 12091000000.0,
        "Selling And Marketing Expense": 1469000000.0,
        "General And Administrative Expense": 10622000000.0,
        "Other Gand A": 1221000000.0,
        "Salaries And Wages": 9401000000.0,
        "Total Revenue": 25197000000.0,
        "Operating Revenue": 25197000000.0
    },
    "2023-03-31": {
        "Tax Effect Of Unusual Items": 0.0,
        "Tax Rate For Calcs": 0.102,
        "Net Income From Continuing Operation Net Minority Interest": 8161000000.0,
        "Reconciled Depreciation": 503000000.0,
        "Net Interest Income": 14448000000.0,
        "Interest Expense": 14207000000.0,
        "Interest Income": 28655000000.0,
        "Normalized Income": 8161000000.0,
        "Net Income From Continuing And Discontinued Operation": 8161000000.0,
        "Diluted Average Shares": 8182300000.0,
        "Basic Average Shares": 8065900000.0,
        "Diluted EPS": 0.94,
        "Basic EPS": 0.95,
        "Diluted NI Availto Com Stockholders": 7656000000.0,
        "Average Dilution Earnings": NaN,
        "Net Income Common Stockholders": 7656000000.0,
        "Preferred Stock Dividends": 505000000.0,
        "Net Income": 8161000000.0,
        "Net Income Including Noncontrolling Interests": 8161000000.0,
        "Net Income Continuous Operations": 8161000000.0,
        "Tax Provision": 928000000.0,
        "Pretax Income": 9089000000.0,
        "Gain On Sale Of Security": 0.0,
        "Selling General And Administration": 12205000000.0,
        "Selling And Marketing Expense": 1348000000.0,
        "General And Administrative Expense": 10857000000.0,
        "Other Gand A": 939000000.0,
        "Salaries And Wages": 9918000000.0,
        "Total Revenue": 26258000000.0,
        "Operating Revenue": 26258000000.0
    },
    "2022-12-31": {
        "Tax Effect Of Unusual Items": 0.0,
        "Tax Rate For Calcs": 0.096872,
        "Net Income From Continuing Operation Net Minority Interest": 7132000000.0,
        "Reconciled Depreciation": 502000000.0,
        "Net Interest Income": 14681000000.0,
        "Interest Expense": 10394000000.0,
        "Interest Income": 25075000000.0,
        "Normalized Income": 7132000000.0,
        "Net Income From Continuing And Discontinued Operation": 7132000000.0,
        "Diluted Average Shares": 8155700000.0,
        "Basic Average Shares": 8088300000.0,
        "Diluted EPS": 0.85,
        "Basic EPS": 0.85,
        "Diluted NI Availto Com Stockholders": 6904000000.0,
        "Average Dilution Earnings": NaN,
        "Net Income Common Stockholders": 6904000000.0,
        "Preferred Stock Dividends": 228000000.0,
        "Net Income": 7132000000.0,
        "Net Income Including Noncontrolling Interests": 7132000000.0,
        "Net Income Continuous Operations": 7132000000.0,
        "Tax Provision": 765000000.0,
        "Pretax Income": 7897000000.0,
        "Gain On Sale Of Security": 0.0,
        "Selling General And Administration": 11450000000.0,
        "Selling And Marketing Expense": 1364000000.0,
        "General And Administrative Expense": 10086000000.0,
        "Other Gand A": 925000000.0,
        "Salaries And Wages": 9161000000.0,
        "Total Revenue": 24532000000.0,
        "Operating Revenue": 24532000000.0
    },
    "2022-09-30": {
        "Tax Effect Of Unusual Items": 0.0,
        "Tax Rate For Calcs": 0.14685,
        "Net Income From Continuing Operation Net Minority Interest": 7082000000.0,
        "Reconciled Depreciation": 491000000.0,
        "Net Interest Income": 13765000000.0,
        "Interest Expense": 5856000000.0,
        "Interest Income": 19621000000.0,
        "Normalized Income": 7082000000.0,
        "Net Income From Continuing And Discontinued Operation": 7082000000.0,
        "Diluted Average Shares": 8160800000.0,
        "Basic Average Shares": 8107700000.0,
        "Diluted EPS": 0.81,
        "Basic EPS": 0.81,
        "Diluted NI Availto Com Stockholders": 6579000000.0,
        "Average Dilution Earnings": 0.0,
        "Net Income Common Stockholders": 6579000000.0,
        "Preferred Stock Dividends": 503000000.0,
        "Net Income": 7082000000.0,
        "Net Income Including Noncontrolling Interests": 7082000000.0,
        "Net Income Continuous Operations": 7082000000.0,
        "Tax Provision": 1219000000.0,
        "Pretax Income": 8301000000.0,
        "Gain On Sale Of Security": 0.0,
        "Selling General And Administration": 11455000000.0,
        "Selling And Marketing Expense": 1397000000.0,
        "General And Administrative Expense": 10058000000.0,
        "Other Gand A": 1171000000.0,
        "Salaries And Wages": 8887000000.0,
        "Total Revenue": 24502000000.0,
        "Operating Revenue": 24502000000.0
    },
    "2022-06-30": {
        "Tax Effect Of Unusual Items": 0.0,
        "Tax Rate For Calcs": 0.093587,
        "Net Income From Continuing Operation Net Minority Interest": 6247000000.0,
        "Reconciled Depreciation": 491000000.0,
        "Net Interest Income": 12444000000.0,
        "Interest Expense": 2531000000.0,
        "Interest Income": 14975000000.0,
        "Normalized Income": 6247000000.0,
        "Net Income From Continuing And Discontinued Operation": 6247000000.0,
        "Diluted Average Shares": 8163100000.0,
        "Basic Average Shares": 8121600000.0,
        "Diluted EPS": 0.73,
        "Basic EPS": 0.73,
        "Diluted NI Availto Com Stockholders": 5932000000.0,
        "Average Dilution Earnings": NaN,
        "Net Income Common Stockholders": 5932000000.0,
        "Preferred Stock Dividends": 315000000.0,
        "Net Income": 6247000000.0,
        "Net Income Including Noncontrolling Interests": 6247000000.0,
        "Net Income Continuous Operations": 6247000000.0,
        "Tax Provision": 645000000.0,
        "Pretax Income": 6892000000.0,
        "Gain On Sale Of Security": 0.0,
        "Selling General And Administration": 11472000000.0,
        "Selling And Marketing Expense": 1387000000.0,
        "General And Administrative Expense": 10085000000.0,
        "Other Gand A": 1168000000.0,
        "Salaries And Wages": 8917000000.0,
        "Total Revenue": 22688000000.0,
        "Operating Revenue": 22688000000.0
    },
    "2022-03-31": {
        "Diluted EPS": 0.8,
        "Total Revenue": NaN,
        "Gross Profit": NaN,
        "Operating Income": NaN,
        "EBIT": NaN,
        "Net Income": NaN
    },
    "2021-12-31": {
        "Diluted EPS": 0.83,
        "Total Revenue": NaN,
        "Gross Profit": NaN,
        "Operating Income": NaN,
        "EBIT": NaN,
        "Net Income": NaN
    },
    "2021-09-30": {
        "Diluted EPS": 0.85,
        "Total Revenue": NaN,
        "Gross Profit": NaN,
        "Operating Income": NaN,
        "EBIT": NaN,
        "Net Income": NaN
    },
    "2021-06-30": {
        "Diluted EPS": 1.03,
        "Total Revenue": NaN,
        "Gross Profit": NaN,
        "Operating Income": NaN,
        "EBIT": NaN,
        "Net Income": NaN
    },
    "2021-03-31": {
        "Diluted EPS": 0.86,
        "Total Revenue": NaN,
        "Gross Profit": NaN,
        "Operating Income": NaN,
        "EBIT": NaN,
        "Net Income": NaN
    },
    "2020-12-31": {
        "Diluted EPS": 0.59,
        "Total Revenue": NaN,
        "Gross Profit": NaN,
        "Operating Income": NaN,
        "EBIT": NaN,
        "Net Income": NaN
    },
    "2020-09-30": {
        "Diluted EPS": 0.51,
        "Total Revenue": NaN,
        "Gross Profit": NaN,
        "Operating Income": NaN,
        "EBIT": NaN,
        "Net Income": NaN
    },
    "2020-06-30": {
        "Diluted EPS": 0.37,
        "Total Revenue": NaN,
        "Gross Profit": NaN,
        "Operating Income": NaN,
        "EBIT": NaN,
        "Net Income": NaN
    },
    "2020-03-31": {
        "Diluted EPS": 0.4,
        "Total Revenue": NaN,
        "Gross Profit": NaN,
        "Operating Income": NaN,
        "EBIT": NaN,
        "Net Income": NaN
    },
    "2019-12-31": {
        "Diluted EPS": 0.75,
        "Total Revenue": NaN,
        "Gross Profit": NaN,
        "Operating Income": NaN,
        "EBIT": NaN,
        "Net Income": NaN
    },
    "2019-09-30": {
        "Diluted EPS": 0.56,
        "Total Revenue": NaN,
        "Gross Profit": NaN,
        "Operating Income": NaN,
        "EBIT": NaN,
        "Net Income": NaN
    },
    "2019-06-30": {
        "Diluted EPS": 0.74,
        "Total Revenue": NaN,
        "Gross Profit": NaN,
        "Operating Income": NaN,
        "EBIT": NaN,
        "Net Income": NaN
    },
    "2019-03-31": {
        "Diluted EPS": 0.7,
        "Total Revenue": NaN,
        "Gross Profit": NaN,
        "Operating Income": NaN,
        "EBIT": NaN,
        "Net Income": NaN
    },
    "2018-12-31": {
        "Diluted EPS": 0.7,
        "Total Revenue": NaN,
        "Gross Profit": NaN,
        "Operating Income": NaN,
        "EBIT": NaN,
        "Net Income": NaN
    },
    "2018-09-30": {
        "Diluted EPS": 0.66,
        "Total Revenue": NaN,
        "Gross Profit": NaN,
        "Operating Income": NaN,
        "EBIT": NaN,
        "Net Income": NaN
    },
    "2018-06-30": {
        "Diluted EPS": 0.63,
        "Total Revenue": NaN,
        "Gross Profit": NaN,
        "Operating Income": NaN,
        "EBIT": NaN,
        "Net Income": NaN
    },
    "2018-03-31": {
        "Diluted EPS": 0.62,
        "Total Revenue": NaN,
        "Gross Profit": NaN,
        "Operating Income": NaN,
        "EBIT": NaN,
        "Net Income": NaN
    },
    "2017-12-31": {
        "Diluted EPS": 0.21,
        "Total Revenue": NaN,
        "Gross Profit": NaN,
        "Operating Income": NaN,
        "EBIT": NaN,
        "Net Income": NaN
    },
    "2017-09-30": {
        "Diluted EPS": 0.46,
        "Total Revenue": NaN,
        "Gross Profit": NaN,
        "Operating Income": NaN,
        "EBIT": NaN,
        "Net Income": NaN
    },
    "2017-06-30": {
        "Diluted EPS": 0.44,
        "Total Revenue": NaN,
        "Gross Profit": NaN,
        "Operating Income": NaN,
        "EBIT": NaN,
        "Net Income": NaN
    },
    "2017-03-31": {
        "Diluted EPS": 0.45,
        "Total Revenue": NaN,
        "Gross Profit": NaN,
        "Operating Income": NaN,
        "EBIT": NaN,
        "Net Income": NaN
    },
    "2016-12-31": {
        "Diluted EPS": 0.39,
        "Total Revenue": NaN,
        "Gross Profit": NaN,
        "Operating Income": NaN,
        "EBIT": NaN,
        "Net Income": NaN
    },
    "2016-09-30": {
        "Diluted EPS": 0.41,
        "Total Revenue": NaN,
        "Gross Profit": NaN,
        "Operating Income": NaN,
        "EBIT": NaN,
        "Net Income": NaN
    },
    "2016-06-30": {
        "Diluted EPS": 0.41,
        "Total Revenue": NaN,
        "Gross Profit": NaN,
        "Operating Income": NaN,
        "EBIT": NaN,
        "Net Income": NaN
    },
    "2016-03-31": {
        "Diluted EPS": 0.28,
        "Total Revenue": NaN,
        "Gross Profit": NaN,
        "Operating Income": NaN,
        "EBIT": NaN,
        "Net Income": NaN
    },
    "2015-12-31": {
        "Diluted EPS": 0.25,
        "Total Revenue": NaN,
        "Gross Profit": NaN,
        "Operating Income": NaN,
        "EBIT": NaN,
        "Net Income": NaN
    },
    "2015-09-30": {
        "Diluted EPS": 0.38,
        "Total Revenue": NaN,
        "Gross Profit": NaN,
        "Operating Income": NaN,
        "EBIT": NaN,
        "Net Income": NaN
    },
    "2015-06-30": {
        "Diluted EPS": 0.43,
        "Total Revenue": NaN,
        "Gross Profit": NaN,
        "Operating Income": NaN,
        "EBIT": NaN,
        "Net Income": NaN
    },
    "2015-03-31": {
        "Diluted EPS": 0.25,
        "Total Revenue": NaN,
        "Gross Profit": NaN,
        "Operating Income": NaN,
        "EBIT": NaN,
        "Net Income": NaN
    },
    "2014-12-31": {
        "Diluted EPS": 0.32,
        "Total Revenue": NaN,
        "Gross Profit": NaN,
        "Operating Income": NaN,
        "EBIT": NaN,
        "Net Income": NaN
    },
    "2014-09-30": {
        "Diluted EPS": -0.04,
        "Total Revenue": NaN,
        "Gross Profit": NaN,
        "Operating Income": 431,
        "EBIT": NaN,
        "Net Income": -470
    },
    "2014-06-30": {
        "Diluted EPS": 0.19,
        "Total Revenue": NaN,
        "Gross Profit": NaN,
        "Operating Income": NaN,
        "EBIT": NaN,
        "Net Income": NaN
    },
    "2014-03-31": {
        "Diluted EPS": -0.05,
        "Total Revenue": NaN,
        "Gross Profit": NaN,
        "Operating Income": -681,
        "EBIT": NaN,
        "Net Income": -514
    },
    "2013-12-31": {
        "Diluted EPS": 0.28,
        "Total Revenue": NaN,
        "Gross Profit": NaN,
        "Operating Income": NaN,
        "EBIT": NaN,
        "Net Income": NaN
    },
    "2013-09-30": {
        "Diluted EPS": 0.2,
        "Total Revenue": NaN,
        "Gross Profit": NaN,
        "Operating Income": NaN,
        "EBIT": NaN,
        "Net Income": NaN
    },
    "2013-06-30": {
        "Diluted EPS": 0.32,
        "Total Revenue": NaN,
        "Gross Profit": NaN,
        "Operating Income": NaN,
        "EBIT": NaN,
        "Net Income": NaN
    },
    "2013-03-31": {
        "Diluted EPS": 0.1,
        "Total Revenue": NaN,
        "Gross Profit": NaN,
        "Operating Income": NaN,
        "EBIT": NaN,
        "Net Income": NaN
    },
    "2012-12-31": {
        "Diluted EPS": 0.03,
        "Total Revenue": NaN,
        "Gross Profit": NaN,
        "Operating Income": NaN,
        "EBIT": NaN,
        "Net Income": 368
    },
    "2012-09-30": {
        "Diluted EPS": 0.0,
        "Total Revenue": NaN,
        "Gross Profit": NaN,
        "Operating Income": NaN,
        "EBIT": NaN,
        "Net Income": -33
    },
    "2012-06-30": {
        "Diluted EPS": 0.19,
        "Total Revenue": NaN,
        "Gross Profit": NaN,
        "Operating Income": NaN,
        "EBIT": NaN,
        "Net Income": NaN
    },
    "2012-03-31": {
        "Diluted EPS": 0.03,
        "Total Revenue": NaN,
        "Gross Profit": NaN,
        "Operating Income": 719,
        "EBIT": NaN,
        "Net Income": 327
    },
    "2011-12-31": {
        "Diluted EPS": 0.18,
        "Total Revenue": NaN,
        "Gross Profit": NaN,
        "Operating Income": NaN,
        "EBIT": NaN,
        "Net Income": NaN
    },
    "2011-09-30": {
        "Diluted EPS": 0.56,
        "Total Revenue": NaN,
        "Gross Profit": NaN,
        "Operating Income": NaN,
        "EBIT": NaN,
        "Net Income": NaN
    },
    "2011-06-30": {
        "Diluted EPS": -0.9,
        "Total Revenue": NaN,
        "Gross Profit": NaN,
        "Operating Income": NaN,
        "EBIT": NaN,
        "Net Income": NaN
    },
    "2011-03-31": {
        "Diluted EPS": 0.17,
        "Total Revenue": NaN,
        "Gross Profit": NaN,
        "Operating Income": NaN,
        "EBIT": NaN,
        "Net Income": NaN
    },
    "2010-12-31": {
        "Diluted EPS": -0.15,
        "Total Revenue": NaN,
        "Gross Profit": NaN,
        "Operating Income": NaN,
        "EBIT": NaN,
        "Net Income": NaN
    },
    "2010-09-30": {
        "Diluted EPS": -0.77,
        "Total Revenue": NaN,
        "Gross Profit": NaN,
        "Operating Income": NaN,
        "EBIT": NaN,
        "Net Income": NaN
    },
    "2010-06-30": {
        "Diluted EPS": 0.27,
        "Total Revenue": NaN,
        "Gross Profit": NaN,
        "Operating Income": NaN,
        "EBIT": NaN,
        "Net Income": NaN
    },
    "2010-03-31": {
        "Diluted EPS": 0.28,
        "Total Revenue": NaN,
        "Gross Profit": NaN,
        "Operating Income": NaN,
        "EBIT": NaN,
        "Net Income": NaN
    },
    "2009-12-31": {
        "Diluted EPS": -0.8,
        "Total Revenue": NaN,
        "Gross Profit": NaN,
        "Operating Income": -886,
        "EBIT": NaN,
        "Net Income": NaN
    },
    "2009-09-30": {
        "Diluted EPS": -0.26,
        "Total Revenue": NaN,
        "Gross Profit": NaN,
        "Operating Income": NaN,
        "EBIT": NaN,
        "Net Income": NaN
    },
    "2009-06-30": {
        "Diluted EPS": 0.33,
        "Total Revenue": NaN,
        "Gross Profit": NaN,
        "Operating Income": NaN,
        "EBIT": NaN,
        "Net Income": NaN
    },
    "2009-03-31": {
        "Diluted EPS": 0.44,
        "Total Revenue": NaN,
        "Gross Profit": NaN,
        "Operating Income": NaN,
        "EBIT": NaN,
        "Net Income": NaN
    },
    "2023-09-30": {
        "Tax Effect Of Unusual Items": 0.0,
        "Tax Rate For Calcs": 0.036,
        "Net Income From Continuing Operation Net Minority Interest": 7802000000.0,
        "Reconciled Depreciation": 517000000.0,
        "Net Interest Income": 14379000000.0,
        "Interest Expense": 19245000000.0,
        "Interest Income": 33624000000.0,
        "Normalized Income": 7802000000.0,
        "Net Income From Continuing And Discontinued Operation": 7802000000.0,
        "Diluted Average Shares": 8075900000.0,
        "Basic Average Shares": 8017100000.0,
        "Diluted EPS": 0.9,
        "Basic EPS": 0.91,
        "Diluted NI Availto Com Stockholders": 7270000000.0,
        "Average Dilution Earnings": 0.0,
        "Net Income Common Stockholders": 7270000000.0,
        "Preferred Stock Dividends": 532000000.0,
        "Net Income": 7802000000.0,
        "Net Income Including Noncontrolling Interests": 7802000000.0,
        "Net Income Continuous Operations": 7802000000.0,
        "Tax Provision": 293000000.0,
        "Pretax Income": 8095000000.0,
        "Gain On Sale Of Security": 0.0,
        "Selling General And Administration": 11822000000.0,
        "Selling And Marketing Expense": 1381000000.0,
        "General And Administrative Expense": 10441000000.0,
        "Other Gand A": 890000000.0,
        "Salaries And Wages": 9551000000.0,
        "Total Revenue": 25167000000.0,
        "Operating Revenue": 25167000000.0
    }
}