{
    "2023-06-30": {
        "Tax Effect Of Unusual Items": 0.0,
        "Tax Rate For Calcs": 0.245474,
        "Net Income From Continuing Operation Net Minority Interest": 1417000.0,
        "Reconciled Depreciation": 1649000.0,
        "Net Interest Income": 10108000.0,
        "Interest Expense": 7684000.0,
        "Interest Income": 17792000.0,
        "Normalized Income": 1417000.0,
        "Net Income From Continuing And Discontinued Operation": 1385000.0,
        "Diluted Average Shares": 4265501.0,
        "Basic Average Shares": 4103788.0,
        "Diluted EPS": 0.29,
        "Basic EPS": 0.29,
        "Diluted NI Availto Com Stockholders": 1177000.0,
        "Average Dilution Earnings": NaN,
        "Net Income Common Stockholders": 1177000.0,
        "Preferred Stock Dividends": 208000.0,
        "Net Income": 1385000.0,
        "Net Income Including Noncontrolling Interests": 1385000.0,
        "Net Income Discontinuous Operations": -32000.0,
        "Net Income Continuous Operations": 1417000.0,
        "Tax Provision": 461000.0,
        "Pretax Income": 1878000.0,
        "Selling General And Administration": 10743000.0,
        "Selling And Marketing Expense": 1102000.0,
        "General And Administrative Expense": 9641000.0,
        "Salaries And Wages": 9641000.0,
        "Total Revenue": 19824000.0,
        "Operating Revenue": 19824000.0
    },
    "2023-03-31": {
        "Tax Effect Of Unusual Items": 0.0,
        "Tax Rate For Calcs": 0.244115,
        "Net Income From Continuing Operation Net Minority Interest": 867000.0,
        "Reconciled Depreciation": 1411000.0,
        "Net Interest Income": 9053000.0,
        "Interest Expense": 5198000.0,
        "Interest Income": 14251000.0,
        "Normalized Income": 867000.0,
        "Net Income From Continuing And Discontinued Operation": 739000.0,
        "Diluted Average Shares": 4080683.0,
        "Basic Average Shares": 4080683.0,
        "Diluted EPS": 0.13,
        "Basic EPS": 0.13,
        "Diluted NI Availto Com Stockholders": 531000.0,
        "Average Dilution Earnings": 0.0,
        "Net Income Common Stockholders": 531000.0,
        "Preferred Stock Dividends": 208000.0,
        "Net Income": 739000.0,
        "Net Income Including Noncontrolling Interests": 739000.0,
        "Net Income Discontinuous Operations": -128000.0,
        "Net Income Continuous Operations": 867000.0,
        "Tax Provision": 280000.0,
        "Pretax Income": 1147000.0,
        "Selling General And Administration": 9872000.0,
        "Selling And Marketing Expense": 665000.0,
        "General And Administrative Expense": 9207000.0,
        "Salaries And Wages": 9207000.0,
        "Total Revenue": 17006000.0,
        "Operating Revenue": 17006000.0
    },
    "2022-12-31": {
        "Tax Effect Of Unusual Items": NaN,
        "Tax Rate For Calcs": NaN,
        "Net Income From Continuing Operation Net Minority Interest": NaN,
        "Reconciled Depreciation": NaN,
        "Net Interest Income": NaN,
        "Interest Expense": NaN,
        "Interest Income": NaN,
        "Normalized Income": NaN,
        "Net Income From Continuing And Discontinued Operation": NaN,
        "Diluted Average Shares": NaN,
        "Basic Average Shares": NaN,
        "Diluted EPS": NaN,
        "Basic EPS": NaN,
        "Diluted NI Availto Com Stockholders": NaN,
        "Average Dilution Earnings": 64000.0,
        "Net Income Common Stockholders": NaN,
        "Preferred Stock Dividends": NaN,
        "Net Income": NaN,
        "Net Income Including Noncontrolling Interests": NaN,
        "Net Income Discontinuous Operations": NaN,
        "Net Income Continuous Operations": NaN,
        "Tax Provision": NaN,
        "Pretax Income": NaN,
        "Selling General And Administration": NaN,
        "Selling And Marketing Expense": NaN,
        "General And Administrative Expense": NaN,
        "Salaries And Wages": NaN,
        "Total Revenue": NaN,
        "Operating Revenue": NaN
    },
    "2022-09-30": {
        "Tax Effect Of Unusual Items": NaN,
        "Tax Rate For Calcs": NaN,
        "Net Income From Continuing Operation Net Minority Interest": NaN,
        "Reconciled Depreciation": NaN,
        "Net Interest Income": NaN,
        "Interest Expense": NaN,
        "Interest Income": NaN,
        "Normalized Income": NaN,
        "Net Income From Continuing And Discontinued Operation": NaN,
        "Diluted Average Shares": NaN,
        "Basic Average Shares": NaN,
        "Diluted EPS": NaN,
        "Basic EPS": NaN,
        "Diluted NI Availto Com Stockholders": NaN,
        "Average Dilution Earnings": NaN,
        "Net Income Common Stockholders": NaN,
        "Preferred Stock Dividends": NaN,
        "Net Income": NaN,
        "Net Income Including Noncontrolling Interests": NaN,
        "Net Income Discontinuous Operations": NaN,
        "Net Income Continuous Operations": NaN,
        "Tax Provision": NaN,
        "Pretax Income": NaN,
        "Selling General And Administration": NaN,
        "Selling And Marketing Expense": NaN,
        "General And Administrative Expense": NaN,
        "Other Gand A": 1357000.0,
        "Salaries And Wages": NaN,
        "Total Revenue": NaN,
        "Operating Revenue": NaN
    },
    "2022-06-30": {
        "Tax Effect Of Unusual Items": 0.0,
        "Tax Rate For Calcs": 0.4,
        "Net Income From Continuing Operation Net Minority Interest": -282000.0,
        "Reconciled Depreciation": 1283000.0,
        "Net Interest Income": 7254000.0,
        "Interest Expense": 1172000.0,
        "Interest Income": 8426000.0,
        "Normalized Income": -282000.0,
        "Net Income From Continuing And Discontinued Operation": -282000.0,
        "Diluted Average Shares": 4014445.0,
        "Basic Average Shares": 4014445.0,
        "Diluted EPS": -0.12,
        "Basic EPS": -0.12,
        "Diluted NI Availto Com Stockholders": -490000.0,
        "Average Dilution Earnings": 0.0,
        "Net Income Common Stockholders": -490000.0,
        "Preferred Stock Dividends": 208000.0,
        "Net Income": -282000.0,
        "Net Income Including Noncontrolling Interests": -282000.0,
        "Net Income Discontinuous Operations": NaN,
        "Net Income Continuous Operations": -282000.0,
        "Tax Provision": -291000.0,
        "Pretax Income": -573000.0,
        "Selling General And Administration": 20031000.0,
        "Selling And Marketing Expense": 1659000.0,
        "General And Administrative Expense": 18372000.0,
        "Other Gand A": 1487000.0,
        "Salaries And Wages": 16885000.0,
        "Total Revenue": 23928000.0,
        "Operating Revenue": 23928000.0
    },
    "2022-03-31": {
        "Diluted EPS": -0.05,
        "Total Revenue": 13,
        "Gross Profit": 11,
        "Operating Income": 0,
        "EBIT": NaN,
        "Net Income": 0
    },
    "2021-12-31": {
        "Diluted EPS": 0.85,
        "Total Revenue": -45,
        "Gross Profit": -46,
        "Operating Income": -14,
        "EBIT": NaN,
        "Net Income": 3
    },
    "2021-09-30": {
        "Diluted EPS": 0.26,
        "Total Revenue": 9,
        "Gross Profit": 8,
        "Operating Income": -2,
        "EBIT": NaN,
        "Net Income": 1
    },
    "2021-06-30": {
        "Diluted EPS": 2.98,
        "Total Revenue": 53,
        "Gross Profit": 51,
        "Operating Income": 17,
        "EBIT": NaN,
        "Net Income": 13
    },
    "2021-03-31": {
        "Diluted EPS": 1.82,
        "Total Revenue": 48,
        "Gross Profit": 46,
        "Operating Income": 10,
        "EBIT": NaN,
        "Net Income": 7
    },
    "2020-12-31": {
        "Diluted EPS": 0.0,
        "Total Revenue": NaN,
        "Gross Profit": NaN,
        "Operating Income": NaN,
        "EBIT": NaN,
        "Net Income": NaN
    },
    "2020-09-30": {
        "Diluted EPS": 1.37,
        "Total Revenue": 45,
        "Gross Profit": 42,
        "Operating Income": 7,
        "EBIT": NaN,
        "Net Income": 5
    },
    "2023-09-30": {
        "Tax Effect Of Unusual Items": 0.0,
        "Tax Rate For Calcs": 0.254917,
        "Net Income From Continuing Operation Net Minority Interest": 1970000.0,
        "Reconciled Depreciation": 1764000.0,
        "Net Interest Income": 8393000.0,
        "Interest Expense": 9227000.0,
        "Interest Income": 17620000.0,
        "Normalized Income": 1970000.0,
        "Net Income From Continuing And Discontinued Operation": 1923000.0,
        "Diluted Average Shares": 4355704.0,
        "Basic Average Shares": 4105014.0,
        "Diluted EPS": 0.41,
        "Basic EPS": 0.42,
        "Diluted NI Availto Com Stockholders": 1779000.0,
        "Average Dilution Earnings": 64000.0,
        "Net Income Common Stockholders": 1715000.0,
        "Preferred Stock Dividends": 208000.0,
        "Net Income": 1923000.0,
        "Net Income Including Noncontrolling Interests": 1923000.0,
        "Net Income Discontinuous Operations": -47000.0,
        "Net Income Continuous Operations": 1970000.0,
        "Tax Provision": 674000.0,
        "Pretax Income": 2644000.0,
        "Selling General And Administration": 10790000.0,
        "Selling And Marketing Expense": 929000.0,
        "General And Administrative Expense": 9861000.0,
        "Salaries And Wages": 9861000.0,
        "Total Revenue": 21091000.0,
        "Operating Revenue": 21091000.0
    },
    "2023-12-31": {
        "Tax Effect Of Unusual Items": 0.0,
        "Tax Rate For Calcs": 0.297674,
        "Net Income From Continuing Operation Net Minority Interest": 1661000.0,
        "Reconciled Depreciation": 1928000.0,
        "Net Interest Income": 8877000.0,
        "Interest Expense": 9977000.0,
        "Interest Income": 18854000.0,
        "Normalized Income": 1661000.0,
        "Net Income From Continuing And Discontinued Operation": 1655000.0,
        "Diluted Average Shares": 4106250.0,
        "Basic Average Shares": 4106250.0,
        "Diluted EPS": 0.32,
        "Basic EPS": 0.32,
        "Diluted NI Availto Com Stockholders": 1510000.0,
        "Average Dilution Earnings": 196000.0,
        "Net Income Common Stockholders": 1314000.0,
        "Preferred Stock Dividends": 341000.0,
        "Net Income": 1655000.0,
        "Net Income Including Noncontrolling Interests": 1655000.0,
        "Net Income Discontinuous Operations": -6000.0,
        "Net Income Continuous Operations": 1661000.0,
        "Tax Provision": 704000.0,
        "Pretax Income": 2365000.0,
        "Selling General And Administration": 10807000.0,
        "Selling And Marketing Expense": 640000.0,
        "General And Administrative Expense": 10167000.0,
        "Salaries And Wages": 10167000.0,
        "Total Revenue": 20840000.0,
        "Operating Revenue": 20840000.0
    },
    "2024-03-31": {
        "Tax Effect Of Unusual Items": 0.0,
        "Tax Rate For Calcs": 0.25106,
        "Net Income From Continuing Operation Net Minority Interest": 883000.0,
        "Reconciled Depreciation": 1946000.0,
        "Net Interest Income": 8742000.0,
        "Interest Expense": 10445000.0,
        "Interest Income": 19187000.0,
        "Normalized Income": 883000.0,
        "Net Income From Continuing And Discontinued Operation": 824000.0,
        "Diluted Average Shares": 4130484.0,
        "Basic Average Shares": 4130484.0,
        "Diluted EPS": 0.11,
        "Basic EPS": 0.11,
        "Diluted NI Availto Com Stockholders": 439000.0,
        "Average Dilution Earnings": 0.0,
        "Net Income Common Stockholders": 439000.0,
        "Preferred Stock Dividends": 385000.0,
        "Net Income": 824000.0,
        "Net Income Including Noncontrolling Interests": 824000.0,
        "Net Income Discontinuous Operations": -59000.0,
        "Net Income Continuous Operations": 883000.0,
        "Tax Provision": 296000.0,
        "Pretax Income": 1179000.0,
        "Selling General And Administration": 10761000.0,
        "Selling And Marketing Expense": 588000.0,
        "General And Administrative Expense": 10173000.0,
        "Salaries And Wages": 10173000.0,
        "Total Revenue": 21291000.0,
        "Operating Revenue": 21291000.0
    }
}