{
    "2023-03-31": {
        "Tax Effect Of Unusual Items": NaN,
        "Tax Rate For Calcs": NaN,
        "Normalized EBITDA": NaN,
        "Net Income From Continuing Operation Net Minority Interest": NaN,
        "Reconciled Depreciation": 4000000.0,
        "Reconciled Cost Of Revenue": NaN,
        "EBITDA": NaN,
        "EBIT": NaN,
        "Net Interest Income": NaN,
        "Interest Expense": NaN,
        "Interest Income": NaN,
        "Normalized Income": NaN,
        "Net Income From Continuing And Discontinued Operation": NaN,
        "Total Expenses": NaN,
        "Diluted Average Shares": NaN,
        "Basic Average Shares": NaN,
        "Diluted EPS": NaN,
        "Basic EPS": NaN,
        "Diluted NI Availto Com Stockholders": NaN,
        "Net Income Common Stockholders": NaN,
        "Net Income": NaN,
        "Minority Interests": 0.0,
        "Net Income Including Noncontrolling Interests": NaN,
        "Net Income Continuous Operations": NaN,
        "Tax Provision": 93000000.0,
        "Pretax Income": NaN,
        "Other Income Expense": NaN,
        "Other Non Operating Income Expenses": -22000000.0,
        "Earnings From Equity Interest": NaN,
        "Net Non Operating Interest Income Expense": NaN,
        "Interest Expense Non Operating": NaN,
        "Interest Income Non Operating": NaN,
        "Operating Income": NaN,
        "Operating Expense": 2000000.0,
        "Other Operating Expenses": 2000000.0,
        "Selling General And Administration": 7000000.0,
        "General And Administrative Expense": 7000000.0,
        "Other Gand A": 7000000.0,
        "Gross Profit": NaN,
        "Cost Of Revenue": NaN,
        "Total Revenue": NaN,
        "Operating Revenue": NaN
    },
    "2022-12-31": {
        "Tax Effect Of Unusual Items": NaN,
        "Tax Rate For Calcs": NaN,
        "Normalized EBITDA": NaN,
        "Net Income From Continuing Operation Net Minority Interest": NaN,
        "Reconciled Depreciation": 4000000.0,
        "Reconciled Cost Of Revenue": NaN,
        "EBITDA": NaN,
        "EBIT": NaN,
        "Net Interest Income": NaN,
        "Interest Expense": NaN,
        "Interest Income": NaN,
        "Normalized Income": NaN,
        "Net Income From Continuing And Discontinued Operation": NaN,
        "Total Expenses": NaN,
        "Diluted Average Shares": NaN,
        "Basic Average Shares": NaN,
        "Diluted EPS": NaN,
        "Basic EPS": NaN,
        "Diluted NI Availto Com Stockholders": NaN,
        "Net Income Common Stockholders": NaN,
        "Net Income": NaN,
        "Minority Interests": -109000000.0,
        "Net Income Including Noncontrolling Interests": NaN,
        "Net Income Continuous Operations": NaN,
        "Tax Provision": 183000000.0,
        "Pretax Income": NaN,
        "Other Income Expense": NaN,
        "Other Non Operating Income Expenses": 20000000.0,
        "Earnings From Equity Interest": NaN,
        "Net Non Operating Interest Income Expense": NaN,
        "Interest Expense Non Operating": NaN,
        "Interest Income Non Operating": NaN,
        "Operating Income": NaN,
        "Operating Expense": -206000000.0,
        "Other Operating Expenses": -178000000.0,
        "Selling General And Administration": -28000000.0,
        "General And Administrative Expense": -28000000.0,
        "Other Gand A": -28000000.0,
        "Gross Profit": NaN,
        "Cost Of Revenue": NaN,
        "Total Revenue": NaN,
        "Operating Revenue": NaN
    },
    "2022-09-30": {
        "Tax Effect Of Unusual Items": NaN,
        "Tax Rate For Calcs": NaN,
        "Normalized EBITDA": NaN,
        "Net Income From Continuing Operation Net Minority Interest": NaN,
        "Reconciled Depreciation": 4000000.0,
        "Reconciled Cost Of Revenue": NaN,
        "EBITDA": NaN,
        "EBIT": NaN,
        "Net Interest Income": NaN,
        "Interest Expense": NaN,
        "Interest Income": NaN,
        "Normalized Income": NaN,
        "Net Income From Continuing And Discontinued Operation": NaN,
        "Total Expenses": NaN,
        "Diluted Average Shares": NaN,
        "Basic Average Shares": NaN,
        "Diluted EPS": NaN,
        "Basic EPS": NaN,
        "Diluted NI Availto Com Stockholders": NaN,
        "Net Income Common Stockholders": NaN,
        "Net Income": NaN,
        "Minority Interests": -300000000.0,
        "Net Income Including Noncontrolling Interests": NaN,
        "Net Income Continuous Operations": NaN,
        "Tax Provision": 140000000.0,
        "Pretax Income": NaN,
        "Other Income Expense": NaN,
        "Other Non Operating Income Expenses": 341000000.0,
        "Earnings From Equity Interest": NaN,
        "Net Non Operating Interest Income Expense": NaN,
        "Interest Expense Non Operating": NaN,
        "Interest Income Non Operating": NaN,
        "Operating Income": NaN,
        "Operating Expense": 110000000.0,
        "Other Operating Expenses": 75000000.0,
        "Selling General And Administration": 35000000.0,
        "General And Administrative Expense": 35000000.0,
        "Other Gand A": 35000000.0,
        "Gross Profit": NaN,
        "Cost Of Revenue": NaN,
        "Total Revenue": NaN,
        "Operating Revenue": NaN
    },
    "2023-06-30": {
        "Tax Effect Of Unusual Items": NaN,
        "Tax Rate For Calcs": NaN,
        "Normalized EBITDA": NaN,
        "Net Income From Continuing Operation Net Minority Interest": NaN,
        "Reconciled Depreciation": 3000000.0,
        "Reconciled Cost Of Revenue": NaN,
        "EBITDA": NaN,
        "EBIT": NaN,
        "Net Interest Income": -15000000.0,
        "Interest Expense": 16000000.0,
        "Interest Income": 1000000.0,
        "Normalized Income": NaN,
        "Net Income From Continuing And Discontinued Operation": NaN,
        "Total Expenses": NaN,
        "Diluted Average Shares": NaN,
        "Basic Average Shares": NaN,
        "Diluted EPS": NaN,
        "Basic EPS": NaN,
        "Diluted NI Availto Com Stockholders": NaN,
        "Net Income Common Stockholders": NaN,
        "Net Income": NaN,
        "Minority Interests": -125000000.0,
        "Net Income Including Noncontrolling Interests": NaN,
        "Net Income Continuous Operations": NaN,
        "Tax Provision": 156000000.0,
        "Pretax Income": NaN,
        "Other Income Expense": NaN,
        "Other Non Operating Income Expenses": 75000000.0,
        "Earnings From Equity Interest": NaN,
        "Net Non Operating Interest Income Expense": -15000000.0,
        "Interest Expense Non Operating": 16000000.0,
        "Interest Income Non Operating": 1000000.0,
        "Operating Income": NaN,
        "Operating Expense": 0.0,
        "Other Operating Expenses": NaN,
        "Gross Profit": NaN,
        "Cost Of Revenue": NaN,
        "Total Revenue": NaN,
        "Operating Revenue": NaN
    },
    "2022-06-30": {
        "Tax Effect Of Unusual Items": 0.0,
        "Tax Rate For Calcs": 0.162651,
        "Normalized EBITDA": 1039000000.0,
        "Net Income From Continuing Operation Net Minority Interest": 834000000.0,
        "Reconciled Depreciation": 2000000.0,
        "Reconciled Cost Of Revenue": 223000000.0,
        "EBITDA": 1039000000.0,
        "EBIT": 1039000000.0,
        "Net Interest Income": -43000000.0,
        "Interest Expense": 43000000.0,
        "Interest Income": NaN,
        "Normalized Income": 834000000.0,
        "Net Income From Continuing And Discontinued Operation": 834000000.0,
        "Total Expenses": 223000000.0,
        "Diluted Average Shares": 402725500.0,
        "Basic Average Shares": 402725500.0,
        "Diluted EPS": 2.070889,
        "Basic EPS": 2.070889,
        "Diluted NI Availto Com Stockholders": 834000000.0,
        "Net Income Common Stockholders": 834000000.0,
        "Net Income": 834000000.0,
        "Minority Interests": NaN,
        "Net Income Including Noncontrolling Interests": 834000000.0,
        "Net Income Continuous Operations": 834000000.0,
        "Tax Provision": 162000000.0,
        "Pretax Income": 996000000.0,
        "Other Income Expense": 338000000.0,
        "Other Non Operating Income Expenses": 251000000.0,
        "Earnings From Equity Interest": 87000000.0,
        "Net Non Operating Interest Income Expense": -43000000.0,
        "Interest Expense Non Operating": 43000000.0,
        "Interest Income Non Operating": NaN,
        "Operating Income": 701000000.0,
        "Operating Expense": NaN,
        "Other Operating Expenses": NaN,
        "Selling General And Administration": NaN,
        "General And Administrative Expense": NaN,
        "Other Gand A": NaN,
        "Gross Profit": 701000000.0,
        "Cost Of Revenue": 223000000.0,
        "Total Revenue": 924000000.0,
        "Operating Revenue": 665000000.0
    },
    "2023-09-30": {
        "Tax Effect Of Unusual Items": 0.0,
        "Tax Rate For Calcs": 0.092527,
        "Normalized EBITDA": 568000000.0,
        "Net Income From Continuing Operation Net Minority Interest": 494000000.0,
        "Reconciled Depreciation": 3000000.0,
        "Reconciled Cost Of Revenue": 307000000.0,
        "EBITDA": 568000000.0,
        "EBIT": 565000000.0,
        "Net Interest Income": -3000000.0,
        "Interest Expense": 3000000.0,
        "Interest Income": NaN,
        "Normalized Income": 494000000.0,
        "Net Income From Continuing And Discontinued Operation": 494000000.0,
        "Total Expenses": 307000000.0,
        "Diluted Average Shares": 390064767.0,
        "Basic Average Shares": 390064767.0,
        "Diluted EPS": 0.3,
        "Basic EPS": 0.3,
        "Diluted NI Availto Com Stockholders": 494000000.0,
        "Net Income Common Stockholders": 494000000.0,
        "Net Income": 494000000.0,
        "Minority Interests": -16000000.0,
        "Net Income Including Noncontrolling Interests": 510000000.0,
        "Net Income Continuous Operations": 510000000.0,
        "Tax Provision": 52000000.0,
        "Pretax Income": 562000000.0,
        "Other Income Expense": -21000000.0,
        "Other Non Operating Income Expenses": -43000000.0,
        "Earnings From Equity Interest": 22000000.0,
        "Net Non Operating Interest Income Expense": -3000000.0,
        "Interest Expense Non Operating": 3000000.0,
        "Interest Income Non Operating": NaN,
        "Operating Income": 586000000.0,
        "Operating Expense": NaN,
        "Other Operating Expenses": NaN,
        "Gross Profit": 586000000.0,
        "Cost Of Revenue": 307000000.0,
        "Total Revenue": 893000000.0,
        "Operating Revenue": 803000000.0
    },
    "2023-12-31": {
        "Tax Effect Of Unusual Items": 0.0,
        "Tax Rate For Calcs": 0.4,
        "Normalized EBITDA": 87000000.0,
        "Net Income From Continuing Operation Net Minority Interest": 93000000.0,
        "Reconciled Depreciation": NaN,
        "Reconciled Cost Of Revenue": 172000000.0,
        "EBITDA": 87000000.0,
        "EBIT": 87000000.0,
        "Net Interest Income": 8000000.0,
        "Interest Expense": -8000000.0,
        "Interest Income": NaN,
        "Normalized Income": 93000000.0,
        "Net Income From Continuing And Discontinued Operation": 93000000.0,
        "Total Expenses": 177000000.0,
        "Diluted Average Shares": 388754746.0,
        "Basic Average Shares": 388754746.0,
        "Diluted EPS": 0.23,
        "Basic EPS": 0.23,
        "Diluted NI Availto Com Stockholders": 93000000.0,
        "Net Income Common Stockholders": 93000000.0,
        "Net Income": 93000000.0,
        "Minority Interests": NaN,
        "Net Income Including Noncontrolling Interests": 95000000.0,
        "Net Income Continuous Operations": 95000000.0,
        "Tax Provision": NaN,
        "Pretax Income": 95000000.0,
        "Other Income Expense": 104000000.0,
        "Other Non Operating Income Expenses": NaN,
        "Earnings From Equity Interest": 104000000.0,
        "Net Non Operating Interest Income Expense": 8000000.0,
        "Interest Expense Non Operating": -8000000.0,
        "Interest Income Non Operating": NaN,
        "Operating Income": -17000000.0,
        "Operating Expense": NaN,
        "Other Operating Expenses": NaN,
        "Gross Profit": -12000000.0,
        "Cost Of Revenue": 172000000.0,
        "Total Revenue": 160000000.0,
        "Operating Revenue": 160000000.0
    },
    "2024-03-31": {
        "Tax Effect Of Unusual Items": 0.0,
        "Tax Rate For Calcs": 0.15,
        "Normalized EBITDA": -8000000.0,
        "Net Income From Continuing Operation Net Minority Interest": 102000000.0,
        "Reconciled Depreciation": NaN,
        "Reconciled Cost Of Revenue": 8000000.0,
        "EBITDA": -8000000.0,
        "EBIT": -8000000.0,
        "Net Interest Income": NaN,
        "Interest Expense": NaN,
        "Interest Income": NaN,
        "Normalized Income": 102000000.0,
        "Net Income From Continuing And Discontinued Operation": 102000000.0,
        "Total Expenses": 8000000.0,
        "Diluted Average Shares": 408000000.0,
        "Basic Average Shares": 392307692.0,
        "Diluted EPS": 0.25,
        "Basic EPS": 0.26,
        "Diluted NI Availto Com Stockholders": 102000000.0,
        "Net Income Common Stockholders": 102000000.0,
        "Net Income": 102000000.0,
        "Minority Interests": NaN,
        "Net Income Including Noncontrolling Interests": 102000000.0,
        "Net Income Continuous Operations": 102000000.0,
        "Tax Provision": NaN,
        "Pretax Income": 102000000.0,
        "Other Income Expense": 110000000.0,
        "Other Non Operating Income Expenses": NaN,
        "Earnings From Equity Interest": 110000000.0,
        "Net Non Operating Interest Income Expense": NaN,
        "Interest Expense Non Operating": NaN,
        "Interest Income Non Operating": NaN,
        "Operating Income": -8000000.0,
        "Operating Expense": NaN,
        "Other Operating Expenses": NaN,
        "Gross Profit": -8000000.0,
        "Cost Of Revenue": 8000000.0,
        "Total Revenue": 0.0,
        "Operating Revenue": 0.0
    },
    "2024-06-30": {
        "Tax Effect Of Unusual Items": 0.0,
        "Tax Rate For Calcs": 0.15,
        "Normalized EBITDA": 132000000.0,
        "Net Income From Continuing Operation Net Minority Interest": 124000000.0,
        "Reconciled Depreciation": NaN,
        "Reconciled Cost Of Revenue": 47000000.0,
        "EBITDA": 132000000.0,
        "EBIT": 132000000.0,
        "Net Interest Income": -6000000.0,
        "Interest Expense": 8000000.0,
        "Interest Income": 2000000.0,
        "Normalized Income": 124000000.0,
        "Net Income From Continuing And Discontinued Operation": 124000000.0,
        "Total Expenses": 48000000.0,
        "Diluted Average Shares": 416700000.0,
        "Basic Average Shares": 409100000.0,
        "Diluted EPS": 0.3,
        "Basic EPS": 0.3,
        "Diluted NI Availto Com Stockholders": 124000000.0,
        "Net Income Common Stockholders": 124000000.0,
        "Net Income": 124000000.0,
        "Minority Interests": -23000000.0,
        "Net Income Including Noncontrolling Interests": 124000000.0,
        "Net Income Continuous Operations": 124000000.0,
        "Tax Provision": 142000000.0,
        "Pretax Income": 124000000.0,
        "Other Income Expense": 130000000.0,
        "Other Non Operating Income Expenses": 64000000.0,
        "Earnings From Equity Interest": 130000000.0,
        "Net Non Operating Interest Income Expense": -6000000.0,
        "Interest Expense Non Operating": 8000000.0,
        "Interest Income Non Operating": 2000000.0,
        "Operating Income": 0.0,
        "Operating Expense": 1000000.0,
        "Other Operating Expenses": 1000000.0,
        "Gross Profit": 1000000.0,
        "Cost Of Revenue": 47000000.0,
        "Total Revenue": 48000000.0,
        "Operating Revenue": 48000000.0
    },
    "2024-09-30": {
        "Tax Effect Of Unusual Items": 0.0,
        "Tax Rate For Calcs": 0.151659,
        "Normalized EBITDA": 641000000.0,
        "Net Income From Continuing Operation Net Minority Interest": 544000000.0,
        "Reconciled Depreciation": NaN,
        "Reconciled Cost Of Revenue": 430000000.0,
        "EBITDA": 641000000.0,
        "EBIT": 641000000.0,
        "Net Interest Income": -8000000.0,
        "Interest Expense": 8000000.0,
        "Interest Income": NaN,
        "Normalized Income": 544000000.0,
        "Net Income From Continuing And Discontinued Operation": 544000000.0,
        "Total Expenses": 430000000.0,
        "Diluted Average Shares": 418874625.0,
        "Basic Average Shares": 418874625.0,
        "Diluted EPS": 0.33,
        "Basic EPS": 0.33,
        "Diluted NI Availto Com Stockholders": 544000000.0,
        "Net Income Common Stockholders": 544000000.0,
        "Net Income": 544000000.0,
        "Minority Interests": 7000000.0,
        "Net Income Including Noncontrolling Interests": 537000000.0,
        "Net Income Continuous Operations": 537000000.0,
        "Tax Provision": 96000000.0,
        "Pretax Income": 633000000.0,
        "Other Income Expense": -46000000.0,
        "Other Non Operating Income Expenses": -107000000.0,
        "Earnings From Equity Interest": 61000000.0,
        "Net Non Operating Interest Income Expense": -8000000.0,
        "Interest Expense Non Operating": 8000000.0,
        "Interest Income Non Operating": NaN,
        "Operating Income": 687000000.0,
        "Operating Expense": NaN,
        "Other Operating Expenses": NaN,
        "Gross Profit": 687000000.0,
        "Cost Of Revenue": 430000000.0,
        "Total Revenue": 1117000000.0,
        "Operating Revenue": 977000000.0
    }
}