{
    "2023-06-30": {
        "Tax Effect Of Unusual Items": 0.0,
        "Tax Rate For Calcs": 0.274,
        "Total Unusual Items": NaN,
        "Total Unusual Items Excluding Goodwill": NaN,
        "Net Income From Continuing Operation Net Minority Interest": 17879000.0,
        "Reconciled Depreciation": 4196000.0,
        "Net Interest Income": 69632000.0,
        "Interest Expense": 46519000.0,
        "Interest Income": 116151000.0,
        "Normalized Income": 17879000.0,
        "Net Income From Continuing And Discontinued Operation": 17879000.0,
        "Diluted Average Shares": 58026007.0,
        "Basic Average Shares": 57980534.0,
        "Diluted EPS": 0.31,
        "Basic EPS": 0.31,
        "Diluted NI Availto Com Stockholders": 17879000.0,
        "Net Income Common Stockholders": 17879000.0,
        "Otherunder Preferred Stock Dividend": NaN,
        "Preferred Stock Dividends": NaN,
        "Net Income": 17879000.0,
        "Net Income Including Noncontrolling Interests": 17879000.0,
        "Net Income Continuous Operations": 17879000.0,
        "Tax Provision": 6745000.0,
        "Pretax Income": 24624000.0,
        "Special Income Charges": NaN,
        "Restructuring And Mergern Acquisition": NaN,
        "Gain On Sale Of Security": 0.0,
        "Depreciation Amortization Depletion Income Statement": 462000.0,
        "Depreciation And Amortization In Income Statement": 462000.0,
        "Amortization": 462000.0,
        "Amortization Of Intangibles Income Statement": 462000.0,
        "Selling General And Administration": 28282000.0,
        "General And Administrative Expense": 28282000.0,
        "Salaries And Wages": 28282000.0,
        "Total Revenue": 75656000.0,
        "Operating Revenue": 75656000.0
    },
    "2023-03-31": {
        "Tax Effect Of Unusual Items": 0.0,
        "Tax Rate For Calcs": 0.267,
        "Total Unusual Items": NaN,
        "Total Unusual Items Excluding Goodwill": NaN,
        "Net Income From Continuing Operation Net Minority Interest": 20278000.0,
        "Reconciled Depreciation": 4072000.0,
        "Net Interest Income": 73053000.0,
        "Interest Expense": 33866000.0,
        "Interest Income": 106919000.0,
        "Normalized Income": 20278000.0,
        "Net Income From Continuing And Discontinued Operation": 20278000.0,
        "Diluted Average Shares": 59206619.0,
        "Basic Average Shares": 59014187.0,
        "Diluted EPS": 0.34,
        "Basic EPS": 0.34,
        "Diluted NI Availto Com Stockholders": 20278000.0,
        "Net Income Common Stockholders": 20278000.0,
        "Otherunder Preferred Stock Dividend": NaN,
        "Preferred Stock Dividends": NaN,
        "Net Income": 20278000.0,
        "Net Income Including Noncontrolling Interests": 20278000.0,
        "Net Income Continuous Operations": 20278000.0,
        "Tax Provision": 7395000.0,
        "Pretax Income": 27673000.0,
        "Special Income Charges": NaN,
        "Restructuring And Mergern Acquisition": NaN,
        "Gain On Sale Of Security": 0.0,
        "Depreciation Amortization Depletion Income Statement": 461000.0,
        "Depreciation And Amortization In Income Statement": 461000.0,
        "Amortization": 461000.0,
        "Amortization Of Intangibles Income Statement": 461000.0,
        "Selling General And Administration": 29656000.0,
        "General And Administrative Expense": 29656000.0,
        "Salaries And Wages": 29656000.0,
        "Total Revenue": 80912000.0,
        "Operating Revenue": 80912000.0
    },
    "2022-12-31": {
        "Tax Effect Of Unusual Items": 0.0,
        "Tax Rate For Calcs": 0.296466,
        "Total Unusual Items": 0.0,
        "Total Unusual Items Excluding Goodwill": 0.0,
        "Net Income From Continuing Operation Net Minority Interest": 21519000.0,
        "Reconciled Depreciation": 4018000.0,
        "Net Interest Income": 80217000.0,
        "Interest Expense": 23895000.0,
        "Interest Income": 104112000.0,
        "Normalized Income": 21519000.0,
        "Net Income From Continuing And Discontinued Operation": 21519000.0,
        "Diluted Average Shares": 59725283.0,
        "Basic Average Shares": 59252995.0,
        "Diluted EPS": 0.36,
        "Basic EPS": 0.36,
        "Diluted NI Availto Com Stockholders": 21519000.0,
        "Net Income Common Stockholders": 21519000.0,
        "Otherunder Preferred Stock Dividend": 0.0,
        "Preferred Stock Dividends": 0.0,
        "Net Income": 21519000.0,
        "Net Income Including Noncontrolling Interests": 21519000.0,
        "Net Income Continuous Operations": 21519000.0,
        "Tax Provision": 9068000.0,
        "Pretax Income": 30587000.0,
        "Special Income Charges": 0.0,
        "Restructuring And Mergern Acquisition": 0.0,
        "Gain On Sale Of Security": -7708000.0,
        "Depreciation Amortization Depletion Income Statement": 555000.0,
        "Depreciation And Amortization In Income Statement": 555000.0,
        "Amortization": 555000.0,
        "Amortization Of Intangibles Income Statement": 555000.0,
        "Selling General And Administration": 27812000.0,
        "General And Administrative Expense": 27812000.0,
        "Salaries And Wages": 27812000.0,
        "Total Revenue": 78790000.0,
        "Operating Revenue": 78790000.0
    },
    "2022-09-30": {
        "Tax Effect Of Unusual Items": -605280.0,
        "Tax Rate For Calcs": 0.291,
        "Total Unusual Items": -2080000.0,
        "Total Unusual Items Excluding Goodwill": -2080000.0,
        "Net Income From Continuing Operation Net Minority Interest": 24196000.0,
        "Reconciled Depreciation": 396000.0,
        "Net Interest Income": 79408000.0,
        "Interest Expense": 16565000.0,
        "Interest Income": 95973000.0,
        "Normalized Income": 25670720.0,
        "Net Income From Continuing And Discontinued Operation": 24196000.0,
        "Diluted Average Shares": 60492460.0,
        "Basic Average Shares": 60044403.0,
        "Diluted EPS": 0.4,
        "Basic EPS": 0.4,
        "Diluted NI Availto Com Stockholders": 24196000.0,
        "Net Income Common Stockholders": 24196000.0,
        "Otherunder Preferred Stock Dividend": NaN,
        "Preferred Stock Dividends": NaN,
        "Net Income": 24196000.0,
        "Net Income Including Noncontrolling Interests": 24196000.0,
        "Net Income Continuous Operations": 24196000.0,
        "Tax Provision": 9931000.0,
        "Pretax Income": 34127000.0,
        "Special Income Charges": -2080000.0,
        "Restructuring And Mergern Acquisition": 2080000.0,
        "Gain On Sale Of Security": 0.0,
        "Depreciation Amortization Depletion Income Statement": 396000.0,
        "Depreciation And Amortization In Income Statement": 396000.0,
        "Amortization": 396000.0,
        "Amortization Of Intangibles Income Statement": 396000.0,
        "Selling General And Administration": 27997000.0,
        "General And Administrative Expense": 27997000.0,
        "Other Gand A": 2624000.0,
        "Salaries And Wages": 27997000.0,
        "Total Revenue": 85089000.0,
        "Operating Revenue": 85089000.0
    },
    "2022-06-30": {
        "Tax Effect Of Unusual Items": 0.0,
        "Tax Rate For Calcs": 0.276,
        "Total Unusual Items": 0.0,
        "Total Unusual Items Excluding Goodwill": 0.0,
        "Net Income From Continuing Operation Net Minority Interest": 26712000.0,
        "Reconciled Depreciation": 313000.0,
        "Net Interest Income": 78299000.0,
        "Interest Expense": 10119000.0,
        "Interest Income": 88418000.0,
        "Normalized Income": 26712000.0,
        "Net Income From Continuing And Discontinued Operation": 26712000.0,
        "Diluted Average Shares": 61600615.0,
        "Basic Average Shares": 61350802.0,
        "Diluted EPS": 0.43,
        "Basic EPS": 0.44,
        "Diluted NI Availto Com Stockholders": 26712000.0,
        "Net Income Common Stockholders": 26712000.0,
        "Otherunder Preferred Stock Dividend": NaN,
        "Preferred Stock Dividends": NaN,
        "Net Income": 26712000.0,
        "Net Income Including Noncontrolling Interests": 26712000.0,
        "Net Income Continuous Operations": 26712000.0,
        "Tax Provision": 10161000.0,
        "Pretax Income": 36873000.0,
        "Special Income Charges": 0.0,
        "Restructuring And Mergern Acquisition": 0.0,
        "Gain On Sale Of Security": 0.0,
        "Depreciation Amortization Depletion Income Statement": 313000.0,
        "Depreciation And Amortization In Income Statement": 313000.0,
        "Amortization": 313000.0,
        "Amortization Of Intangibles Income Statement": 313000.0,
        "Selling General And Administration": 28264000.0,
        "General And Administrative Expense": 28264000.0,
        "Other Gand A": 2803000.0,
        "Salaries And Wages": 28264000.0,
        "Total Revenue": 85485000.0,
        "Operating Revenue": 85485000.0
    },
    "2022-03-31": {
        "Diluted EPS": 0.69,
        "Total Revenue": 90,
        "Gross Profit": 82,
        "Operating Income": 67,
        "EBIT": NaN,
        "Net Income": 43
    },
    "2021-12-31": {
        "Diluted EPS": 0.04,
        "Total Revenue": 88,
        "Gross Profit": 79,
        "Operating Income": 22,
        "EBIT": NaN,
        "Net Income": 4
    },
    "2021-09-30": {
        "Diluted EPS": 0.42,
        "Total Revenue": 77,
        "Gross Profit": 68,
        "Operating Income": 33,
        "EBIT": NaN,
        "Net Income": 21
    },
    "2021-06-30": {
        "Diluted EPS": 0.34,
        "Total Revenue": 73,
        "Gross Profit": 63,
        "Operating Income": 26,
        "EBIT": NaN,
        "Net Income": 17
    },
    "2021-03-31": {
        "Diluted EPS": 0.15,
        "Total Revenue": 73,
        "Gross Profit": 62,
        "Operating Income": 17,
        "EBIT": NaN,
        "Net Income": 8
    },
    "2020-12-31": {
        "Diluted EPS": 0.37,
        "Total Revenue": 81,
        "Gross Profit": 69,
        "Operating Income": 29,
        "EBIT": NaN,
        "Net Income": 18
    },
    "2020-09-30": {
        "Diluted EPS": 0.24,
        "Total Revenue": 74,
        "Gross Profit": 60,
        "Operating Income": 18,
        "EBIT": NaN,
        "Net Income": 12
    },
    "2020-06-30": {
        "Diluted EPS": -0.44,
        "Total Revenue": 78,
        "Gross Profit": 61,
        "Operating Income": -24,
        "EBIT": NaN,
        "Net Income": -22
    },
    "2020-03-31": {
        "Diluted EPS": -0.19,
        "Total Revenue": 77,
        "Gross Profit": 54,
        "Operating Income": -9,
        "EBIT": NaN,
        "Net Income": -10
    },
    "2019-12-31": {
        "Diluted EPS": 0.22,
        "Total Revenue": 89,
        "Gross Profit": 62,
        "Operating Income": 19,
        "EBIT": NaN,
        "Net Income": 11
    },
    "2019-09-30": {
        "Diluted EPS": -0.45,
        "Total Revenue": 96,
        "Gross Profit": 62,
        "Operating Income": -20,
        "EBIT": NaN,
        "Net Income": -23
    },
    "2019-06-30": {
        "Diluted EPS": 0.23,
        "Total Revenue": 102,
        "Gross Profit": 62,
        "Operating Income": 21,
        "EBIT": NaN,
        "Net Income": 12
    },
    "2019-03-31": {
        "Diluted EPS": 0.05,
        "Total Revenue": 117,
        "Gross Profit": 74,
        "Operating Income": 13,
        "EBIT": NaN,
        "Net Income": 3
    },
    "2018-12-31": {
        "Diluted EPS": 0.14,
        "Total Revenue": 114,
        "Gross Profit": 73,
        "Operating Income": 17,
        "EBIT": NaN,
        "Net Income": 7
    },
    "2018-09-30": {
        "Diluted EPS": 0.07,
        "Total Revenue": 113,
        "Gross Profit": 76,
        "Operating Income": 14,
        "EBIT": NaN,
        "Net Income": 4
    },
    "2018-06-30": {
        "Diluted EPS": 0.18,
        "Total Revenue": 113,
        "Gross Profit": 81,
        "Operating Income": 20,
        "EBIT": NaN,
        "Net Income": 9
    },
    "2018-03-31": {
        "Diluted EPS": 0.06,
        "Total Revenue": 107,
        "Gross Profit": 80,
        "Operating Income": 1,
        "EBIT": NaN,
        "Net Income": 3
    },
    "2017-12-31": {
        "Diluted EPS": 0.11,
        "Total Revenue": 103,
        "Gross Profit": 79,
        "Operating Income": 7,
        "EBIT": NaN,
        "Net Income": 5
    },
    "2017-09-30": {
        "Diluted EPS": 0.23,
        "Total Revenue": 115,
        "Gross Profit": 93,
        "Operating Income": 14,
        "EBIT": NaN,
        "Net Income": 12
    },
    "2017-06-30": {
        "Diluted EPS": 0.14,
        "Total Revenue": 102,
        "Gross Profit": 81,
        "Operating Income": 2,
        "EBIT": NaN,
        "Net Income": 7
    },
    "2017-03-31": {
        "Diluted EPS": 0.23,
        "Total Revenue": 114,
        "Gross Profit": 95,
        "Operating Income": 9,
        "EBIT": NaN,
        "Net Income": 12
    },
    "2016-12-31": {
        "Diluted EPS": 0.56,
        "Total Revenue": 132,
        "Gross Profit": 115,
        "Operating Income": 23,
        "EBIT": NaN,
        "Net Income": 28
    },
    "2016-09-30": {
        "Diluted EPS": 0.59,
        "Total Revenue": 120,
        "Gross Profit": 105,
        "Operating Income": 16,
        "EBIT": NaN,
        "Net Income": 31
    },
    "2016-06-30": {
        "Diluted EPS": 0.43,
        "Total Revenue": 114,
        "Gross Profit": 100,
        "Operating Income": 33,
        "EBIT": NaN,
        "Net Income": 21
    },
    "2016-03-31": {
        "Diluted EPS": 0.36,
        "Total Revenue": 102,
        "Gross Profit": 88,
        "Operating Income": 29,
        "EBIT": NaN,
        "Net Income": 15
    },
    "2015-12-31": {
        "Diluted EPS": 0.44,
        "Total Revenue": -26,
        "Gross Profit": -38,
        "Operating Income": -4,
        "EBIT": NaN,
        "Net Income": 16
    },
    "2015-09-30": {
        "Diluted EPS": 0.29,
        "Total Revenue": 117,
        "Gross Profit": 106,
        "Operating Income": 24,
        "EBIT": NaN,
        "Net Income": 11
    },
    "2015-06-30": {
        "Diluted EPS": 0.32,
        "Total Revenue": 132,
        "Gross Profit": 121,
        "Operating Income": 28,
        "EBIT": NaN,
        "Net Income": 13
    },
    "2015-03-31": {
        "Diluted EPS": 0.29,
        "Total Revenue": 107,
        "Gross Profit": 98,
        "Operating Income": 22,
        "EBIT": NaN,
        "Net Income": 12
    },
    "2014-12-31": {
        "Diluted EPS": 0.33,
        "Total Revenue": 96,
        "Gross Profit": 87,
        "Operating Income": 5,
        "EBIT": NaN,
        "Net Income": 9
    },
    "2014-09-30": {
        "Diluted EPS": 0.31,
        "Total Revenue": 91,
        "Gross Profit": 82,
        "Operating Income": 12,
        "EBIT": NaN,
        "Net Income": 10
    },
    "2014-06-30": {
        "Diluted EPS": 0.27,
        "Total Revenue": 79,
        "Gross Profit": 71,
        "Operating Income": 9,
        "EBIT": NaN,
        "Net Income": 7
    },
    "2014-03-31": {
        "Diluted EPS": -0.01,
        "Total Revenue": 68,
        "Gross Profit": 60,
        "Operating Income": 1,
        "EBIT": NaN,
        "Net Income": 0
    },
    "2013-12-31": {
        "Diluted EPS": -0.02,
        "Total Revenue": 75,
        "Gross Profit": 68,
        "Operating Income": 9,
        "EBIT": NaN,
        "Net Income": 2
    },
    "2013-09-30": {
        "Diluted EPS": -0.53,
        "Total Revenue": 52,
        "Gross Profit": 45,
        "Operating Income": -8,
        "EBIT": NaN,
        "Net Income": -9
    },
    "2013-06-30": {
        "Diluted EPS": 0.35,
        "Total Revenue": 53,
        "Gross Profit": 48,
        "Operating Income": 6,
        "EBIT": NaN,
        "Net Income": 4
    },
    "2013-03-31": {
        "Diluted EPS": 0.05,
        "Total Revenue": 37,
        "Gross Profit": 33,
        "Operating Income": 2,
        "EBIT": NaN,
        "Net Income": 1
    },
    "2012-12-31": {
        "Diluted EPS": -0.3,
        "Total Revenue": 34,
        "Gross Profit": 31,
        "Operating Income": -1,
        "EBIT": NaN,
        "Net Income": -4
    },
    "2012-09-30": {
        "Diluted EPS": 0.79,
        "Total Revenue": 36,
        "Gross Profit": 34,
        "Operating Income": 8,
        "EBIT": NaN,
        "Net Income": 9
    },
    "2012-06-30": {
        "Diluted EPS": -0.09,
        "Total Revenue": 11,
        "Gross Profit": 9,
        "Operating Income": -1,
        "EBIT": NaN,
        "Net Income": -1
    },
    "2012-03-31": {
        "Diluted EPS": 0.0,
        "Total Revenue": 11,
        "Gross Profit": 9,
        "Operating Income": 0,
        "EBIT": NaN,
        "Net Income": 0
    },
    "2011-12-31": {
        "Diluted EPS": -0.58,
        "Total Revenue": 9,
        "Gross Profit": 8,
        "Operating Income": -5,
        "EBIT": NaN,
        "Net Income": -6
    },
    "2011-09-30": {
        "Diluted EPS": 0.04,
        "Total Revenue": 11,
        "Gross Profit": 9,
        "Operating Income": 2,
        "EBIT": NaN,
        "Net Income": 1
    },
    "2011-06-30": {
        "Diluted EPS": 0.16,
        "Total Revenue": 10,
        "Gross Profit": 9,
        "Operating Income": 2,
        "EBIT": NaN,
        "Net Income": 2
    },
    "2011-03-31": {
        "Diluted EPS": 0.07,
        "Total Revenue": 10,
        "Gross Profit": 8,
        "Operating Income": 2,
        "EBIT": NaN,
        "Net Income": 1
    },
    "2010-12-31": {
        "Diluted EPS": 0.21,
        "Total Revenue": 13,
        "Gross Profit": 11,
        "Operating Income": 2,
        "EBIT": NaN,
        "Net Income": 1
    },
    "2010-09-30": {
        "Diluted EPS": 0.66,
        "Total Revenue": 11,
        "Gross Profit": 9,
        "Operating Income": 4,
        "EBIT": NaN,
        "Net Income": 3
    },
    "2010-06-30": {
        "Diluted EPS": -0.65,
        "Total Revenue": 10,
        "Gross Profit": 7,
        "Operating Income": -2,
        "EBIT": NaN,
        "Net Income": -3
    },
    "2010-03-31": {
        "Diluted EPS": 0.15,
        "Total Revenue": 11,
        "Gross Profit": 8,
        "Operating Income": 1,
        "EBIT": NaN,
        "Net Income": 1
    },
    "2009-12-31": {
        "Diluted EPS": -0.2,
        "Total Revenue": 11,
        "Gross Profit": 8,
        "Operating Income": -1,
        "EBIT": NaN,
        "Net Income": -1
    },
    "2009-09-30": {
        "Diluted EPS": 0.3,
        "Total Revenue": 12,
        "Gross Profit": 8,
        "Operating Income": 2,
        "EBIT": NaN,
        "Net Income": 1
    },
    "2009-06-30": {
        "Diluted EPS": 0.1,
        "Total Revenue": 13,
        "Gross Profit": 8,
        "Operating Income": 1,
        "EBIT": NaN,
        "Net Income": 0
    },
    "2009-03-31": {
        "Diluted EPS": -0.68,
        "Total Revenue": 12,
        "Gross Profit": 7,
        "Operating Income": -3,
        "EBIT": NaN,
        "Net Income": -3
    },
    "2023-09-30": {
        "Tax Effect Of Unusual Items": -2574804.0,
        "Tax Rate For Calcs": 0.276,
        "Total Unusual Items": -9329000.0,
        "Total Unusual Items Excluding Goodwill": -9329000.0,
        "Net Income From Continuing Operation Net Minority Interest": 42574000.0,
        "Reconciled Depreciation": 4502000.0,
        "Net Interest Income": 69218000.0,
        "Interest Expense": 47004000.0,
        "Interest Income": 116222000.0,
        "Normalized Income": 49328196.0,
        "Net Income From Continuing And Discontinued Operation": 42574000.0,
        "Diluted Average Shares": 57521836.0,
        "Basic Average Shares": 57434374.0,
        "Diluted EPS": 0.74,
        "Basic EPS": 0.74,
        "Diluted NI Availto Com Stockholders": 42574000.0,
        "Net Income Common Stockholders": 42574000.0,
        "Otherunder Preferred Stock Dividend": NaN,
        "Preferred Stock Dividends": NaN,
        "Net Income": 42574000.0,
        "Net Income Including Noncontrolling Interests": 42574000.0,
        "Net Income Continuous Operations": 42574000.0,
        "Tax Provision": 16258000.0,
        "Pretax Income": 58832000.0,
        "Special Income Charges": -9329000.0,
        "Restructuring And Mergern Acquisition": 9329000.0,
        "Gain On Sale Of Security": 46186000.0,
        "Depreciation Amortization Depletion Income Statement": 461000.0,
        "Depreciation And Amortization In Income Statement": 461000.0,
        "Amortization": 461000.0,
        "Amortization Of Intangibles Income Statement": 461000.0,
        "Selling General And Administration": 25819000.0,
        "General And Administrative Expense": 25819000.0,
        "Salaries And Wages": 25819000.0,
        "Total Revenue": 119996000.0,
        "Operating Revenue": 119996000.0
    },
    "2023-12-31": {
        "Tax Effect Of Unusual Items": -222753732.974462,
        "Tax Rate For Calcs": 0.147515,
        "Total Unusual Items": -1510040000.0,
        "Total Unusual Items Excluding Goodwill": -1510040000.0,
        "Net Income From Continuing Operation Net Minority Interest": -1979868000.0,
        "Reconciled Depreciation": 78516000.0,
        "Net Interest Income": 535225000.0,
        "Interest Expense": 1096483000.0,
        "Interest Income": 1631708000.0,
        "Normalized Income": -692581732.974462,
        "Net Income From Continuing And Discontinued Operation": -1979868000.0,
        "Diluted Average Shares": 108290000.0,
        "Basic Average Shares": 108290000.0,
        "Diluted EPS": -4.55,
        "Basic EPS": -4.55,
        "Diluted NI Availto Com Stockholders": -2019656000.0,
        "Net Income Common Stockholders": -2019656000.0,
        "Otherunder Preferred Stock Dividend": NaN,
        "Preferred Stock Dividends": NaN,
        "Net Income": -1979868000.0,
        "Net Income Including Noncontrolling Interests": -1979868000.0,
        "Net Income Continuous Operations": -1979868000.0,
        "Tax Provision": -342599000.0,
        "Pretax Income": -2322467000.0,
        "Special Income Charges": -1510040000.0,
        "Restructuring And Mergern Acquisition": 133304000.0,
        "Gain On Sale Of Security": -488267000.0,
        "Depreciation Amortization Depletion Income Statement": 44278000.0,
        "Depreciation And Amortization In Income Statement": 44278000.0,
        "Amortization": 10035000.0,
        "Amortization Of Intangibles Income Statement": 10035000.0,
        "Selling General And Administration": 248596000.0,
        "General And Administrative Expense": 248596000.0,
        "Salaries And Wages": 248596000.0,
        "Total Revenue": 2857000.0,
        "Operating Revenue": 2857000.0
    }
}