{
    "2023-03-31": {
        "Tax Effect Of Unusual Items": NaN,
        "Tax Rate For Calcs": NaN,
        "Normalized EBITDA": NaN,
        "Total Unusual Items": NaN,
        "Total Unusual Items Excluding Goodwill": NaN,
        "Net Income From Continuing Operation Net Minority Interest": NaN,
        "Reconciled Depreciation": NaN,
        "Reconciled Cost Of Revenue": NaN,
        "EBITDA": NaN,
        "EBIT": NaN,
        "Net Interest Income": NaN,
        "Interest Expense": 914000.0,
        "Normalized Income": NaN,
        "Net Income From Continuing And Discontinued Operation": NaN,
        "Total Expenses": NaN,
        "Total Operating Income As Reported": NaN,
        "Diluted Average Shares": NaN,
        "Basic Average Shares": NaN,
        "Diluted EPS": NaN,
        "Basic EPS": NaN,
        "Diluted NI Availto Com Stockholders": NaN,
        "Average Dilution Earnings": -11698000.0,
        "Net Income Common Stockholders": NaN,
        "Net Income": NaN,
        "Net Income Including Noncontrolling Interests": NaN,
        "Net Income Continuous Operations": NaN,
        "Tax Provision": NaN,
        "Pretax Income": NaN,
        "Other Income Expense": NaN,
        "Other Non Operating Income Expenses": NaN,
        "Special Income Charges": NaN,
        "Other Special Charges": -12767000.0,
        "Net Non Operating Interest Income Expense": NaN,
        "Total Other Finance Cost": 914000.0,
        "Interest Expense Non Operating": 914000.0,
        "Operating Income": NaN,
        "Operating Expense": NaN,
        "Research And Development": NaN,
        "Selling General And Administration": NaN,
        "Selling And Marketing Expense": NaN,
        "General And Administrative Expense": NaN,
        "Other Gand A": NaN,
        "Gross Profit": NaN,
        "Cost Of Revenue": NaN,
        "Total Revenue": NaN,
        "Operating Revenue": NaN
    },
    "2022-12-31": {
        "Tax Effect Of Unusual Items": NaN,
        "Tax Rate For Calcs": NaN,
        "Normalized EBITDA": NaN,
        "Total Unusual Items": NaN,
        "Total Unusual Items Excluding Goodwill": NaN,
        "Net Income From Continuing Operation Net Minority Interest": NaN,
        "Reconciled Depreciation": NaN,
        "Reconciled Cost Of Revenue": NaN,
        "EBITDA": NaN,
        "EBIT": NaN,
        "Net Interest Income": NaN,
        "Interest Expense": 187000.0,
        "Normalized Income": NaN,
        "Net Income From Continuing And Discontinued Operation": NaN,
        "Total Expenses": NaN,
        "Total Operating Income As Reported": NaN,
        "Diluted Average Shares": NaN,
        "Basic Average Shares": NaN,
        "Diluted EPS": NaN,
        "Basic EPS": NaN,
        "Diluted NI Availto Com Stockholders": NaN,
        "Average Dilution Earnings": NaN,
        "Net Income Common Stockholders": NaN,
        "Net Income": NaN,
        "Net Income Including Noncontrolling Interests": NaN,
        "Net Income Continuous Operations": NaN,
        "Tax Provision": NaN,
        "Pretax Income": NaN,
        "Other Income Expense": NaN,
        "Other Non Operating Income Expenses": NaN,
        "Special Income Charges": NaN,
        "Other Special Charges": NaN,
        "Net Non Operating Interest Income Expense": NaN,
        "Total Other Finance Cost": NaN,
        "Interest Expense Non Operating": 187000.0,
        "Operating Income": NaN,
        "Operating Expense": NaN,
        "Research And Development": NaN,
        "Selling General And Administration": NaN,
        "Selling And Marketing Expense": NaN,
        "General And Administrative Expense": NaN,
        "Other Gand A": NaN,
        "Gross Profit": NaN,
        "Cost Of Revenue": NaN,
        "Total Revenue": NaN,
        "Operating Revenue": NaN
    },
    "2022-09-30": {
        "Tax Effect Of Unusual Items": NaN,
        "Tax Rate For Calcs": NaN,
        "Normalized EBITDA": NaN,
        "Total Unusual Items": NaN,
        "Total Unusual Items Excluding Goodwill": NaN,
        "Net Income From Continuing Operation Net Minority Interest": NaN,
        "Reconciled Depreciation": NaN,
        "Reconciled Cost Of Revenue": NaN,
        "EBITDA": NaN,
        "EBIT": NaN,
        "Net Interest Income": NaN,
        "Interest Expense": 737000.0,
        "Normalized Income": NaN,
        "Net Income From Continuing And Discontinued Operation": NaN,
        "Total Expenses": NaN,
        "Total Operating Income As Reported": NaN,
        "Diluted Average Shares": NaN,
        "Basic Average Shares": NaN,
        "Diluted EPS": NaN,
        "Basic EPS": NaN,
        "Diluted NI Availto Com Stockholders": NaN,
        "Average Dilution Earnings": NaN,
        "Net Income Common Stockholders": NaN,
        "Net Income": NaN,
        "Net Income Including Noncontrolling Interests": NaN,
        "Net Income Continuous Operations": NaN,
        "Tax Provision": NaN,
        "Pretax Income": NaN,
        "Other Income Expense": NaN,
        "Other Non Operating Income Expenses": NaN,
        "Special Income Charges": NaN,
        "Other Special Charges": NaN,
        "Net Non Operating Interest Income Expense": NaN,
        "Total Other Finance Cost": 737000.0,
        "Interest Expense Non Operating": 737000.0,
        "Operating Income": NaN,
        "Operating Expense": NaN,
        "Research And Development": NaN,
        "Selling General And Administration": NaN,
        "Selling And Marketing Expense": NaN,
        "General And Administrative Expense": NaN,
        "Other Gand A": NaN,
        "Gross Profit": NaN,
        "Cost Of Revenue": NaN,
        "Total Revenue": NaN,
        "Operating Revenue": NaN
    },
    "2022-06-30": {
        "Tax Effect Of Unusual Items": 0.0,
        "Tax Rate For Calcs": 0.063,
        "Normalized EBITDA": 1216000.0,
        "Total Unusual Items": NaN,
        "Total Unusual Items Excluding Goodwill": NaN,
        "Net Income From Continuing Operation Net Minority Interest": -6248000.0,
        "Reconciled Depreciation": 7007000.0,
        "Reconciled Cost Of Revenue": 81085000.0,
        "EBITDA": 1216000.0,
        "EBIT": -5791000.0,
        "Net Interest Income": -874000.0,
        "Interest Expense": 874000.0,
        "Normalized Income": -6248000.0,
        "Net Income From Continuing And Discontinued Operation": -6248000.0,
        "Total Expenses": 145539000.0,
        "Total Operating Income As Reported": -9050000.0,
        "Diluted Average Shares": 25279615.0,
        "Basic Average Shares": 25279615.0,
        "Diluted EPS": -0.25,
        "Basic EPS": -0.25,
        "Diluted NI Availto Com Stockholders": -6248000.0,
        "Average Dilution Earnings": NaN,
        "Net Income Common Stockholders": -6248000.0,
        "Net Income": -6248000.0,
        "Net Income Including Noncontrolling Interests": -6248000.0,
        "Net Income Continuous Operations": -6248000.0,
        "Tax Provision": -417000.0,
        "Pretax Income": -6665000.0,
        "Other Income Expense": 3259000.0,
        "Other Non Operating Income Expenses": 3259000.0,
        "Special Income Charges": NaN,
        "Other Special Charges": NaN,
        "Net Non Operating Interest Income Expense": -874000.0,
        "Interest Expense Non Operating": 874000.0,
        "Operating Income": -9050000.0,
        "Operating Expense": 64454000.0,
        "Research And Development": 24264000.0,
        "Selling General And Administration": 40190000.0,
        "Selling And Marketing Expense": 23327000.0,
        "General And Administrative Expense": 16863000.0,
        "Other Gand A": 16863000.0,
        "Gross Profit": 55404000.0,
        "Cost Of Revenue": 81085000.0,
        "Total Revenue": 136489000.0,
        "Operating Revenue": 136489000.0
    },
    "2022-03-31": {
        "Diluted EPS": -0.27,
        "Total Revenue": 131,
        "Gross Profit": 55,
        "Operating Income": -7,
        "EBIT": 5,
        "Net Income": -7
    },
    "2021-12-31": {
        "Diluted EPS": -0.32,
        "Total Revenue": 126,
        "Gross Profit": 52,
        "Operating Income": -4,
        "EBIT": 14,
        "Net Income": -8
    },
    "2021-09-30": {
        "Diluted EPS": -0.28,
        "Total Revenue": 131,
        "Gross Profit": 57,
        "Operating Income": 1,
        "EBIT": 19,
        "Net Income": -7
    },
    "2021-06-30": {
        "Diluted EPS": -0.28,
        "Total Revenue": 121,
        "Gross Profit": 53,
        "Operating Income": 1,
        "EBIT": 19,
        "Net Income": -7
    },
    "2021-03-31": {
        "Diluted EPS": -0.21,
        "Total Revenue": 113,
        "Gross Profit": 51,
        "Operating Income": 0,
        "EBIT": 16,
        "Net Income": -5
    },
    "2020-12-31": {
        "Diluted EPS": -0.83,
        "Total Revenue": 113,
        "Gross Profit": 48,
        "Operating Income": -12,
        "EBIT": 1,
        "Net Income": -20
    },
    "2020-09-30": {
        "Diluted EPS": -0.1,
        "Total Revenue": 85,
        "Gross Profit": 39,
        "Operating Income": 2,
        "EBIT": 11,
        "Net Income": -2
    },
    "2020-06-30": {
        "Diluted EPS": -0.86,
        "Total Revenue": 77,
        "Gross Profit": 35,
        "Operating Income": 0,
        "EBIT": 9,
        "Net Income": -21
    },
    "2020-03-31": {
        "Diluted EPS": -0.04,
        "Total Revenue": 69,
        "Gross Profit": 32,
        "Operating Income": -3,
        "EBIT": 3,
        "Net Income": -1
    },
    "2019-12-31": {
        "Diluted EPS": -0.09,
        "Total Revenue": 62,
        "Gross Profit": 29,
        "Operating Income": -3,
        "EBIT": 1,
        "Net Income": -2
    },
    "2019-09-30": {
        "Diluted EPS": -0.04,
        "Total Revenue": 60,
        "Gross Profit": 27,
        "Operating Income": -5,
        "EBIT": -1,
        "Net Income": -1
    },
    "2019-06-30": {
        "Diluted EPS": 0.14,
        "Total Revenue": 57,
        "Gross Profit": 27,
        "Operating Income": -4,
        "EBIT": -1,
        "Net Income": 3
    },
    "2019-03-31": {
        "Diluted EPS": 0.09,
        "Total Revenue": 53,
        "Gross Profit": 25,
        "Operating Income": -6,
        "EBIT": -3,
        "Net Income": 2
    },
    "2018-12-31": {
        "Diluted EPS": -0.07,
        "Total Revenue": 52,
        "Gross Profit": 24,
        "Operating Income": -3,
        "EBIT": -2,
        "Net Income": -1
    },
    "2018-09-30": {
        "Diluted EPS": 0.12,
        "Total Revenue": 50,
        "Gross Profit": 23,
        "Operating Income": 0,
        "EBIT": 1,
        "Net Income": 3
    },
    "2018-06-30": {
        "Diluted EPS": 0.5,
        "Total Revenue": 48,
        "Gross Profit": 22,
        "Operating Income": 1,
        "EBIT": 2,
        "Net Income": 11
    },
    "2018-03-31": {
        "Diluted EPS": 0.3,
        "Total Revenue": 53,
        "Gross Profit": 28,
        "Operating Income": 9,
        "EBIT": 10,
        "Net Income": 6
    },
    "2017-12-31": {
        "Diluted EPS": -0.07,
        "Total Revenue": 42,
        "Gross Profit": 20,
        "Operating Income": 2,
        "EBIT": 4,
        "Net Income": 0
    },
    "2017-09-30": {
        "Diluted EPS": 0.11,
        "Total Revenue": 41,
        "Gross Profit": 19,
        "Operating Income": 3,
        "EBIT": 5,
        "Net Income": 1
    },
    "2017-06-30": {
        "Diluted EPS": 0.13,
        "Total Revenue": 40,
        "Gross Profit": 17,
        "Operating Income": 4,
        "EBIT": 6,
        "Net Income": 2
    },
    "2017-03-31": {
        "Diluted EPS": 0.2,
        "Total Revenue": 40,
        "Gross Profit": 18,
        "Operating Income": 5,
        "EBIT": 7,
        "Net Income": 3
    },
    "2016-12-31": {
        "Diluted EPS": 0.0,
        "Total Revenue": NaN,
        "Gross Profit": NaN,
        "Operating Income": NaN,
        "EBIT": NaN,
        "Net Income": NaN
    },
    "2016-09-30": {
        "Diluted EPS": 0.22,
        "Total Revenue": 39,
        "Gross Profit": 17,
        "Operating Income": 4,
        "EBIT": 4,
        "Net Income": 3
    },
    "2015-12-31": {
        "Diluted EPS": 0.0,
        "Total Revenue": NaN,
        "Gross Profit": NaN,
        "Operating Income": NaN,
        "EBIT": NaN,
        "Net Income": NaN
    },
    "2023-06-30": {
        "Tax Effect Of Unusual Items": NaN,
        "Tax Rate For Calcs": NaN,
        "Normalized EBITDA": NaN,
        "Total Unusual Items": NaN,
        "Total Unusual Items Excluding Goodwill": NaN,
        "Net Income From Continuing Operation Net Minority Interest": NaN,
        "Reconciled Depreciation": NaN,
        "Reconciled Cost Of Revenue": NaN,
        "EBITDA": NaN,
        "EBIT": NaN,
        "Net Interest Income": NaN,
        "Interest Expense": 322000.0,
        "Normalized Income": NaN,
        "Net Income From Continuing And Discontinued Operation": NaN,
        "Total Expenses": NaN,
        "Total Operating Income As Reported": NaN,
        "Diluted Average Shares": 25555219.0,
        "Basic Average Shares": 25555219.0,
        "Diluted EPS": -0.15,
        "Basic EPS": -0.15,
        "Diluted NI Availto Com Stockholders": NaN,
        "Average Dilution Earnings": 0.0,
        "Net Income Common Stockholders": NaN,
        "Net Income": NaN,
        "Net Income Including Noncontrolling Interests": NaN,
        "Net Income Continuous Operations": NaN,
        "Tax Provision": NaN,
        "Pretax Income": NaN,
        "Other Income Expense": NaN,
        "Other Non Operating Income Expenses": NaN,
        "Special Income Charges": NaN,
        "Other Special Charges": -4000000.0,
        "Net Non Operating Interest Income Expense": NaN,
        "Total Other Finance Cost": NaN,
        "Interest Expense Non Operating": 322000.0,
        "Operating Income": NaN,
        "Operating Expense": NaN,
        "Research And Development": NaN,
        "Selling General And Administration": NaN,
        "Selling And Marketing Expense": NaN,
        "General And Administrative Expense": NaN,
        "Other Gand A": NaN,
        "Gross Profit": NaN,
        "Cost Of Revenue": NaN,
        "Total Revenue": NaN,
        "Operating Revenue": NaN
    },
    "2023-09-30": {
        "Tax Effect Of Unusual Items": 0.0,
        "Tax Rate For Calcs": 0.041,
        "Normalized EBITDA": 4848000.0,
        "Total Unusual Items": 0.0,
        "Total Unusual Items Excluding Goodwill": 0.0,
        "Net Income From Continuing Operation Net Minority Interest": -5130000.0,
        "Reconciled Depreciation": 10995000.0,
        "Reconciled Cost Of Revenue": 92514000.0,
        "EBITDA": 4848000.0,
        "EBIT": -6147000.0,
        "Net Interest Income": 59000.0,
        "Interest Expense": NaN,
        "Normalized Income": -5130000.0,
        "Net Income From Continuing And Discontinued Operation": -5130000.0,
        "Total Expenses": 158160000.0,
        "Total Operating Income As Reported": -6147000.0,
        "Diluted Average Shares": 25613441.0,
        "Basic Average Shares": 25613441.0,
        "Diluted EPS": -0.2,
        "Basic EPS": -0.2,
        "Diluted NI Availto Com Stockholders": -5130000.0,
        "Average Dilution Earnings": NaN,
        "Net Income Common Stockholders": -5130000.0,
        "Net Income": -5130000.0,
        "Net Income Including Noncontrolling Interests": -5130000.0,
        "Net Income Continuous Operations": -5130000.0,
        "Tax Provision": -219000.0,
        "Pretax Income": -5349000.0,
        "Other Income Expense": 739000.0,
        "Other Non Operating Income Expenses": 739000.0,
        "Special Income Charges": 0.0,
        "Other Special Charges": NaN,
        "Net Non Operating Interest Income Expense": 59000.0,
        "Total Other Finance Cost": -59000.0,
        "Interest Expense Non Operating": NaN,
        "Operating Income": -6147000.0,
        "Operating Expense": 65646000.0,
        "Research And Development": 24792000.0,
        "Selling General And Administration": 40854000.0,
        "Selling And Marketing Expense": 25011000.0,
        "General And Administrative Expense": 15843000.0,
        "Other Gand A": 15843000.0,
        "Gross Profit": 59499000.0,
        "Cost Of Revenue": 92514000.0,
        "Total Revenue": 152013000.0,
        "Operating Revenue": 152013000.0
    },
    "2023-12-31": {
        "Tax Effect Of Unusual Items": 0.0,
        "Tax Rate For Calcs": 0.21,
        "Normalized EBITDA": 18957000.0,
        "Total Unusual Items": 0.0,
        "Total Unusual Items Excluding Goodwill": 0.0,
        "Net Income From Continuing Operation Net Minority Interest": -10934000.0,
        "Reconciled Depreciation": 12030000.0,
        "Reconciled Cost Of Revenue": 103336000.0,
        "EBITDA": 18957000.0,
        "EBIT": 6927000.0,
        "Net Interest Income": 369000.0,
        "Interest Expense": NaN,
        "Normalized Income": -10934000.0,
        "Net Income From Continuing And Discontinued Operation": -10934000.0,
        "Total Expenses": 175421000.0,
        "Total Operating Income As Reported": -10035000.0,
        "Diluted Average Shares": 25829587.0,
        "Basic Average Shares": 25829587.0,
        "Diluted EPS": -0.42,
        "Basic EPS": -0.42,
        "Diluted NI Availto Com Stockholders": -10934000.0,
        "Average Dilution Earnings": NaN,
        "Net Income Common Stockholders": -10934000.0,
        "Net Income": -10934000.0,
        "Net Income Including Noncontrolling Interests": -10934000.0,
        "Net Income Continuous Operations": -10934000.0,
        "Tax Provision": 234000.0,
        "Pretax Income": -10700000.0,
        "Other Income Expense": -1034000.0,
        "Other Non Operating Income Expenses": -1034000.0,
        "Special Income Charges": 0.0,
        "Other Special Charges": 0.0,
        "Net Non Operating Interest Income Expense": 369000.0,
        "Total Other Finance Cost": NaN,
        "Interest Expense Non Operating": NaN,
        "Operating Income": -10035000.0,
        "Operating Expense": 72085000.0,
        "Research And Development": 28883000.0,
        "Selling General And Administration": 43202000.0,
        "Selling And Marketing Expense": 26269000.0,
        "General And Administrative Expense": 16933000.0,
        "Other Gand A": 16933000.0,
        "Gross Profit": 62050000.0,
        "Cost Of Revenue": 103336000.0,
        "Total Revenue": 165386000.0,
        "Operating Revenue": 165386000.0
    },
    "2024-03-31": {
        "Tax Effect Of Unusual Items": 0.0,
        "Tax Rate For Calcs": 0.021,
        "Normalized EBITDA": 1998000.0,
        "Total Unusual Items": 0.0,
        "Total Unusual Items Excluding Goodwill": 0.0,
        "Net Income From Continuing Operation Net Minority Interest": -9233000.0,
        "Reconciled Depreciation": 12414000.0,
        "Reconciled Cost Of Revenue": 105549000.0,
        "EBITDA": 1998000.0,
        "EBIT": -10416000.0,
        "Net Interest Income": 633000.0,
        "Interest Expense": NaN,
        "Normalized Income": -9233000.0,
        "Net Income From Continuing And Discontinued Operation": -9233000.0,
        "Total Expenses": 181449000.0,
        "Total Operating Income As Reported": -10416000.0,
        "Diluted Average Shares": 26493802.0,
        "Basic Average Shares": 26493802.0,
        "Diluted EPS": -0.35,
        "Basic EPS": -0.35,
        "Diluted NI Availto Com Stockholders": -9233000.0,
        "Average Dilution Earnings": 0.0,
        "Net Income Common Stockholders": -9233000.0,
        "Net Income": -9233000.0,
        "Net Income Including Noncontrolling Interests": -9233000.0,
        "Net Income Continuous Operations": -9233000.0,
        "Tax Provision": -200000.0,
        "Pretax Income": -9433000.0,
        "Other Income Expense": 350000.0,
        "Other Non Operating Income Expenses": 350000.0,
        "Special Income Charges": 0.0,
        "Other Special Charges": NaN,
        "Net Non Operating Interest Income Expense": 633000.0,
        "Total Other Finance Cost": -633000.0,
        "Interest Expense Non Operating": NaN,
        "Operating Income": -10416000.0,
        "Operating Expense": 75900000.0,
        "Research And Development": 28912000.0,
        "Selling General And Administration": 46988000.0,
        "Selling And Marketing Expense": 29139000.0,
        "General And Administrative Expense": 17849000.0,
        "Other Gand A": 17849000.0,
        "Gross Profit": 65484000.0,
        "Cost Of Revenue": 105549000.0,
        "Total Revenue": 171033000.0,
        "Operating Revenue": 171033000.0
    },
    "2024-06-30": {
        "Tax Effect Of Unusual Items": 2156070.0,
        "Tax Rate For Calcs": 0.21,
        "Normalized EBITDA": 6455000.0,
        "Total Unusual Items": 10267000.0,
        "Total Unusual Items Excluding Goodwill": 10267000.0,
        "Net Income From Continuing Operation Net Minority Interest": 4055000.0,
        "Reconciled Depreciation": 12300000.0,
        "Reconciled Cost Of Revenue": 108773000.0,
        "EBITDA": 16722000.0,
        "EBIT": 4422000.0,
        "Net Interest Income": -698000.0,
        "Interest Expense": 698000.0,
        "Normalized Income": -4055930.0,
        "Net Income From Continuing And Discontinued Operation": 4055000.0,
        "Total Expenses": 179676000.0,
        "Total Operating Income As Reported": -6074000.0,
        "Diluted Average Shares": 29500598.0,
        "Basic Average Shares": 27079333.0,
        "Diluted EPS": -0.17,
        "Basic EPS": 0.15,
        "Diluted NI Availto Com Stockholders": -5043000.0,
        "Average Dilution Earnings": -9098000.0,
        "Net Income Common Stockholders": 4055000.0,
        "Net Income": 4055000.0,
        "Net Income Including Noncontrolling Interests": 4055000.0,
        "Net Income Continuous Operations": 4055000.0,
        "Tax Provision": -331000.0,
        "Pretax Income": 3724000.0,
        "Other Income Expense": 10496000.0,
        "Other Non Operating Income Expenses": 229000.0,
        "Special Income Charges": 10267000.0,
        "Other Special Charges": -10267000.0,
        "Net Non Operating Interest Income Expense": -698000.0,
        "Total Other Finance Cost": NaN,
        "Interest Expense Non Operating": 698000.0,
        "Operating Income": -6074000.0,
        "Operating Expense": 70903000.0,
        "Research And Development": 28132000.0,
        "Selling General And Administration": 42771000.0,
        "Selling And Marketing Expense": 26066000.0,
        "General And Administrative Expense": 16705000.0,
        "Other Gand A": 16705000.0,
        "Gross Profit": 64829000.0,
        "Cost Of Revenue": 108773000.0,
        "Total Revenue": 173602000.0,
        "Operating Revenue": 173602000.0
    },
    "2024-09-30": {
        "Tax Effect Of Unusual Items": 0.0,
        "Tax Rate For Calcs": 0.21,
        "Normalized EBITDA": 11526000.0,
        "Total Unusual Items": 0.0,
        "Total Unusual Items Excluding Goodwill": 0.0,
        "Net Income From Continuing Operation Net Minority Interest": 413000.0,
        "Reconciled Depreciation": 12424000.0,
        "Reconciled Cost Of Revenue": 120749000.0,
        "EBITDA": 11526000.0,
        "EBIT": -898000.0,
        "Net Interest Income": -1025000.0,
        "Interest Expense": NaN,
        "Normalized Income": 413000.0,
        "Net Income From Continuing And Discontinued Operation": 413000.0,
        "Total Expenses": 194781000.0,
        "Total Operating Income As Reported": -898000.0,
        "Diluted Average Shares": NaN,
        "Basic Average Shares": NaN,
        "Diluted EPS": NaN,
        "Basic EPS": NaN,
        "Diluted NI Availto Com Stockholders": 413000.0,
        "Average Dilution Earnings": NaN,
        "Net Income Common Stockholders": 413000.0,
        "Net Income": 413000.0,
        "Net Income Including Noncontrolling Interests": 413000.0,
        "Net Income Continuous Operations": 413000.0,
        "Tax Provision": -734000.0,
        "Pretax Income": -321000.0,
        "Other Income Expense": 1602000.0,
        "Other Non Operating Income Expenses": 1602000.0,
        "Special Income Charges": 0.0,
        "Other Special Charges": NaN,
        "Net Non Operating Interest Income Expense": -1025000.0,
        "Total Other Finance Cost": 1025000.0,
        "Interest Expense Non Operating": NaN,
        "Operating Income": -898000.0,
        "Operating Expense": 74032000.0,
        "Research And Development": 30171000.0,
        "Selling General And Administration": 43861000.0,
        "Selling And Marketing Expense": 26285000.0,
        "General And Administrative Expense": 17576000.0,
        "Other Gand A": 17576000.0,
        "Gross Profit": 73134000.0,
        "Cost Of Revenue": 120749000.0,
        "Total Revenue": 193883000.0,
        "Operating Revenue": 193883000.0
    }
}