{
    "2023-06-30": {
        "Tax Effect Of Unusual Items": 0.0,
        "Tax Rate For Calcs": 0.214,
        "Total Unusual Items": 315000.0,
        "Total Unusual Items Excluding Goodwill": 315000.0,
        "Net Income From Continuing Operation Net Minority Interest": 55010000.0,
        "Reconciled Depreciation": 5649000.0,
        "Net Interest Income": 105926000.0,
        "Interest Expense": 44892000.0,
        "Interest Income": 105926000.0,
        "Normalized Income": 55010000.0,
        "Net Income From Continuing And Discontinued Operation": 55010000.0,
        "Diluted Average Shares": 33542683.0,
        "Basic Average Shares": 32940120.0,
        "Diluted EPS": 1.64,
        "Basic EPS": 1.67,
        "Diluted NI Availto Com Stockholders": 55010000.0,
        "Net Income Common Stockholders": 55010000.0,
        "Net Income": 55010000.0,
        "Net Income Including Noncontrolling Interests": 55010000.0,
        "Net Income Continuous Operations": 55010000.0,
        "Tax Provision": 14956000.0,
        "Pretax Income": 69966000.0,
        "Gain On Sale Of Security": 110000.0,
        "Depreciation Amortization Depletion Income Statement": 5649000.0,
        "Depreciation And Amortization In Income Statement": 5649000.0,
        "Amortization": 880000.0,
        "Amortization Of Intangibles Income Statement": 880000.0,
        "Depreciation Income Statement": 4769000.0,
        "Selling General And Administration": 53166000.0,
        "Selling And Marketing Expense": 1900000.0,
        "General And Administrative Expense": 51266000.0,
        "Other Gand A": NaN,
        "Insurance And Claims": 1463000.0,
        "Salaries And Wages": 49803000.0,
        "Total Revenue": 153900000.0,
        "Operating Revenue": 153900000.0
    },
    "2023-03-31": {
        "Tax Effect Of Unusual Items": 0.0,
        "Tax Rate For Calcs": 0.226,
        "Total Unusual Items": 479000.0,
        "Total Unusual Items Excluding Goodwill": 479000.0,
        "Net Income From Continuing Operation Net Minority Interest": 57533000.0,
        "Reconciled Depreciation": 5523000.0,
        "Net Interest Income": 109156000.0,
        "Interest Expense": 36290000.0,
        "Interest Income": 109156000.0,
        "Normalized Income": 57533000.0,
        "Net Income From Continuing And Discontinued Operation": 57533000.0,
        "Diluted Average Shares": 33462379.0,
        "Basic Average Shares": 32892857.0,
        "Diluted EPS": 1.72,
        "Basic EPS": 1.75,
        "Diluted NI Availto Com Stockholders": 57533000.0,
        "Net Income Common Stockholders": 57533000.0,
        "Net Income": 57533000.0,
        "Net Income Including Noncontrolling Interests": 57533000.0,
        "Net Income Continuous Operations": 57533000.0,
        "Tax Provision": 16812000.0,
        "Pretax Income": 74345000.0,
        "Gain On Sale Of Security": -213000.0,
        "Depreciation Amortization Depletion Income Statement": 5523000.0,
        "Depreciation And Amortization In Income Statement": 5523000.0,
        "Amortization": 880000.0,
        "Amortization Of Intangibles Income Statement": 880000.0,
        "Depreciation Income Statement": 4643000.0,
        "Selling General And Administration": 53392000.0,
        "Selling And Marketing Expense": 2527000.0,
        "General And Administrative Expense": 50865000.0,
        "Other Gand A": NaN,
        "Insurance And Claims": 1613000.0,
        "Salaries And Wages": 49252000.0,
        "Total Revenue": 156984000.0,
        "Operating Revenue": 156984000.0
    },
    "2022-12-31": {
        "Tax Effect Of Unusual Items": 0.0,
        "Tax Rate For Calcs": 0.1855,
        "Total Unusual Items": 232000.0,
        "Total Unusual Items Excluding Goodwill": 232000.0,
        "Net Income From Continuing Operation Net Minority Interest": 57126000.0,
        "Reconciled Depreciation": 5446000.0,
        "Net Interest Income": 110352000.0,
        "Interest Expense": 25441000.0,
        "Interest Income": 110352000.0,
        "Normalized Income": 57126000.0,
        "Net Income From Continuing And Discontinued Operation": 57126000.0,
        "Diluted Average Shares": 33503937.0,
        "Basic Average Shares": 32868087.0,
        "Diluted EPS": 1.7,
        "Basic EPS": 1.74,
        "Diluted NI Availto Com Stockholders": 57126000.0,
        "Net Income Common Stockholders": 57126000.0,
        "Net Income": 57126000.0,
        "Net Income Including Noncontrolling Interests": 57126000.0,
        "Net Income Continuous Operations": 57126000.0,
        "Tax Provision": 13013000.0,
        "Pretax Income": 70139000.0,
        "Gain On Sale Of Security": 1116000.0,
        "Depreciation Amortization Depletion Income Statement": 5446000.0,
        "Depreciation And Amortization In Income Statement": 5446000.0,
        "Amortization": 880000.0,
        "Amortization Of Intangibles Income Statement": 880000.0,
        "Depreciation Income Statement": 4566000.0,
        "Selling General And Administration": 51693000.0,
        "Selling And Marketing Expense": 2465000.0,
        "General And Administrative Expense": 49228000.0,
        "Other Gand A": NaN,
        "Insurance And Claims": 1209000.0,
        "Salaries And Wages": 48019000.0,
        "Total Revenue": 158520000.0,
        "Operating Revenue": 158520000.0
    },
    "2022-09-30": {
        "Tax Effect Of Unusual Items": 0.0,
        "Tax Rate For Calcs": 0.19,
        "Total Unusual Items": 53000.0,
        "Total Unusual Items Excluding Goodwill": 53000.0,
        "Net Income From Continuing Operation Net Minority Interest": 55352000.0,
        "Reconciled Depreciation": 5492000.0,
        "Net Interest Income": 100947000.0,
        "Interest Expense": 13065000.0,
        "Interest Income": 100947000.0,
        "Normalized Income": 55352000.0,
        "Net Income From Continuing And Discontinued Operation": 55352000.0,
        "Diluted Average Shares": 33536558.0,
        "Basic Average Shares": 32825931.0,
        "Diluted EPS": 1.65,
        "Basic EPS": 1.69,
        "Diluted NI Availto Com Stockholders": 55352000.0,
        "Net Income Common Stockholders": 55352000.0,
        "Net Income": 55352000.0,
        "Net Income Including Noncontrolling Interests": 55352000.0,
        "Net Income Continuous Operations": 55352000.0,
        "Tax Provision": 12985000.0,
        "Pretax Income": 68337000.0,
        "Gain On Sale Of Security": 966000.0,
        "Depreciation Amortization Depletion Income Statement": 5492000.0,
        "Depreciation And Amortization In Income Statement": 5492000.0,
        "Amortization": 880000.0,
        "Amortization Of Intangibles Income Statement": 880000.0,
        "Depreciation Income Statement": 4612000.0,
        "Selling General And Administration": 50888000.0,
        "Selling And Marketing Expense": 1945000.0,
        "General And Administrative Expense": 48943000.0,
        "Other Gand A": 1876000.0,
        "Insurance And Claims": 1202000.0,
        "Salaries And Wages": 47741000.0,
        "Total Revenue": 150278000.0,
        "Operating Revenue": 150278000.0
    },
    "2022-06-30": {
        "Tax Effect Of Unusual Items": 0.0,
        "Tax Rate For Calcs": 0.191,
        "Total Unusual Items": 118000.0,
        "Total Unusual Items Excluding Goodwill": 118000.0,
        "Net Income From Continuing Operation Net Minority Interest": 44707000.0,
        "Reconciled Depreciation": 5504000.0,
        "Net Interest Income": 86867000.0,
        "Interest Expense": 4629000.0,
        "Interest Income": 86867000.0,
        "Normalized Income": 44707000.0,
        "Net Income From Continuing And Discontinued Operation": 44707000.0,
        "Diluted Average Shares": 33418482.0,
        "Basic Average Shares": 32749752.0,
        "Diluted EPS": 1.34,
        "Basic EPS": 1.36,
        "Diluted NI Availto Com Stockholders": 44707000.0,
        "Net Income Common Stockholders": 44707000.0,
        "Net Income": 44707000.0,
        "Net Income Including Noncontrolling Interests": 44707000.0,
        "Net Income Continuous Operations": 44707000.0,
        "Tax Provision": 10540000.0,
        "Pretax Income": 55247000.0,
        "Gain On Sale Of Security": 0.0,
        "Depreciation Amortization Depletion Income Statement": 5504000.0,
        "Depreciation And Amortization In Income Statement": 5504000.0,
        "Amortization": 857000.0,
        "Amortization Of Intangibles Income Statement": 857000.0,
        "Depreciation Income Statement": 4647000.0,
        "Selling General And Administration": 48071000.0,
        "Selling And Marketing Expense": 1591000.0,
        "General And Administrative Expense": 46480000.0,
        "Other Gand A": 1975000.0,
        "Insurance And Claims": 1196000.0,
        "Salaries And Wages": 45284000.0,
        "Total Revenue": 129465000.0,
        "Operating Revenue": 129465000.0
    },
    "2022-03-31": {
        "Diluted EPS": 1.08,
        "Total Revenue": 122,
        "Gross Profit": 119,
        "Operating Income": 44,
        "EBIT": NaN,
        "Net Income": 36
    },
    "2021-12-31": {
        "Diluted EPS": 1.15,
        "Total Revenue": 125,
        "Gross Profit": 122,
        "Operating Income": 45,
        "EBIT": NaN,
        "Net Income": 38
    },
    "2021-09-30": {
        "Diluted EPS": 1.16,
        "Total Revenue": 123,
        "Gross Profit": 120,
        "Operating Income": 48,
        "EBIT": NaN,
        "Net Income": 39
    },
    "2021-06-30": {
        "Diluted EPS": 1.45,
        "Total Revenue": 130,
        "Gross Profit": 127,
        "Operating Income": 63,
        "EBIT": NaN,
        "Net Income": 48
    },
    "2021-03-31": {
        "Diluted EPS": 1.27,
        "Total Revenue": 120,
        "Gross Profit": 117,
        "Operating Income": 52,
        "EBIT": NaN,
        "Net Income": 43
    },
    "2020-12-31": {
        "Diluted EPS": 1.06,
        "Total Revenue": 118,
        "Gross Profit": 115,
        "Operating Income": 44,
        "EBIT": NaN,
        "Net Income": 35
    },
    "2020-09-30": {
        "Diluted EPS": 0.63,
        "Total Revenue": 114,
        "Gross Profit": 110,
        "Operating Income": 26,
        "EBIT": NaN,
        "Net Income": 21
    },
    "2020-06-30": {
        "Diluted EPS": 0.63,
        "Total Revenue": 114,
        "Gross Profit": 109,
        "Operating Income": 25,
        "EBIT": NaN,
        "Net Income": 21
    },
    "2020-03-31": {
        "Diluted EPS": 0.68,
        "Total Revenue": 119,
        "Gross Profit": 109,
        "Operating Income": 28,
        "EBIT": NaN,
        "Net Income": 23
    },
    "2019-12-31": {
        "Diluted EPS": 1.07,
        "Total Revenue": 122,
        "Gross Profit": 109,
        "Operating Income": 42,
        "EBIT": NaN,
        "Net Income": 36
    },
    "2019-09-30": {
        "Diluted EPS": 1.0,
        "Total Revenue": 122,
        "Gross Profit": 108,
        "Operating Income": 43,
        "EBIT": NaN,
        "Net Income": 33
    },
    "2019-06-30": {
        "Diluted EPS": 1.02,
        "Total Revenue": 117,
        "Gross Profit": 103,
        "Operating Income": 44,
        "EBIT": NaN,
        "Net Income": 34
    },
    "2019-03-31": {
        "Diluted EPS": 0.96,
        "Total Revenue": 113,
        "Gross Profit": 99,
        "Operating Income": 41,
        "EBIT": NaN,
        "Net Income": 32
    },
    "2018-12-31": {
        "Diluted EPS": 0.98,
        "Total Revenue": 112,
        "Gross Profit": 99,
        "Operating Income": 41,
        "EBIT": NaN,
        "Net Income": 33
    },
    "2018-09-30": {
        "Diluted EPS": 0.98,
        "Total Revenue": 110,
        "Gross Profit": 98,
        "Operating Income": 42,
        "EBIT": NaN,
        "Net Income": 33
    },
    "2018-06-30": {
        "Diluted EPS": 0.91,
        "Total Revenue": 106,
        "Gross Profit": 95,
        "Operating Income": 40,
        "EBIT": NaN,
        "Net Income": 31
    },
    "2018-03-31": {
        "Diluted EPS": 0.89,
        "Total Revenue": 101,
        "Gross Profit": 93,
        "Operating Income": 37,
        "EBIT": NaN,
        "Net Income": 30
    },
    "2017-12-31": {
        "Diluted EPS": 0.59,
        "Total Revenue": 98,
        "Gross Profit": 92,
        "Operating Income": 37,
        "EBIT": NaN,
        "Net Income": 19
    },
    "2017-09-30": {
        "Diluted EPS": 0.67,
        "Total Revenue": 92,
        "Gross Profit": 86,
        "Operating Income": 33,
        "EBIT": NaN,
        "Net Income": 22
    },
    "2017-06-30": {
        "Diluted EPS": 0.71,
        "Total Revenue": 89,
        "Gross Profit": 84,
        "Operating Income": 34,
        "EBIT": NaN,
        "Net Income": 23
    },
    "2017-03-31": {
        "Diluted EPS": 0.68,
        "Total Revenue": 87,
        "Gross Profit": 83,
        "Operating Income": 33,
        "EBIT": NaN,
        "Net Income": 22
    },
    "2016-12-31": {
        "Diluted EPS": 0.58,
        "Total Revenue": 83,
        "Gross Profit": 79,
        "Operating Income": 29,
        "EBIT": NaN,
        "Net Income": 19
    },
    "2016-09-30": {
        "Diluted EPS": 0.57,
        "Total Revenue": 83,
        "Gross Profit": 79,
        "Operating Income": 27,
        "EBIT": NaN,
        "Net Income": 18
    },
    "2016-06-30": {
        "Diluted EPS": 0.55,
        "Total Revenue": 81,
        "Gross Profit": 77,
        "Operating Income": 26,
        "EBIT": NaN,
        "Net Income": 17
    },
    "2016-03-31": {
        "Diluted EPS": 0.53,
        "Total Revenue": 79,
        "Gross Profit": 76,
        "Operating Income": 25,
        "EBIT": NaN,
        "Net Income": 17
    },
    "2015-12-31": {
        "Diluted EPS": 0.5,
        "Total Revenue": 80,
        "Gross Profit": 77,
        "Operating Income": 24,
        "EBIT": NaN,
        "Net Income": 16
    },
    "2015-09-30": {
        "Diluted EPS": 0.49,
        "Total Revenue": 75,
        "Gross Profit": 72,
        "Operating Income": 24,
        "EBIT": NaN,
        "Net Income": 16
    },
    "2015-06-30": {
        "Diluted EPS": 0.59,
        "Total Revenue": 78,
        "Gross Profit": 75,
        "Operating Income": 28,
        "EBIT": NaN,
        "Net Income": 19
    },
    "2015-03-31": {
        "Diluted EPS": 0.52,
        "Total Revenue": 74,
        "Gross Profit": 71,
        "Operating Income": 25,
        "EBIT": NaN,
        "Net Income": 16
    },
    "2014-12-31": {
        "Diluted EPS": 0.5,
        "Total Revenue": 75,
        "Gross Profit": 72,
        "Operating Income": 23,
        "EBIT": NaN,
        "Net Income": 16
    },
    "2014-09-30": {
        "Diluted EPS": 0.6,
        "Total Revenue": 75,
        "Gross Profit": 71,
        "Operating Income": 28,
        "EBIT": NaN,
        "Net Income": 19
    },
    "2014-06-30": {
        "Diluted EPS": 0.46,
        "Total Revenue": 72,
        "Gross Profit": 69,
        "Operating Income": 20,
        "EBIT": NaN,
        "Net Income": 15
    },
    "2014-03-31": {
        "Diluted EPS": 0.47,
        "Total Revenue": 69,
        "Gross Profit": 66,
        "Operating Income": 21,
        "EBIT": NaN,
        "Net Income": 15
    },
    "2013-12-31": {
        "Diluted EPS": 0.44,
        "Total Revenue": 67,
        "Gross Profit": 64,
        "Operating Income": 20,
        "EBIT": NaN,
        "Net Income": 14
    },
    "2013-09-30": {
        "Diluted EPS": 0.47,
        "Total Revenue": 68,
        "Gross Profit": 64,
        "Operating Income": 21,
        "EBIT": NaN,
        "Net Income": 14
    },
    "2013-06-30": {
        "Diluted EPS": 0.41,
        "Total Revenue": 66,
        "Gross Profit": 62,
        "Operating Income": 19,
        "EBIT": NaN,
        "Net Income": 13
    },
    "2013-03-31": {
        "Diluted EPS": 0.43,
        "Total Revenue": 66,
        "Gross Profit": 63,
        "Operating Income": 21,
        "EBIT": NaN,
        "Net Income": 13
    },
    "2012-12-31": {
        "Diluted EPS": 0.4,
        "Total Revenue": 68,
        "Gross Profit": 64,
        "Operating Income": 18,
        "EBIT": NaN,
        "Net Income": 12
    },
    "2012-09-30": {
        "Diluted EPS": 0.45,
        "Total Revenue": 67,
        "Gross Profit": 63,
        "Operating Income": 20,
        "EBIT": NaN,
        "Net Income": 14
    },
    "2012-06-30": {
        "Diluted EPS": 0.38,
        "Total Revenue": 66,
        "Gross Profit": 61,
        "Operating Income": 18,
        "EBIT": NaN,
        "Net Income": 12
    },
    "2012-03-31": {
        "Diluted EPS": 0.46,
        "Total Revenue": 69,
        "Gross Profit": 64,
        "Operating Income": 22,
        "EBIT": NaN,
        "Net Income": 14
    },
    "2011-12-31": {
        "Diluted EPS": 0.38,
        "Total Revenue": 66,
        "Gross Profit": 61,
        "Operating Income": 19,
        "EBIT": NaN,
        "Net Income": 12
    },
    "2011-09-30": {
        "Diluted EPS": 0.41,
        "Total Revenue": 66,
        "Gross Profit": 60,
        "Operating Income": 18,
        "EBIT": NaN,
        "Net Income": 13
    },
    "2011-06-30": {
        "Diluted EPS": 0.33,
        "Total Revenue": 64,
        "Gross Profit": 58,
        "Operating Income": 16,
        "EBIT": NaN,
        "Net Income": 10
    },
    "2011-03-31": {
        "Diluted EPS": 0.36,
        "Total Revenue": 62,
        "Gross Profit": 55,
        "Operating Income": 18,
        "EBIT": NaN,
        "Net Income": 11
    },
    "2010-12-31": {
        "Diluted EPS": 0.32,
        "Total Revenue": 63,
        "Gross Profit": 56,
        "Operating Income": 16,
        "EBIT": NaN,
        "Net Income": 10
    },
    "2010-09-30": {
        "Diluted EPS": 0.38,
        "Total Revenue": 61,
        "Gross Profit": 54,
        "Operating Income": 18,
        "EBIT": NaN,
        "Net Income": 12
    },
    "2010-06-30": {
        "Diluted EPS": 0.36,
        "Total Revenue": 60,
        "Gross Profit": 53,
        "Operating Income": 17,
        "EBIT": NaN,
        "Net Income": 11
    },
    "2010-03-31": {
        "Diluted EPS": 0.3,
        "Total Revenue": 57,
        "Gross Profit": 50,
        "Operating Income": 14,
        "EBIT": NaN,
        "Net Income": 9
    },
    "2009-12-31": {
        "Diluted EPS": 0.32,
        "Total Revenue": 59,
        "Gross Profit": 50,
        "Operating Income": 15,
        "EBIT": NaN,
        "Net Income": 10
    },
    "2009-09-30": {
        "Diluted EPS": 0.3,
        "Total Revenue": 59,
        "Gross Profit": 50,
        "Operating Income": 14,
        "EBIT": NaN,
        "Net Income": 9
    },
    "2009-06-30": {
        "Diluted EPS": 0.2,
        "Total Revenue": 60,
        "Gross Profit": 50,
        "Operating Income": 10,
        "EBIT": NaN,
        "Net Income": 6
    },
    "2009-03-31": {
        "Diluted EPS": 0.23,
        "Total Revenue": 59,
        "Gross Profit": 48,
        "Operating Income": 10,
        "EBIT": NaN,
        "Net Income": 7
    },
    "2023-09-30": {
        "Tax Effect Of Unusual Items": 0.0,
        "Tax Rate For Calcs": 0.218,
        "Total Unusual Items": NaN,
        "Total Unusual Items Excluding Goodwill": NaN,
        "Net Income From Continuing Operation Net Minority Interest": 50988000.0,
        "Reconciled Depreciation": 5570000.0,
        "Net Interest Income": 104308000.0,
        "Interest Expense": NaN,
        "Interest Income": 104308000.0,
        "Normalized Income": 50988000.0,
        "Net Income From Continuing And Discontinued Operation": 50988000.0,
        "Diluted Average Shares": 33539389.0,
        "Basic Average Shares": 32937149.0,
        "Diluted EPS": 1.52,
        "Basic EPS": 1.55,
        "Diluted NI Availto Com Stockholders": 50988000.0,
        "Net Income Common Stockholders": 50988000.0,
        "Net Income": 50988000.0,
        "Net Income Including Noncontrolling Interests": 50988000.0,
        "Net Income Continuous Operations": 50988000.0,
        "Tax Provision": 14242000.0,
        "Pretax Income": 65230000.0,
        "Gain On Sale Of Security": -361000.0,
        "Depreciation Amortization Depletion Income Statement": 5570000.0,
        "Depreciation And Amortization In Income Statement": 5570000.0,
        "Amortization": 885000.0,
        "Amortization Of Intangibles Income Statement": 885000.0,
        "Depreciation Income Statement": 4685000.0,
        "Selling General And Administration": 53653000.0,
        "Selling And Marketing Expense": 2034000.0,
        "General And Administrative Expense": 51619000.0,
        "Other Gand A": NaN,
        "Insurance And Claims": 1419000.0,
        "Salaries And Wages": 50200000.0,
        "Total Revenue": 148757000.0,
        "Operating Revenue": 148757000.0
    }
}