{
    "2023-03-31": {
        "Tax Effect Of Unusual Items": 0.0,
        "Tax Rate For Calcs": 0.258657,
        "Total Unusual Items": 0.0,
        "Total Unusual Items Excluding Goodwill": 0.0,
        "Net Income From Continuing Operation Net Minority Interest": 1384273000.0,
        "Reconciled Depreciation": 161079000.0,
        "Net Interest Income": 3125612000.0,
        "Interest Expense": 1324017000.0,
        "Interest Income": 4449629000.0,
        "Normalized Income": 1384273000.0,
        "Net Income From Continuing And Discontinued Operation": 1384273000.0,
        "Rent Expense Supplemental": 25116000.0,
        "Diluted Average Shares": 79495000.0,
        "Basic Average Shares": 79495000.0,
        "Diluted EPS": 17.413334,
        "Basic EPS": 17.413334,
        "Diluted NI Availto Com Stockholders": 1384273000.0,
        "Net Income Common Stockholders": 1384273000.0,
        "Net Income": 1384273000.0,
        "Minority Interests": -30060000.0,
        "Net Income Including Noncontrolling Interests": 1414333000.0,
        "Net Income Continuous Operations": 1414333000.0,
        "Tax Provision": 493466000.0,
        "Pretax Income": 1907799000.0,
        "Special Income Charges": 0.0,
        "Impairment Of Capital Assets": 0.0,
        "Restructuring And Mergern Acquisition": NaN,
        "Gain On Sale Of Security": 63466000.0,
        "Depreciation Amortization Depletion Income Statement": 161079000.0,
        "Depreciation And Amortization In Income Statement": 161079000.0,
        "Depreciation Income Statement": 161079000.0,
        "Selling General And Administration": 1701515000.0,
        "Selling And Marketing Expense": 135767000.0,
        "General And Administrative Expense": 1565748000.0,
        "Other Gand A": 502324000.0,
        "Insurance And Claims": 8750000.0,
        "Rent And Landing Fees": 25116000.0,
        "Salaries And Wages": 1029558000.0,
        "Total Revenue": 4708341000.0,
        "Operating Revenue": 4708341000.0,
        "Occupancy And Equipment": NaN,
        "Professional Expense And Contract Services Expense": 51878000.0,
        "Other Non Interest Expense": 173672000.0
    },
    "2022-12-31": {
        "Tax Effect Of Unusual Items": NaN,
        "Tax Rate For Calcs": NaN,
        "Total Unusual Items": -81386000.0,
        "Total Unusual Items Excluding Goodwill": -81386000.0,
        "Net Income From Continuing Operation Net Minority Interest": NaN,
        "Reconciled Depreciation": NaN,
        "Net Interest Income": NaN,
        "Interest Expense": NaN,
        "Interest Income": NaN,
        "Normalized Income": NaN,
        "Net Income From Continuing And Discontinued Operation": NaN,
        "Rent Expense Supplemental": NaN,
        "Diluted Average Shares": NaN,
        "Basic Average Shares": NaN,
        "Diluted EPS": NaN,
        "Basic EPS": NaN,
        "Diluted NI Availto Com Stockholders": NaN,
        "Net Income Common Stockholders": NaN,
        "Net Income": NaN,
        "Minority Interests": NaN,
        "Net Income Including Noncontrolling Interests": NaN,
        "Net Income Continuous Operations": NaN,
        "Tax Provision": NaN,
        "Pretax Income": NaN,
        "Special Income Charges": -92382000.0,
        "Impairment Of Capital Assets": NaN,
        "Restructuring And Mergern Acquisition": 70021000.0,
        "Gain On Sale Of Security": NaN,
        "Depreciation Amortization Depletion Income Statement": NaN,
        "Depreciation And Amortization In Income Statement": NaN,
        "Depreciation Income Statement": NaN,
        "Selling General And Administration": NaN,
        "Selling And Marketing Expense": NaN,
        "General And Administrative Expense": NaN,
        "Other Gand A": NaN,
        "Insurance And Claims": NaN,
        "Rent And Landing Fees": NaN,
        "Salaries And Wages": NaN,
        "Total Revenue": NaN,
        "Operating Revenue": NaN,
        "Occupancy And Equipment": 36612000.0,
        "Professional Expense And Contract Services Expense": NaN,
        "Other Non Interest Expense": NaN
    },
    "2022-09-30": {
        "Tax Effect Of Unusual Items": NaN,
        "Tax Rate For Calcs": NaN,
        "Total Unusual Items": -75055000.0,
        "Total Unusual Items Excluding Goodwill": -75055000.0,
        "Net Income From Continuing Operation Net Minority Interest": NaN,
        "Reconciled Depreciation": NaN,
        "Net Interest Income": NaN,
        "Interest Expense": NaN,
        "Interest Income": NaN,
        "Normalized Income": NaN,
        "Net Income From Continuing And Discontinued Operation": NaN,
        "Rent Expense Supplemental": NaN,
        "Diluted Average Shares": NaN,
        "Basic Average Shares": NaN,
        "Diluted EPS": NaN,
        "Basic EPS": NaN,
        "Diluted NI Availto Com Stockholders": NaN,
        "Net Income Common Stockholders": NaN,
        "Net Income": NaN,
        "Minority Interests": NaN,
        "Net Income Including Noncontrolling Interests": NaN,
        "Net Income Continuous Operations": NaN,
        "Tax Provision": NaN,
        "Pretax Income": NaN,
        "Special Income Charges": -75055000.0,
        "Impairment Of Capital Assets": NaN,
        "Restructuring And Mergern Acquisition": 75055000.0,
        "Gain On Sale Of Security": NaN,
        "Depreciation Amortization Depletion Income Statement": NaN,
        "Depreciation And Amortization In Income Statement": NaN,
        "Depreciation Income Statement": NaN,
        "Selling General And Administration": NaN,
        "Selling And Marketing Expense": NaN,
        "General And Administrative Expense": NaN,
        "Other Gand A": NaN,
        "Insurance And Claims": NaN,
        "Rent And Landing Fees": NaN,
        "Salaries And Wages": NaN,
        "Total Revenue": NaN,
        "Operating Revenue": NaN
    },
    "2022-06-30": {
        "Tax Effect Of Unusual Items": -20438558.861847,
        "Tax Rate For Calcs": 0.308521,
        "Total Unusual Items": -66247000.0,
        "Total Unusual Items Excluding Goodwill": -66247000.0,
        "Net Income From Continuing Operation Net Minority Interest": 1121760000.0,
        "Reconciled Depreciation": 168845000.0,
        "Net Interest Income": 2726758000.0,
        "Interest Expense": 747673000.0,
        "Interest Income": 3474431000.0,
        "Normalized Income": 1167568441.138153,
        "Net Income From Continuing And Discontinued Operation": 1121760000.0,
        "Rent Expense Supplemental": 22610000.0,
        "Diluted Average Shares": 79533000.0,
        "Basic Average Shares": 79533000.0,
        "Diluted EPS": 14.369846,
        "Basic EPS": 14.369846,
        "Diluted NI Availto Com Stockholders": 1121760000.0,
        "Net Income Common Stockholders": 1121760000.0,
        "Net Income": 1121760000.0,
        "Minority Interests": -28420000.0,
        "Net Income Including Noncontrolling Interests": 1150180000.0,
        "Net Income Continuous Operations": 1150180000.0,
        "Tax Provision": 513181000.0,
        "Pretax Income": 1663361000.0,
        "Special Income Charges": -66247000.0,
        "Impairment Of Capital Assets": NaN,
        "Restructuring And Mergern Acquisition": 66247000.0,
        "Gain On Sale Of Security": -89396000.0,
        "Depreciation Amortization Depletion Income Statement": 168845000.0,
        "Depreciation And Amortization In Income Statement": 168845000.0,
        "Depreciation Income Statement": NaN,
        "Selling General And Administration": 1611292000.0,
        "Selling And Marketing Expense": 156285000.0,
        "General And Administrative Expense": 1455007000.0,
        "Other Gand A": 451052000.0,
        "Insurance And Claims": 5925000.0,
        "Rent And Landing Fees": 22610000.0,
        "Salaries And Wages": 975420000.0,
        "Total Revenue": 4118490000.0,
        "Operating Revenue": 4118490000.0
    },
    "2021-12-31": {
        "Diluted EPS": 4.89,
        "Total Revenue": NaN,
        "Gross Profit": 953,
        "Operating Income": 628,
        "EBIT": NaN,
        "Net Income": 389
    },
    "2021-09-30": {
        "Diluted EPS": 3.65,
        "Total Revenue": NaN,
        "Gross Profit": 940,
        "Operating Income": 407,
        "EBIT": NaN,
        "Net Income": 291
    },
    "2021-06-30": {
        "Diluted EPS": 2.33,
        "Total Revenue": NaN,
        "Gross Profit": 914,
        "Operating Income": 326,
        "EBIT": NaN,
        "Net Income": 186
    },
    "2021-03-31": {
        "Diluted EPS": 0.72,
        "Total Revenue": NaN,
        "Gross Profit": 959,
        "Operating Income": 99,
        "EBIT": NaN,
        "Net Income": 58
    },
    "2020-12-31": {
        "Diluted EPS": 2.38,
        "Total Revenue": NaN,
        "Gross Profit": NaN,
        "Operating Income": 278,
        "EBIT": NaN,
        "Net Income": 190
    },
    "2020-09-30": {
        "Diluted EPS": 0.38,
        "Total Revenue": NaN,
        "Gross Profit": 949,
        "Operating Income": 68,
        "EBIT": NaN,
        "Net Income": 30
    },
    "2020-06-30": {
        "Diluted EPS": -2.29,
        "Total Revenue": NaN,
        "Gross Profit": 935,
        "Operating Income": -285,
        "EBIT": NaN,
        "Net Income": -182
    },
    "2020-03-31": {
        "Diluted EPS": 0.78,
        "Total Revenue": NaN,
        "Gross Profit": NaN,
        "Operating Income": 107,
        "EBIT": NaN,
        "Net Income": 62
    },
    "2019-12-31": {
        "Diluted EPS": 3.61,
        "Total Revenue": NaN,
        "Gross Profit": NaN,
        "Operating Income": 404,
        "EBIT": NaN,
        "Net Income": 286
    },
    "2019-09-30": {
        "Diluted EPS": 4.11,
        "Total Revenue": NaN,
        "Gross Profit": NaN,
        "Operating Income": 456,
        "EBIT": NaN,
        "Net Income": 328
    },
    "2019-06-30": {
        "Diluted EPS": 4.16,
        "Total Revenue": NaN,
        "Gross Profit": NaN,
        "Operating Income": 464,
        "EBIT": NaN,
        "Net Income": 332
    },
    "2019-03-31": {
        "Diluted EPS": 4.16,
        "Total Revenue": NaN,
        "Gross Profit": NaN,
        "Operating Income": 467,
        "EBIT": NaN,
        "Net Income": 332
    },
    "2018-12-31": {
        "Diluted EPS": 3.54,
        "Total Revenue": 485,
        "Gross Profit": 252,
        "Operating Income": 401,
        "EBIT": NaN,
        "Net Income": 281
    },
    "2018-09-30": {
        "Diluted EPS": 3.87,
        "Total Revenue": NaN,
        "Gross Profit": NaN,
        "Operating Income": 425,
        "EBIT": NaN,
        "Net Income": 308
    },
    "2018-06-30": {
        "Diluted EPS": 3.78,
        "Total Revenue": NaN,
        "Gross Profit": 992,
        "Operating Income": 427,
        "EBIT": NaN,
        "Net Income": 301
    },
    "2018-03-31": {
        "Diluted EPS": 4.03,
        "Total Revenue": NaN,
        "Gross Profit": NaN,
        "Operating Income": 449,
        "EBIT": NaN,
        "Net Income": 321
    },
    "2017-12-31": {
        "Diluted EPS": 7.53,
        "Total Revenue": NaN,
        "Gross Profit": NaN,
        "Operating Income": 433,
        "EBIT": NaN,
        "Net Income": 315
    },
    "2017-09-30": {
        "Diluted EPS": 1.58,
        "Total Revenue": NaN,
        "Gross Profit": NaN,
        "Operating Income": 504,
        "EBIT": NaN,
        "Net Income": 380
    },
    "2017-06-30": {
        "Diluted EPS": 3.02,
        "Total Revenue": NaN,
        "Gross Profit": 978,
        "Operating Income": 393,
        "EBIT": NaN,
        "Net Income": 285
    },
    "2017-03-31": {
        "Diluted EPS": 3.63,
        "Total Revenue": NaN,
        "Gross Profit": 978,
        "Operating Income": 380,
        "EBIT": NaN,
        "Net Income": 274
    },
    "2016-12-31": {
        "Diluted EPS": 3.21,
        "Total Revenue": NaN,
        "Gross Profit": NaN,
        "Operating Income": 348,
        "EBIT": NaN,
        "Net Income": 254
    },
    "2016-09-30": {
        "Diluted EPS": 3.62,
        "Total Revenue": NaN,
        "Gross Profit": 953,
        "Operating Income": 400,
        "EBIT": NaN,
        "Net Income": 289
    },
    "2016-06-30": {
        "Diluted EPS": 3.3,
        "Total Revenue": NaN,
        "Gross Profit": 941,
        "Operating Income": 371,
        "EBIT": NaN,
        "Net Income": 263
    },
    "2016-03-31": {
        "Diluted EPS": 2.94,
        "Total Revenue": NaN,
        "Gross Profit": 879,
        "Operating Income": 348,
        "EBIT": NaN,
        "Net Income": 234
    },
    "2015-09-30": {
        "Diluted EPS": 3.2,
        "Total Revenue": NaN,
        "Gross Profit": 919,
        "Operating Income": 356,
        "EBIT": NaN,
        "Net Income": 255
    },
    "2015-06-30": {
        "Diluted EPS": 3.03,
        "Total Revenue": NaN,
        "Gross Profit": 919,
        "Operating Income": 339,
        "EBIT": NaN,
        "Net Income": 242
    },
    "2015-03-31": {
        "Diluted EPS": 3.35,
        "Total Revenue": NaN,
        "Gross Profit": 975,
        "Operating Income": 379,
        "Net Income": 267
    },
    "2013-12-31": {
        "Diluted EPS": 1.91,
        "Total Revenue": NaN,
        "Gross Profit": NaN,
        "Operating Income": 232,
        "EBIT": NaN,
        "Net Income": 152
    },
    "2013-09-30": {
        "Diluted EPS": 2.25,
        "Total Revenue": 964,
        "Gross Profit": 774,
        "Operating Income": 262,
        "EBIT": NaN,
        "Net Income": 179
    },
    "2013-06-30": {
        "Diluted EPS": 0.68,
        "Total Revenue": 928,
        "Gross Profit": 737,
        "Operating Income": 204,
        "EBIT": NaN,
        "Net Income": 54
    },
    "2013-03-31": {
        "Diluted EPS": 2.28,
        "Total Revenue": 968,
        "Gross Profit": 774,
        "Operating Income": 276,
        "EBIT": NaN,
        "Net Income": 182
    },
    "2012-12-31": {
        "Diluted EPS": 2.51,
        "Total Revenue": NaN,
        "Gross Profit": 894,
        "Operating Income": 238,
        "EBIT": NaN,
        "Net Income": 200
    },
    "2012-09-30": {
        "Diluted EPS": 2.85,
        "Total Revenue": 917,
        "Gross Profit": 734,
        "Operating Income": 271,
        "EBIT": NaN,
        "Net Income": 228
    },
    "2012-06-30": {
        "Diluted EPS": 2.16,
        "Total Revenue": 850,
        "Gross Profit": 684,
        "Operating Income": 235,
        "EBIT": NaN,
        "Net Income": 172
    },
    "2012-03-31": {
        "Diluted EPS": 2.37,
        "Total Revenue": 891,
        "Gross Profit": 738,
        "Operating Income": 240,
        "EBIT": NaN,
        "Net Income": 189
    },
    "2011-12-31": {
        "Diluted EPS": 2.37,
        "Total Revenue": 665,
        "Gross Profit": 520,
        "Operating Income": 181,
        "EBIT": NaN,
        "Net Income": 189
    },
    "2011-09-30": {
        "Diluted EPS": 2.14,
        "Total Revenue": 799,
        "Gross Profit": 663,
        "Operating Income": 241,
        "EBIT": NaN,
        "Net Income": 171
    },
    "2011-06-30": {
        "Diluted EPS": 2.18,
        "Total Revenue": 654,
        "Gross Profit": 523,
        "Operating Income": 168,
        "EBIT": NaN,
        "Net Income": 174
    },
    "2011-03-31": {
        "Diluted EPS": 2.19,
        "Total Revenue": 688,
        "Gross Profit": 567,
        "Operating Income": 239,
        "EBIT": NaN,
        "Net Income": 175
    },
    "2010-12-31": {
        "Diluted EPS": 1.62,
        "Total Revenue": 667,
        "Gross Profit": 529,
        "Operating Income": 37,
        "EBIT": NaN,
        "Net Income": 129
    },
    "2010-09-30": {
        "Diluted EPS": 1.96,
        "Total Revenue": 708,
        "Gross Profit": 605,
        "Operating Income": 335,
        "EBIT": NaN,
        "Net Income": 156
    },
    "2010-06-30": {
        "Diluted EPS": 2.03,
        "Total Revenue": 561,
        "Gross Profit": 476,
        "Operating Income": 234,
        "EBIT": NaN,
        "Net Income": 162
    },
    "2010-03-31": {
        "Diluted EPS": 1.55,
        "Total Revenue": 542,
        "Gross Profit": 454,
        "Operating Income": 198,
        "EBIT": NaN,
        "Net Income": 124
    },
    "2009-12-31": {
        "Diluted EPS": 1.53,
        "Total Revenue": 607,
        "Gross Profit": 306,
        "Operating Income": -326,
        "EBIT": NaN,
        "Net Income": 122
    },
    "2009-09-30": {
        "Diluted EPS": 1.53,
        "Total Revenue": 586,
        "Gross Profit": 586,
        "Operating Income": 586,
        "EBIT": NaN,
        "Net Income": 122
    },
    "2009-06-30": {
        "Diluted EPS": 1.44,
        "Total Revenue": 546,
        "Gross Profit": 546,
        "Operating Income": 306,
        "EBIT": NaN,
        "Net Income": 115
    },
    "2009-03-31": {
        "Diluted EPS": 1.39,
        "Total Revenue": 519,
        "Gross Profit": 399,
        "Operating Income": 151,
        "EBIT": NaN,
        "Net Income": 111
    },
    "2023-06-30": {
        "Tax Effect Of Unusual Items": 0.0,
        "Tax Rate For Calcs": 0.260805,
        "Total Unusual Items": 0.0,
        "Total Unusual Items Excluding Goodwill": 0.0,
        "Net Income From Continuing Operation Net Minority Interest": 1401267000.0,
        "Reconciled Depreciation": 160549000.0,
        "Net Interest Income": 3186664000.0,
        "Interest Expense": 1449090000.0,
        "Interest Income": 4635754000.0,
        "Normalized Income": 1401267000.0,
        "Net Income From Continuing And Discontinued Operation": 1401267000.0,
        "Rent Expense Supplemental": 25282000.0,
        "Diluted Average Shares": 79533000.0,
        "Basic Average Shares": 79533000.0,
        "Diluted EPS": 17.618687,
        "Basic EPS": 17.618687,
        "Diluted NI Availto Com Stockholders": 1401267000.0,
        "Net Income Common Stockholders": 1401267000.0,
        "Net Income": 1401267000.0,
        "Minority Interests": -28550000.0,
        "Net Income Including Noncontrolling Interests": 1429817000.0,
        "Net Income Continuous Operations": 1429817000.0,
        "Tax Provision": 504472000.0,
        "Pretax Income": 1934289000.0,
        "Special Income Charges": 0.0,
        "Impairment Of Capital Assets": 0.0,
        "Restructuring And Mergern Acquisition": NaN,
        "Gain On Sale Of Security": 85274000.0,
        "Depreciation Amortization Depletion Income Statement": 160549000.0,
        "Depreciation And Amortization In Income Statement": 160549000.0,
        "Depreciation Income Statement": NaN,
        "Selling General And Administration": 1772905000.0,
        "Selling And Marketing Expense": 174021000.0,
        "General And Administrative Expense": 1598884000.0,
        "Other Gand A": 513845000.0,
        "Insurance And Claims": 5022000.0,
        "Rent And Landing Fees": 25282000.0,
        "Salaries And Wages": 1054735000.0,
        "Total Revenue": 4910817000.0,
        "Operating Revenue": 4910817000.0,
        "Occupancy And Equipment": 37555000.0,
        "Professional Expense And Contract Services Expense": 94764000.0,
        "Other Non Interest Expense": 113451000.0
    },
    "2023-09-30": {
        "Tax Effect Of Unusual Items": 0.0,
        "Tax Rate For Calcs": 0.265125,
        "Total Unusual Items": NaN,
        "Total Unusual Items Excluding Goodwill": NaN,
        "Net Income From Continuing Operation Net Minority Interest": 1238173000.0,
        "Reconciled Depreciation": 159761000.0,
        "Net Interest Income": 3243579000.0,
        "Interest Expense": 1565058000.0,
        "Interest Income": 4808637000.0,
        "Normalized Income": 1238173000.0,
        "Net Income From Continuing And Discontinued Operation": 1238173000.0,
        "Rent Expense Supplemental": 27754000.0,
        "Diluted Average Shares": 79533000.0,
        "Basic Average Shares": 79533000.0,
        "Diluted EPS": 15.568041,
        "Basic EPS": 15.568041,
        "Diluted NI Availto Com Stockholders": 1238173000.0,
        "Net Income Common Stockholders": 1238173000.0,
        "Net Income": 1238173000.0,
        "Minority Interests": -25397000.0,
        "Net Income Including Noncontrolling Interests": 1263570000.0,
        "Net Income Continuous Operations": 1263570000.0,
        "Tax Provision": 455865000.0,
        "Pretax Income": 1719435000.0,
        "Special Income Charges": NaN,
        "Impairment Of Capital Assets": NaN,
        "Restructuring And Mergern Acquisition": NaN,
        "Gain On Sale Of Security": 92136000.0,
        "Depreciation Amortization Depletion Income Statement": 159761000.0,
        "Depreciation And Amortization In Income Statement": 159761000.0,
        "Depreciation Income Statement": NaN,
        "Selling General And Administration": 1817816000.0,
        "Selling And Marketing Expense": 171902000.0,
        "General And Administrative Expense": 1645914000.0,
        "Other Gand A": 518724000.0,
        "Insurance And Claims": 38034000.0,
        "Rent And Landing Fees": 27754000.0,
        "Salaries And Wages": 1061402000.0,
        "Total Revenue": 4955490000.0,
        "Operating Revenue": 4955490000.0,
        "Occupancy And Equipment": 44084000.0,
        "Professional Expense And Contract Services Expense": 141790000.0,
        "Other Non Interest Expense": 172384000.0
    },
    "2023-12-31": {
        "Tax Effect Of Unusual Items": 0.0,
        "Tax Rate For Calcs": 0.337773,
        "Total Unusual Items": NaN,
        "Total Unusual Items Excluding Goodwill": NaN,
        "Net Income From Continuing Operation Net Minority Interest": 841827000.0,
        "Reconciled Depreciation": 177618000.0,
        "Net Interest Income": 3336037000.0,
        "Interest Expense": 1522358000.0,
        "Interest Income": 4858395000.0,
        "Normalized Income": 841827000.0,
        "Net Income From Continuing And Discontinued Operation": 841827000.0,
        "Rent Expense Supplemental": 47650000.0,
        "Diluted Average Shares": 79496221.0,
        "Basic Average Shares": 79496221.0,
        "Diluted EPS": 10.589522,
        "Basic EPS": 10.589522,
        "Diluted NI Availto Com Stockholders": 841827000.0,
        "Net Income Common Stockholders": 841827000.0,
        "Net Income": 841827000.0,
        "Minority Interests": -10331000.0,
        "Net Income Including Noncontrolling Interests": 852158000.0,
        "Net Income Continuous Operations": 852158000.0,
        "Tax Provision": 434648000.0,
        "Pretax Income": 1286806000.0,
        "Special Income Charges": NaN,
        "Impairment Of Capital Assets": NaN,
        "Restructuring And Mergern Acquisition": NaN,
        "Gain On Sale Of Security": 120844000.0,
        "Depreciation Amortization Depletion Income Statement": 177618000.0,
        "Depreciation And Amortization In Income Statement": 177618000.0,
        "Depreciation Income Statement": NaN,
        "Selling General And Administration": 2132376000.0,
        "Selling And Marketing Expense": 239028000.0,
        "General And Administrative Expense": 1893348000.0,
        "Other Gand A": 721422000.0,
        "Insurance And Claims": 4518000.0,
        "Rent And Landing Fees": 47650000.0,
        "Salaries And Wages": 1119758000.0,
        "Total Revenue": 4935065000.0,
        "Operating Revenue": 4935065000.0,
        "Occupancy And Equipment": NaN,
        "Professional Expense And Contract Services Expense": 22131000.0,
        "Other Non Interest Expense": -61599000.0
    },
    "2024-03-31": {
        "Tax Effect Of Unusual Items": 0.0,
        "Tax Rate For Calcs": 0.255228,
        "Total Unusual Items": 0.0,
        "Total Unusual Items Excluding Goodwill": 0.0,
        "Net Income From Continuing Operation Net Minority Interest": 1511657000.0,
        "Reconciled Depreciation": 175146000.0,
        "Net Interest Income": 3415262000.0,
        "Interest Expense": 1499803000.0,
        "Interest Income": 4915065000.0,
        "Normalized Income": 1511657000.0,
        "Net Income From Continuing And Discontinued Operation": 1511657000.0,
        "Rent Expense Supplemental": 27388000.0,
        "Diluted Average Shares": 79474317.0,
        "Basic Average Shares": 79474317.0,
        "Diluted EPS": 19.020698,
        "Basic EPS": 19.020698,
        "Diluted NI Availto Com Stockholders": 1511657000.0,
        "Net Income Common Stockholders": 1511657000.0,
        "Net Income": 1511657000.0,
        "Minority Interests": -30440000.0,
        "Net Income Including Noncontrolling Interests": 1542097000.0,
        "Net Income Continuous Operations": 1542097000.0,
        "Tax Provision": 528466000.0,
        "Pretax Income": 2070563000.0,
        "Special Income Charges": 0.0,
        "Impairment Of Capital Assets": 0.0,
        "Restructuring And Mergern Acquisition": NaN,
        "Gain On Sale Of Security": 101729000.0,
        "Depreciation Amortization Depletion Income Statement": 175146000.0,
        "Depreciation And Amortization In Income Statement": 175146000.0,
        "Depreciation Income Statement": 175146000.0,
        "Selling General And Administration": 1813308000.0,
        "Selling And Marketing Expense": 124569000.0,
        "General And Administrative Expense": 1688739000.0,
        "Other Gand A": 548538000.0,
        "Insurance And Claims": 5744000.0,
        "Rent And Landing Fees": 27388000.0,
        "Salaries And Wages": 1107069000.0,
        "Total Revenue": 5101819000.0,
        "Operating Revenue": 5101819000.0,
        "Occupancy And Equipment": NaN,
        "Professional Expense And Contract Services Expense": 58992000.0,
        "Other Non Interest Expense": 192559000.0
    }
}