{
    "2023-03-31": {
        "Tax Effect Of Unusual Items": -2377620.0,
        "Tax Rate For Calcs": 0.21,
        "Normalized EBITDA": -9291000.0,
        "Total Unusual Items": -11322000.0,
        "Total Unusual Items Excluding Goodwill": -11322000.0,
        "Net Income From Continuing Operation Net Minority Interest": -26214000.0,
        "Reconciled Depreciation": 1986000.0,
        "Reconciled Cost Of Revenue": 31941000.0,
        "EBITDA": -20613000.0,
        "EBIT": -22599000.0,
        "Net Interest Income": -3556000.0,
        "Interest Expense": 3556000.0,
        "Normalized Income": -17269620.0,
        "Net Income From Continuing And Discontinued Operation": -26214000.0,
        "Total Expenses": 53431000.0,
        "Total Operating Income As Reported": -12032000.0,
        "Diluted Average Shares": 138548599.0,
        "Basic Average Shares": 138548599.0,
        "Diluted EPS": -0.19,
        "Basic EPS": -0.19,
        "Diluted NI Availto Com Stockholders": -26214000.0,
        "Net Income Common Stockholders": -26214000.0,
        "Net Income": -26214000.0,
        "Net Income Including Noncontrolling Interests": -26214000.0,
        "Net Income Continuous Operations": -26214000.0,
        "Tax Provision": 59000.0,
        "Pretax Income": -26155000.0,
        "Other Income Expense": -11322000.0,
        "Other Non Operating Income Expenses": NaN,
        "Special Income Charges": -755000.0,
        "Impairment Of Capital Assets": 0.0,
        "Restructuring And Mergern Acquisition": 755000.0,
        "Gain On Sale Of Security": -10567000.0,
        "Net Non Operating Interest Income Expense": -3556000.0,
        "Interest Expense Non Operating": 3556000.0,
        "Operating Income": -11277000.0,
        "Operating Expense": 21490000.0,
        "Research And Development": 1128000.0,
        "Selling General And Administration": 20362000.0,
        "Gross Profit": 10213000.0,
        "Cost Of Revenue": 31941000.0,
        "Total Revenue": 42154000.0,
        "Operating Revenue": 42154000.0
    },
    "2022-12-31": {
        "Tax Effect Of Unusual Items": NaN,
        "Tax Rate For Calcs": NaN,
        "Normalized EBITDA": NaN,
        "Total Unusual Items": NaN,
        "Total Unusual Items Excluding Goodwill": NaN,
        "Net Income From Continuing Operation Net Minority Interest": NaN,
        "Reconciled Depreciation": NaN,
        "Reconciled Cost Of Revenue": NaN,
        "EBITDA": NaN,
        "EBIT": NaN,
        "Net Interest Income": NaN,
        "Interest Expense": NaN,
        "Normalized Income": NaN,
        "Net Income From Continuing And Discontinued Operation": NaN,
        "Total Expenses": NaN,
        "Total Operating Income As Reported": NaN,
        "Diluted Average Shares": NaN,
        "Basic Average Shares": NaN,
        "Diluted EPS": NaN,
        "Basic EPS": NaN,
        "Diluted NI Availto Com Stockholders": NaN,
        "Net Income Common Stockholders": NaN,
        "Net Income": NaN,
        "Net Income Including Noncontrolling Interests": NaN,
        "Net Income Continuous Operations": NaN,
        "Tax Provision": NaN,
        "Pretax Income": NaN,
        "Other Income Expense": NaN,
        "Other Non Operating Income Expenses": -7000.0,
        "Special Income Charges": NaN,
        "Impairment Of Capital Assets": NaN,
        "Restructuring And Mergern Acquisition": NaN,
        "Gain On Sale Of Security": NaN,
        "Net Non Operating Interest Income Expense": NaN,
        "Interest Expense Non Operating": NaN,
        "Operating Income": NaN,
        "Operating Expense": NaN,
        "Research And Development": NaN,
        "Selling General And Administration": NaN,
        "Gross Profit": NaN,
        "Cost Of Revenue": NaN,
        "Total Revenue": NaN,
        "Operating Revenue": NaN
    },
    "2022-09-30": {
        "Tax Effect Of Unusual Items": NaN,
        "Tax Rate For Calcs": NaN,
        "Normalized EBITDA": NaN,
        "Total Unusual Items": NaN,
        "Total Unusual Items Excluding Goodwill": NaN,
        "Net Income From Continuing Operation Net Minority Interest": NaN,
        "Reconciled Depreciation": NaN,
        "Reconciled Cost Of Revenue": NaN,
        "EBITDA": NaN,
        "EBIT": NaN,
        "Net Interest Income": NaN,
        "Interest Expense": NaN,
        "Normalized Income": NaN,
        "Net Income From Continuing And Discontinued Operation": NaN,
        "Total Expenses": NaN,
        "Total Operating Income As Reported": NaN,
        "Diluted Average Shares": NaN,
        "Basic Average Shares": NaN,
        "Diluted EPS": NaN,
        "Basic EPS": NaN,
        "Diluted NI Availto Com Stockholders": NaN,
        "Net Income Common Stockholders": NaN,
        "Net Income": NaN,
        "Net Income Including Noncontrolling Interests": NaN,
        "Net Income Continuous Operations": NaN,
        "Tax Provision": NaN,
        "Pretax Income": NaN,
        "Other Income Expense": NaN,
        "Other Non Operating Income Expenses": -8000.0,
        "Special Income Charges": NaN,
        "Impairment Of Capital Assets": NaN,
        "Restructuring And Mergern Acquisition": NaN,
        "Gain On Sale Of Security": NaN,
        "Net Non Operating Interest Income Expense": NaN,
        "Interest Expense Non Operating": NaN,
        "Operating Income": NaN,
        "Operating Expense": NaN,
        "Research And Development": NaN,
        "Selling General And Administration": NaN,
        "Gross Profit": NaN,
        "Cost Of Revenue": NaN,
        "Total Revenue": NaN,
        "Operating Revenue": NaN
    },
    "2022-06-30": {
        "Tax Effect Of Unusual Items": -1093259.579981,
        "Tax Rate For Calcs": 0.031024,
        "Normalized EBITDA": -17917000.0,
        "Total Unusual Items": -35239000.0,
        "Total Unusual Items Excluding Goodwill": -35239000.0,
        "Net Income From Continuing Operation Net Minority Interest": -56844000.0,
        "Reconciled Depreciation": 1954000.0,
        "Reconciled Cost Of Revenue": 28023000.0,
        "EBITDA": -53156000.0,
        "EBIT": -55110000.0,
        "Net Interest Income": -3554000.0,
        "Interest Expense": 3554000.0,
        "Normalized Income": -22698259.579981,
        "Net Income From Continuing And Discontinued Operation": -56844000.0,
        "Total Expenses": 57510000.0,
        "Total Operating Income As Reported": -55335000.0,
        "Diluted Average Shares": 126223903.0,
        "Basic Average Shares": 126223903.0,
        "Diluted EPS": -0.45,
        "Basic EPS": -0.45,
        "Diluted NI Availto Com Stockholders": -56844000.0,
        "Net Income Common Stockholders": -56844000.0,
        "Net Income": -56844000.0,
        "Net Income Including Noncontrolling Interests": -56844000.0,
        "Net Income Continuous Operations": -56844000.0,
        "Tax Provision": -1820000.0,
        "Pretax Income": -58664000.0,
        "Other Income Expense": -35213000.0,
        "Other Non Operating Income Expenses": 26000.0,
        "Special Income Charges": -35438000.0,
        "Impairment Of Capital Assets": 35252000.0,
        "Restructuring And Mergern Acquisition": 186000.0,
        "Gain On Sale Of Security": 199000.0,
        "Net Non Operating Interest Income Expense": -3554000.0,
        "Interest Expense Non Operating": 3554000.0,
        "Operating Income": -19897000.0,
        "Operating Expense": 29487000.0,
        "Research And Development": 2535000.0,
        "Selling General And Administration": 26952000.0,
        "Gross Profit": 9590000.0,
        "Cost Of Revenue": 28023000.0,
        "Total Revenue": 37613000.0,
        "Operating Revenue": 37613000.0
    },
    "2022-03-31": {
        "Diluted EPS": -0.14,
        "Total Revenue": 36,
        "Gross Profit": 10,
        "Operating Income": -16,
        "EBIT": -14,
        "Net Income": -19
    },
    "2021-12-31": {
        "Diluted EPS": -1.07,
        "Total Revenue": 33,
        "Gross Profit": 4,
        "Operating Income": -72,
        "EBIT": -70,
        "Net Income": -115
    },
    "2021-09-30": {
        "Diluted EPS": -0.03,
        "Total Revenue": 40,
        "Gross Profit": 11,
        "Operating Income": -3,
        "EBIT": -1,
        "Net Income": -3
    },
    "2021-06-30": {
        "Diluted EPS": -0.03,
        "Total Revenue": 36,
        "Gross Profit": 9,
        "Operating Income": -3,
        "EBIT": -1,
        "Net Income": -3
    },
    "2021-03-31": {
        "Diluted EPS": -0.02,
        "Total Revenue": 36,
        "Gross Profit": 10,
        "Operating Income": -1,
        "EBIT": 1,
        "Net Income": -2
    },
    "2020-12-31": {
        "Diluted EPS": 0.0,
        "Total Revenue": NaN,
        "Gross Profit": NaN,
        "Operating Income": NaN,
        "EBIT": NaN,
        "Net Income": NaN
    },
    "2019-12-31": {
        "Diluted EPS": 0.0,
        "Total Revenue": NaN,
        "Gross Profit": NaN,
        "Operating Income": NaN,
        "EBIT": NaN,
        "Net Income": NaN
    },
    "2023-06-30": {
        "Tax Effect Of Unusual Items": -558.527636,
        "Tax Rate For Calcs": 0.000178,
        "Normalized EBITDA": -8213000.0,
        "Total Unusual Items": -3146000.0,
        "Total Unusual Items Excluding Goodwill": -3146000.0,
        "Net Income From Continuing Operation Net Minority Interest": -16895000.0,
        "Reconciled Depreciation": 1979000.0,
        "Reconciled Cost Of Revenue": 29496000.0,
        "EBITDA": -11359000.0,
        "EBIT": -13338000.0,
        "Net Interest Income": -3560000.0,
        "Interest Expense": 3560000.0,
        "Normalized Income": -13749558.527636,
        "Net Income From Continuing And Discontinued Operation": -16895000.0,
        "Total Expenses": 48651000.0,
        "Total Operating Income As Reported": -10217000.0,
        "Diluted Average Shares": 145469043.0,
        "Basic Average Shares": 145469043.0,
        "Diluted EPS": -0.12,
        "Basic EPS": -0.12,
        "Diluted NI Availto Com Stockholders": -16895000.0,
        "Net Income Common Stockholders": -16895000.0,
        "Net Income": -16895000.0,
        "Net Income Including Noncontrolling Interests": -16895000.0,
        "Net Income Continuous Operations": -16895000.0,
        "Tax Provision": -3000.0,
        "Pretax Income": -16898000.0,
        "Other Income Expense": -3146000.0,
        "Other Non Operating Income Expenses": NaN,
        "Special Income Charges": -25000.0,
        "Impairment Of Capital Assets": 0.0,
        "Restructuring And Mergern Acquisition": 25000.0,
        "Gain On Sale Of Security": -3121000.0,
        "Net Non Operating Interest Income Expense": -3560000.0,
        "Interest Expense Non Operating": 3560000.0,
        "Operating Income": -10192000.0,
        "Operating Expense": 19155000.0,
        "Research And Development": 2225000.0,
        "Selling General And Administration": 16930000.0,
        "Gross Profit": 8963000.0,
        "Cost Of Revenue": 29496000.0,
        "Total Revenue": 38459000.0,
        "Operating Revenue": 38459000.0
    },
    "2023-09-30": {
        "Tax Effect Of Unusual Items": 2986620.0,
        "Tax Rate For Calcs": 0.21,
        "Normalized EBITDA": -4717000.0,
        "Total Unusual Items": 14222000.0,
        "Total Unusual Items Excluding Goodwill": 14222000.0,
        "Net Income From Continuing Operation Net Minority Interest": 3999000.0,
        "Reconciled Depreciation": 1971000.0,
        "Reconciled Cost Of Revenue": 25579000.0,
        "EBITDA": 9505000.0,
        "EBIT": 7534000.0,
        "Net Interest Income": -3540000.0,
        "Interest Expense": 3540000.0,
        "Normalized Income": -7236380.0,
        "Net Income From Continuing And Discontinued Operation": 3999000.0,
        "Total Expenses": 40763000.0,
        "Total Operating Income As Reported": -8212000.0,
        "Diluted Average Shares": 157894001.0,
        "Basic Average Shares": 155830775.0,
        "Diluted EPS": 0.03,
        "Basic EPS": 0.03,
        "Diluted NI Availto Com Stockholders": 3999000.0,
        "Net Income Common Stockholders": 3999000.0,
        "Net Income": 3999000.0,
        "Net Income Including Noncontrolling Interests": 3999000.0,
        "Net Income Continuous Operations": 3999000.0,
        "Tax Provision": -5000.0,
        "Pretax Income": 3994000.0,
        "Other Income Expense": 14309000.0,
        "Other Non Operating Income Expenses": 87000.0,
        "Special Income Charges": -1437000.0,
        "Impairment Of Capital Assets": 0.0,
        "Restructuring And Mergern Acquisition": 1437000.0,
        "Gain On Sale Of Security": 15659000.0,
        "Net Non Operating Interest Income Expense": -3540000.0,
        "Interest Expense Non Operating": 3540000.0,
        "Operating Income": -6775000.0,
        "Operating Expense": 15184000.0,
        "Research And Development": -349000.0,
        "Selling General And Administration": 15533000.0,
        "Gross Profit": 8409000.0,
        "Cost Of Revenue": 25579000.0,
        "Total Revenue": 33988000.0,
        "Operating Revenue": 33988000.0
    },
    "2023-12-31": {
        "Tax Effect Of Unusual Items": -2251410.0,
        "Tax Rate For Calcs": 0.21,
        "Normalized EBITDA": -4976000.0,
        "Total Unusual Items": -10721000.0,
        "Total Unusual Items Excluding Goodwill": -10721000.0,
        "Net Income From Continuing Operation Net Minority Interest": -21256000.0,
        "Reconciled Depreciation": 1965000.0,
        "Reconciled Cost Of Revenue": 27547000.0,
        "EBITDA": -15697000.0,
        "EBIT": -17662000.0,
        "Net Interest Income": -3544000.0,
        "Interest Expense": 3544000.0,
        "Normalized Income": -12786410.0,
        "Net Income From Continuing And Discontinued Operation": -21256000.0,
        "Total Expenses": 47810000.0,
        "Total Operating Income As Reported": -8573000.0,
        "Diluted Average Shares": 156818532.0,
        "Basic Average Shares": 156818532.0,
        "Diluted EPS": -0.14,
        "Basic EPS": -0.14,
        "Diluted NI Availto Com Stockholders": -21256000.0,
        "Net Income Common Stockholders": -21256000.0,
        "Net Income": -21256000.0,
        "Net Income Including Noncontrolling Interests": -21256000.0,
        "Net Income Continuous Operations": -21256000.0,
        "Tax Provision": 50000.0,
        "Pretax Income": -21206000.0,
        "Other Income Expense": -10415000.0,
        "Other Non Operating Income Expenses": 306000.0,
        "Special Income Charges": -1326000.0,
        "Impairment Of Capital Assets": 0.0,
        "Restructuring And Mergern Acquisition": 1326000.0,
        "Gain On Sale Of Security": -9395000.0,
        "Net Non Operating Interest Income Expense": -3544000.0,
        "Interest Expense Non Operating": 3544000.0,
        "Operating Income": -7247000.0,
        "Operating Expense": 20263000.0,
        "Research And Development": 2031000.0,
        "Selling General And Administration": 18232000.0,
        "Gross Profit": 13016000.0,
        "Cost Of Revenue": 27547000.0,
        "Total Revenue": 40563000.0,
        "Operating Revenue": 40563000.0
    },
    "2024-03-31": {
        "Tax Effect Of Unusual Items": -12410.974665,
        "Tax Rate For Calcs": 0.000112,
        "Normalized EBITDA": -8212000.0,
        "Total Unusual Items": -110955000.0,
        "Total Unusual Items Excluding Goodwill": -110955000.0,
        "Net Income From Continuing Operation Net Minority Interest": -125147000.0,
        "Reconciled Depreciation": 2439000.0,
        "Reconciled Cost Of Revenue": 26135000.0,
        "EBITDA": -119167000.0,
        "EBIT": -121606000.0,
        "Net Interest Income": -3555000.0,
        "Interest Expense": 3555000.0,
        "Normalized Income": -14204410.974665,
        "Net Income From Continuing And Discontinued Operation": -125147000.0,
        "Total Expenses": 44227000.0,
        "Total Operating Income As Reported": -98069000.0,
        "Diluted Average Shares": 187279204.0,
        "Basic Average Shares": 187279204.0,
        "Diluted EPS": -0.67,
        "Basic EPS": -0.67,
        "Diluted NI Availto Com Stockholders": -125147000.0,
        "Net Income Common Stockholders": -125147000.0,
        "Net Income": -125147000.0,
        "Net Income Including Noncontrolling Interests": -125147000.0,
        "Net Income Continuous Operations": -125147000.0,
        "Tax Provision": -14000.0,
        "Pretax Income": -125161000.0,
        "Other Income Expense": -110500000.0,
        "Other Non Operating Income Expenses": 455000.0,
        "Special Income Charges": -86963000.0,
        "Impairment Of Capital Assets": 85000000.0,
        "Restructuring And Mergern Acquisition": 1963000.0,
        "Gain On Sale Of Security": -23992000.0,
        "Net Non Operating Interest Income Expense": -3555000.0,
        "Interest Expense Non Operating": 3555000.0,
        "Operating Income": -11106000.0,
        "Operating Expense": 18092000.0,
        "Research And Development": 1144000.0,
        "Selling General And Administration": 16948000.0,
        "Gross Profit": 6986000.0,
        "Cost Of Revenue": 26135000.0,
        "Total Revenue": 33121000.0,
        "Operating Revenue": 33121000.0
    },
    "2024-06-30": {
        "Tax Effect Of Unusual Items": 1486380.0,
        "Tax Rate For Calcs": 0.21,
        "Normalized EBITDA": -12342000.0,
        "Total Unusual Items": 7078000.0,
        "Total Unusual Items Excluding Goodwill": 7078000.0,
        "Net Income From Continuing Operation Net Minority Interest": -11737000.0,
        "Reconciled Depreciation": 2907000.0,
        "Reconciled Cost Of Revenue": 28720000.0,
        "EBITDA": -5264000.0,
        "EBIT": -8171000.0,
        "Net Interest Income": -3551000.0,
        "Interest Expense": 3551000.0,
        "Normalized Income": -17328620.0,
        "Net Income From Continuing And Discontinued Operation": -11737000.0,
        "Total Expenses": 55649000.0,
        "Total Operating Income As Reported": -16670000.0,
        "Diluted Average Shares": 246303139.0,
        "Basic Average Shares": 246303139.0,
        "Diluted EPS": -0.05,
        "Basic EPS": -0.05,
        "Diluted NI Availto Com Stockholders": -11737000.0,
        "Net Income Common Stockholders": -11737000.0,
        "Net Income": -11737000.0,
        "Net Income Including Noncontrolling Interests": -11737000.0,
        "Net Income Continuous Operations": -11737000.0,
        "Tax Provision": 15000.0,
        "Pretax Income": -11722000.0,
        "Other Income Expense": 7695000.0,
        "Other Non Operating Income Expenses": 617000.0,
        "Special Income Charges": -804000.0,
        "Impairment Of Capital Assets": 0.0,
        "Restructuring And Mergern Acquisition": 804000.0,
        "Gain On Sale Of Security": 7882000.0,
        "Net Non Operating Interest Income Expense": -3551000.0,
        "Interest Expense Non Operating": 3551000.0,
        "Operating Income": -15866000.0,
        "Operating Expense": 26929000.0,
        "Research And Development": 3565000.0,
        "Selling General And Administration": 23364000.0,
        "Gross Profit": 11063000.0,
        "Cost Of Revenue": 28720000.0,
        "Total Revenue": 39783000.0,
        "Operating Revenue": 39783000.0
    }
}