{
    "2023-03-31": {
        "Tax Effect Of Unusual Items": NaN,
        "Tax Rate For Calcs": NaN,
        "Total Unusual Items": NaN,
        "Total Unusual Items Excluding Goodwill": NaN,
        "Net Income From Continuing Operation Net Minority Interest": NaN,
        "Reconciled Depreciation": NaN,
        "Net Interest Income": NaN,
        "Interest Expense": NaN,
        "Interest Income": NaN,
        "Normalized Income": NaN,
        "Net Income From Continuing And Discontinued Operation": NaN,
        "Rent Expense Supplemental": NaN,
        "Diluted Average Shares": NaN,
        "Basic Average Shares": NaN,
        "Diluted EPS": NaN,
        "Basic EPS": NaN,
        "Diluted NI Availto Com Stockholders": NaN,
        "Net Income Common Stockholders": NaN,
        "Net Income": NaN,
        "Minority Interests": NaN,
        "Net Income Including Noncontrolling Interests": NaN,
        "Net Income Continuous Operations": NaN,
        "Tax Provision": NaN,
        "Pretax Income": NaN,
        "Special Income Charges": NaN,
        "Gain On Sale Of Business": NaN,
        "Other Special Charges": 275397000.0,
        "Write Off": NaN,
        "Restructuring And Mergern Acquisition": 0.0,
        "Gain On Sale Of Security": NaN,
        "Depreciation Amortization Depletion Income Statement": NaN,
        "Depreciation And Amortization In Income Statement": NaN,
        "Amortization": 330293000.0,
        "Amortization Of Intangibles Income Statement": 330293000.0,
        "Depreciation Income Statement": 2490028000.0,
        "Selling General And Administration": NaN,
        "Selling And Marketing Expense": NaN,
        "General And Administrative Expense": NaN,
        "Other Gand A": NaN,
        "Insurance And Claims": NaN,
        "Rent And Landing Fees": NaN,
        "Salaries And Wages": NaN,
        "Total Revenue": NaN,
        "Operating Revenue": NaN,
        "Other Non Interest Expense": NaN
    },
    "2022-12-31": {
        "Tax Effect Of Unusual Items": NaN,
        "Tax Rate For Calcs": NaN,
        "Total Unusual Items": NaN,
        "Total Unusual Items Excluding Goodwill": NaN,
        "Net Income From Continuing Operation Net Minority Interest": NaN,
        "Reconciled Depreciation": NaN,
        "Net Interest Income": NaN,
        "Interest Expense": NaN,
        "Interest Income": NaN,
        "Normalized Income": NaN,
        "Net Income From Continuing And Discontinued Operation": NaN,
        "Rent Expense Supplemental": NaN,
        "Diluted Average Shares": NaN,
        "Basic Average Shares": NaN,
        "Diluted EPS": NaN,
        "Basic EPS": NaN,
        "Diluted NI Availto Com Stockholders": NaN,
        "Net Income Common Stockholders": NaN,
        "Net Income": NaN,
        "Minority Interests": NaN,
        "Net Income Including Noncontrolling Interests": NaN,
        "Net Income Continuous Operations": NaN,
        "Tax Provision": NaN,
        "Pretax Income": NaN,
        "Special Income Charges": NaN,
        "Gain On Sale Of Business": NaN,
        "Other Special Charges": 1092566000.0,
        "Write Off": NaN,
        "Restructuring And Mergern Acquisition": 479704000.0,
        "Gain On Sale Of Security": NaN,
        "Depreciation Amortization Depletion Income Statement": NaN,
        "Depreciation And Amortization In Income Statement": NaN,
        "Amortization": 308031000.0,
        "Amortization Of Intangibles Income Statement": 308031000.0,
        "Depreciation Income Statement": 3462375000.0,
        "Selling General And Administration": NaN,
        "Selling And Marketing Expense": NaN,
        "General And Administrative Expense": NaN,
        "Other Gand A": NaN,
        "Insurance And Claims": NaN,
        "Rent And Landing Fees": NaN,
        "Salaries And Wages": NaN,
        "Total Revenue": NaN,
        "Operating Revenue": NaN,
        "Other Non Interest Expense": NaN
    },
    "2022-09-30": {
        "Tax Effect Of Unusual Items": NaN,
        "Tax Rate For Calcs": NaN,
        "Total Unusual Items": NaN,
        "Total Unusual Items Excluding Goodwill": NaN,
        "Net Income From Continuing Operation Net Minority Interest": NaN,
        "Reconciled Depreciation": NaN,
        "Net Interest Income": NaN,
        "Interest Expense": NaN,
        "Interest Income": NaN,
        "Normalized Income": NaN,
        "Net Income From Continuing And Discontinued Operation": NaN,
        "Rent Expense Supplemental": NaN,
        "Diluted Average Shares": NaN,
        "Basic Average Shares": NaN,
        "Diluted EPS": NaN,
        "Basic EPS": NaN,
        "Diluted NI Availto Com Stockholders": NaN,
        "Net Income Common Stockholders": NaN,
        "Net Income": NaN,
        "Minority Interests": NaN,
        "Net Income Including Noncontrolling Interests": NaN,
        "Net Income Continuous Operations": NaN,
        "Tax Provision": NaN,
        "Pretax Income": NaN,
        "Special Income Charges": NaN,
        "Gain On Sale Of Business": NaN,
        "Other Special Charges": -926449000.0,
        "Write Off": -242575000.0,
        "Restructuring And Mergern Acquisition": 643590000.0,
        "Gain On Sale Of Security": NaN,
        "Depreciation Amortization Depletion Income Statement": NaN,
        "Depreciation And Amortization In Income Statement": NaN,
        "Amortization": 139154000.0,
        "Amortization Of Intangibles Income Statement": 139154000.0,
        "Depreciation Income Statement": NaN,
        "Selling General And Administration": NaN,
        "Selling And Marketing Expense": NaN,
        "General And Administrative Expense": NaN,
        "Other Gand A": NaN,
        "Insurance And Claims": NaN,
        "Rent And Landing Fees": NaN,
        "Salaries And Wages": NaN,
        "Total Revenue": NaN,
        "Operating Revenue": NaN
    },
    "2022-06-30": {
        "Tax Effect Of Unusual Items": -320040400.0,
        "Tax Rate For Calcs": 0.4,
        "Total Unusual Items": -800101000.0,
        "Total Unusual Items Excluding Goodwill": -800101000.0,
        "Net Income From Continuing Operation Net Minority Interest": 16014143000.0,
        "Reconciled Depreciation": 1945728000.0,
        "Net Interest Income": 54275334000.0,
        "Interest Expense": 45420616000.0,
        "Interest Income": 99695950000.0,
        "Normalized Income": 16494203600.0,
        "Net Income From Continuing And Discontinued Operation": 16014143000.0,
        "Rent Expense Supplemental": 2190762000.0,
        "Diluted Average Shares": 204236667.0,
        "Basic Average Shares": 204236667.0,
        "Diluted EPS": 169.02,
        "Basic EPS": 169.02,
        "Diluted NI Availto Com Stockholders": 16014143000.0,
        "Net Income Common Stockholders": 16014143000.0,
        "Net Income": 16014143000.0,
        "Minority Interests": 126886000.0,
        "Net Income Including Noncontrolling Interests": 15887257000.0,
        "Net Income Continuous Operations": 15887257000.0,
        "Tax Provision": -7455252000.0,
        "Pretax Income": 8432005000.0,
        "Special Income Charges": -800101000.0,
        "Other Special Charges": 206151000.0,
        "Write Off": -567232000.0,
        "Restructuring And Mergern Acquisition": 1161182000.0,
        "Gain On Sale Of Security": 1247431000.0,
        "Depreciation Amortization Depletion Income Statement": 1665565000.0,
        "Depreciation And Amortization In Income Statement": 1665565000.0,
        "Amortization": 85537000.0,
        "Amortization Of Intangibles Income Statement": 85537000.0,
        "Depreciation Income Statement": 1580028000.0,
        "Selling General And Administration": 21085678000.0,
        "Selling And Marketing Expense": 601563000.0,
        "General And Administrative Expense": 20484115000.0,
        "Other Gand A": 5086508000.0,
        "Insurance And Claims": 472308000.0,
        "Rent And Landing Fees": 2190762000.0,
        "Salaries And Wages": 12734537000.0,
        "Total Revenue": 68482761000.0,
        "Operating Revenue": 68482761000.0
    },
    "2022-03-31": {
        "Diluted EPS": 0.19,
        "Total Revenue": 571,
        "Gross Profit": 291,
        "Operating Income": 54,
        "EBIT": NaN,
        "Net Income": 39
    },
    "2021-12-31": {
        "Diluted EPS": 0.02,
        "Total Revenue": 903,
        "Gross Profit": 555,
        "Operating Income": -91,
        "EBIT": NaN,
        "Net Income": -47
    },
    "2021-09-30": {
        "Diluted EPS": 0.17,
        "Total Revenue": 637,
        "Gross Profit": 401,
        "Operating Income": 76,
        "EBIT": NaN,
        "Net Income": 35
    },
    "2021-06-30": {
        "Diluted EPS": 0.13,
        "Total Revenue": 535,
        "Gross Profit": 330,
        "Operating Income": 161,
        "EBIT": NaN,
        "Net Income": 77
    },
    "2021-03-31": {
        "Diluted EPS": 0.17,
        "Total Revenue": 470,
        "Gross Profit": 299,
        "Operating Income": 114,
        "EBIT": NaN,
        "Net Income": 34
    },
    "2020-12-31": {
        "Diluted EPS": 0.08,
        "Total Revenue": 900,
        "Gross Profit": 670,
        "Operating Income": 236,
        "EBIT": NaN,
        "Net Income": 17
    },
    "2020-09-30": {
        "Diluted EPS": 0.19,
        "Total Revenue": 380,
        "Gross Profit": 251,
        "Operating Income": 55,
        "EBIT": NaN,
        "Net Income": 39
    },
    "2020-06-30": {
        "Diluted EPS": 0.18,
        "Total Revenue": 392,
        "Gross Profit": 296,
        "Operating Income": 141,
        "EBIT": NaN,
        "Net Income": 37
    },
    "2020-03-31": {
        "Diluted EPS": 0.25,
        "Total Revenue": 404,
        "Gross Profit": 270,
        "Operating Income": 86,
        "EBIT": NaN,
        "Net Income": 50
    },
    "2019-12-31": {
        "Diluted EPS": -0.96,
        "Total Revenue": 975,
        "Gross Profit": 651,
        "Operating Income": 342,
        "EBIT": NaN,
        "Net Income": -195
    },
    "2019-09-30": {
        "Diluted EPS": 1.07,
        "Total Revenue": 610,
        "Gross Profit": 378,
        "Operating Income": 214,
        "EBIT": NaN,
        "Net Income": 218
    },
    "2019-06-30": {
        "Diluted EPS": 0.76,
        "Total Revenue": 624,
        "Gross Profit": 396,
        "Operating Income": 207,
        "EBIT": NaN,
        "Net Income": 155
    },
    "2019-03-31": {
        "Diluted EPS": 0.76,
        "Total Revenue": 577,
        "Gross Profit": 355,
        "Operating Income": 215,
        "EBIT": NaN,
        "Net Income": 154
    },
    "2018-12-31": {
        "Diluted EPS": -1.57,
        "Total Revenue": 889,
        "Gross Profit": 489,
        "Operating Income": 111,
        "EBIT": NaN,
        "Net Income": -320
    },
    "2018-09-30": {
        "Diluted EPS": 0.47,
        "Total Revenue": 496,
        "Gross Profit": 312,
        "Operating Income": 134,
        "EBIT": NaN,
        "Net Income": 96
    },
    "2018-06-30": {
        "Diluted EPS": 0.45,
        "Total Revenue": 426,
        "Gross Profit": 274,
        "Operating Income": 196,
        "EBIT": NaN,
        "Net Income": 92
    },
    "2018-03-31": {
        "Diluted EPS": 0.39,
        "Total Revenue": 455,
        "Gross Profit": 312,
        "Operating Income": 113,
        "EBIT": NaN,
        "Net Income": 79
    },
    "2017-12-31": {
        "Diluted EPS": 0.43,
        "Total Revenue": 590,
        "Gross Profit": 386,
        "Operating Income": 193,
        "EBIT": NaN,
        "Net Income": 84
    },
    "2017-09-30": {
        "Diluted EPS": 0.32,
        "Total Revenue": 374,
        "Gross Profit": 267,
        "Operating Income": 115,
        "EBIT": NaN,
        "Net Income": 66
    },
    "2017-06-30": {
        "Diluted EPS": -0.1,
        "Total Revenue": 446,
        "Gross Profit": 332,
        "Operating Income": 14,
        "EBIT": NaN,
        "Net Income": -18
    },
    "2017-03-31": {
        "Diluted EPS": 0.57,
        "Total Revenue": 416,
        "Gross Profit": 278,
        "Operating Income": 69,
        "EBIT": NaN,
        "Net Income": 103
    },
    "2016-12-31": {
        "Diluted EPS": 0.2,
        "Total Revenue": 432,
        "Gross Profit": 337,
        "Operating Income": 75,
        "EBIT": NaN,
        "Net Income": 35
    },
    "2016-09-30": {
        "Diluted EPS": 0.35,
        "Total Revenue": 455,
        "Gross Profit": 305,
        "Operating Income": 104,
        "EBIT": NaN,
        "Net Income": 63
    },
    "2016-06-30": {
        "Diluted EPS": 0.38,
        "Total Revenue": 510,
        "Gross Profit": 342,
        "Operating Income": 133,
        "EBIT": NaN,
        "Net Income": 68
    },
    "2016-03-31": {
        "Diluted EPS": 0.45,
        "Total Revenue": 431,
        "Gross Profit": 268,
        "Operating Income": 103,
        "EBIT": NaN,
        "Net Income": 81
    },
    "2015-12-31": {
        "Diluted EPS": 0.68,
        "Total Revenue": 605,
        "Gross Profit": 426,
        "Operating Income": 202,
        "EBIT": NaN,
        "Net Income": 122
    },
    "2015-09-30": {
        "Diluted EPS": 0.6,
        "Total Revenue": 560,
        "Gross Profit": 400,
        "Operating Income": 171,
        "EBIT": NaN,
        "Net Income": 108
    },
    "2015-06-30": {
        "Diluted EPS": 0.42,
        "Total Revenue": 499,
        "Gross Profit": 349,
        "Operating Income": 129,
        "EBIT": NaN,
        "Net Income": 75
    },
    "2015-03-31": {
        "Diluted EPS": 0.6,
        "Total Revenue": 538,
        "Gross Profit": 400,
        "Operating Income": 168,
        "EBIT": NaN,
        "Net Income": 107
    },
    "2014-12-31": {
        "Diluted EPS": 0.51,
        "Total Revenue": 486,
        "Gross Profit": 354,
        "Operating Income": 127,
        "EBIT": NaN,
        "Net Income": 90
    },
    "2014-09-30": {
        "Diluted EPS": 0.42,
        "Total Revenue": 498,
        "Gross Profit": 356,
        "Operating Income": 121,
        "EBIT": NaN,
        "Net Income": 76
    },
    "2014-06-30": {
        "Diluted EPS": 0.28,
        "Total Revenue": 468,
        "Gross Profit": 308,
        "Operating Income": 99,
        "EBIT": NaN,
        "Net Income": 50
    },
    "2014-03-31": {
        "Diluted EPS": 1.01,
        "Total Revenue": 608,
        "Gross Profit": 457,
        "Operating Income": 245,
        "EBIT": NaN,
        "Net Income": 181
    },
    "2013-12-31": {
        "Diluted EPS": 0.86,
        "Total Revenue": 564,
        "Gross Profit": 413,
        "Operating Income": 190,
        "EBIT": NaN,
        "Net Income": 154
    },
    "2013-09-30": {
        "Diluted EPS": 0.57,
        "Total Revenue": 518,
        "Gross Profit": 390,
        "Operating Income": 157,
        "EBIT": NaN,
        "Net Income": 101
    },
    "2013-06-30": {
        "Diluted EPS": 0.27,
        "Total Revenue": 439,
        "Gross Profit": 330,
        "Operating Income": 103,
        "EBIT": NaN,
        "Net Income": 49
    },
    "2013-03-31": {
        "Diluted EPS": 0.38,
        "Total Revenue": 457,
        "Gross Profit": 354,
        "Operating Income": 127,
        "EBIT": NaN,
        "Net Income": 69
    },
    "2012-12-31": {
        "Diluted EPS": 0.32,
        "Total Revenue": 448,
        "Gross Profit": 347,
        "Operating Income": 118,
        "EBIT": NaN,
        "Net Income": 58
    },
    "2012-09-30": {
        "Diluted EPS": 0.51,
        "Total Revenue": 436,
        "Gross Profit": 342,
        "Operating Income": 137,
        "EBIT": NaN,
        "Net Income": 91
    },
    "2012-06-30": {
        "Diluted EPS": 0.41,
        "Total Revenue": 391,
        "Gross Profit": 309,
        "Operating Income": 124,
        "EBIT": NaN,
        "Net Income": 75
    },
    "2012-03-31": {
        "Diluted EPS": 0.31,
        "Total Revenue": 395,
        "Gross Profit": 293,
        "Operating Income": 103,
        "EBIT": NaN,
        "Net Income": 56
    },
    "2011-12-31": {
        "Diluted EPS": 0.66,
        "Total Revenue": 394,
        "Gross Profit": 296,
        "Operating Income": 107,
        "EBIT": NaN,
        "Net Income": 119
    },
    "2011-09-30": {
        "Diluted EPS": 0.16,
        "Total Revenue": 283,
        "Gross Profit": 216,
        "Operating Income": 51,
        "EBIT": NaN,
        "Net Income": 28
    },
    "2011-06-30": {
        "Diluted EPS": 0.27,
        "Total Revenue": 296,
        "Gross Profit": 239,
        "Operating Income": 98,
        "EBIT": NaN,
        "Net Income": 48
    },
    "2011-03-31": {
        "Diluted EPS": 0.27,
        "Total Revenue": 302,
        "Gross Profit": 250,
        "Operating Income": 91,
        "EBIT": NaN,
        "Net Income": 49
    },
    "2010-12-31": {
        "Diluted EPS": 0.57,
        "Total Revenue": 415,
        "Gross Profit": 369,
        "Operating Income": 204,
        "EBIT": NaN,
        "Net Income": 102
    },
    "2010-09-30": {
        "Diluted EPS": 0.62,
        "Total Revenue": 351,
        "Gross Profit": 308,
        "Operating Income": 142,
        "EBIT": NaN,
        "Net Income": 111
    },
    "2010-06-30": {
        "Diluted EPS": 0.29,
        "Total Revenue": 221,
        "Gross Profit": 183,
        "Operating Income": 51,
        "EBIT": NaN,
        "Net Income": 52
    },
    "2010-03-31": {
        "Diluted EPS": 0.24,
        "Total Revenue": 274,
        "Gross Profit": 236,
        "Operating Income": 92,
        "EBIT": NaN,
        "Net Income": 42
    },
    "2009-12-31": {
        "Diluted EPS": 0.54,
        "Total Revenue": 400,
        "Gross Profit": 355,
        "Operating Income": 199,
        "EBIT": NaN,
        "Net Income": 71
    },
    "2009-09-30": {
        "Diluted EPS": 0.42,
        "Total Revenue": 308,
        "Gross Profit": 258,
        "Operating Income": 112,
        "EBIT": NaN,
        "Net Income": 81
    },
    "2009-06-30": {
        "Diluted EPS": 0.09,
        "Total Revenue": 236,
        "Gross Profit": 183,
        "Operating Income": 52,
        "EBIT": NaN,
        "Net Income": 17
    },
    "2009-03-31": {
        "Diluted EPS": 0.14,
        "Total Revenue": 263,
        "Gross Profit": 197,
        "Operating Income": 65,
        "EBIT": NaN,
        "Net Income": 24
    },
    "2023-06-30": {
        "Tax Effect Of Unusual Items": NaN,
        "Tax Rate For Calcs": NaN,
        "Total Unusual Items": NaN,
        "Total Unusual Items Excluding Goodwill": NaN,
        "Net Income From Continuing Operation Net Minority Interest": NaN,
        "Reconciled Depreciation": NaN,
        "Net Interest Income": NaN,
        "Interest Expense": NaN,
        "Interest Income": NaN,
        "Normalized Income": NaN,
        "Net Income From Continuing And Discontinued Operation": NaN,
        "Rent Expense Supplemental": NaN,
        "Diluted Average Shares": 204236693.0,
        "Basic Average Shares": 204236693.0,
        "Diluted EPS": 546.787403,
        "Basic EPS": 546.787403,
        "Diluted NI Availto Com Stockholders": NaN,
        "Net Income Common Stockholders": NaN,
        "Net Income": NaN,
        "Minority Interests": NaN,
        "Net Income Including Noncontrolling Interests": NaN,
        "Net Income Continuous Operations": NaN,
        "Tax Provision": NaN,
        "Pretax Income": NaN,
        "Special Income Charges": NaN,
        "Gain On Sale Of Business": 0.0,
        "Other Special Charges": -542000000.0,
        "Write Off": -8509238000.0,
        "Restructuring And Mergern Acquisition": NaN,
        "Gain On Sale Of Security": NaN,
        "Depreciation Amortization Depletion Income Statement": NaN,
        "Depreciation And Amortization In Income Statement": NaN,
        "Amortization": 411548000.0,
        "Amortization Of Intangibles Income Statement": 411548000.0,
        "Depreciation Income Statement": 3080855000.0,
        "Selling General And Administration": NaN,
        "Selling And Marketing Expense": NaN,
        "General And Administrative Expense": NaN,
        "Other Gand A": NaN,
        "Insurance And Claims": NaN,
        "Rent And Landing Fees": NaN,
        "Salaries And Wages": NaN,
        "Total Revenue": NaN,
        "Operating Revenue": NaN,
        "Other Non Interest Expense": NaN
    },
    "2023-09-30": {
        "Tax Effect Of Unusual Items": 4422066462.948816,
        "Tax Rate For Calcs": 0.351795,
        "Total Unusual Items": 12570000000.0,
        "Total Unusual Items Excluding Goodwill": 12570000000.0,
        "Net Income From Continuing Operation Net Minority Interest": 29759000000.0,
        "Reconciled Depreciation": -11717799000.0,
        "Net Interest Income": 835555000000.0,
        "Interest Expense": 979307000000.0,
        "Interest Income": 1814862000000.0,
        "Normalized Income": 21611066462.948814,
        "Net Income From Continuing And Discontinued Operation": 29759000000.0,
        "Rent Expense Supplemental": 20766000000.0,
        "Diluted Average Shares": 204236667.0,
        "Basic Average Shares": 204236667.0,
        "Diluted EPS": 145.70841,
        "Basic EPS": 145.70841,
        "Diluted NI Availto Com Stockholders": 29759000000.0,
        "Net Income Common Stockholders": 29759000000.0,
        "Net Income": 29759000000.0,
        "Minority Interests": -787000000.0,
        "Net Income Including Noncontrolling Interests": 30546000000.0,
        "Net Income Continuous Operations": 30546000000.0,
        "Tax Provision": 16578000000.0,
        "Pretax Income": 47124000000.0,
        "Special Income Charges": 12570000000.0,
        "Gain On Sale Of Business": NaN,
        "Other Special Charges": NaN,
        "Write Off": -12570000000.0,
        "Restructuring And Mergern Acquisition": 0.0,
        "Gain On Sale Of Security": 25251000000.0,
        "Depreciation Amortization Depletion Income Statement": 13506000000.0,
        "Depreciation And Amortization In Income Statement": 13506000000.0,
        "Amortization": NaN,
        "Amortization Of Intangibles Income Statement": NaN,
        "Depreciation Income Statement": 4370952000.0,
        "Selling General And Administration": 254301000000.0,
        "Selling And Marketing Expense": 6601000000.0,
        "General And Administrative Expense": 247700000000.0,
        "Other Gand A": 90483000000.0,
        "Insurance And Claims": 5265000000.0,
        "Rent And Landing Fees": 20766000000.0,
        "Salaries And Wages": 131186000000.0,
        "Total Revenue": 943758000000.0,
        "Operating Revenue": 943758000000.0,
        "Other Non Interest Expense": 621141000000.0
    },
    "2023-12-31": {
        "Tax Effect Of Unusual Items": -2889349050.0,
        "Tax Rate For Calcs": 0.35,
        "Total Unusual Items": -8255283000.0,
        "Total Unusual Items Excluding Goodwill": -8255283000.0,
        "Net Income From Continuing Operation Net Minority Interest": 81622807000.0,
        "Reconciled Depreciation": 14621472000.0,
        "Net Interest Income": 903114361000.0,
        "Interest Expense": 791937785000.0,
        "Interest Income": 1695052146000.0,
        "Normalized Income": 86988740950.0,
        "Net Income From Continuing And Discontinued Operation": 81622807000.0,
        "Rent Expense Supplemental": 14916988000.0,
        "Diluted Average Shares": NaN,
        "Basic Average Shares": NaN,
        "Diluted EPS": NaN,
        "Basic EPS": NaN,
        "Diluted NI Availto Com Stockholders": 81622807000.0,
        "Net Income Common Stockholders": 81622807000.0,
        "Net Income": 81622807000.0,
        "Minority Interests": 251123000.0,
        "Net Income Including Noncontrolling Interests": 81371684000.0,
        "Net Income Continuous Operations": 81371684000.0,
        "Tax Provision": 114837802000.0,
        "Pretax Income": 196209486000.0,
        "Special Income Charges": -8016969000.0,
        "Gain On Sale Of Business": NaN,
        "Other Special Charges": NaN,
        "Write Off": NaN,
        "Restructuring And Mergern Acquisition": 0.0,
        "Gain On Sale Of Security": -143516136000.0,
        "Depreciation Amortization Depletion Income Statement": 14094098000.0,
        "Depreciation And Amortization In Income Statement": 14094098000.0,
        "Amortization": NaN,
        "Amortization Of Intangibles Income Statement": NaN,
        "Depreciation Income Statement": 10366758000.0,
        "Selling General And Administration": 226196031000.0,
        "Selling And Marketing Expense": 6734129000.0,
        "General And Administrative Expense": 219461902000.0,
        "Other Gand A": 69457474000.0,
        "Insurance And Claims": 5113720000.0,
        "Rent And Landing Fees": 14916988000.0,
        "Salaries And Wages": 129973720000.0,
        "Total Revenue": 1047767730000.0,
        "Operating Revenue": 1047767730000.0,
        "Other Non Interest Expense": 632173244000.0
    },
    "2024-03-31": {
        "Tax Effect Of Unusual Items": 22023559950.0,
        "Tax Rate For Calcs": 0.35,
        "Total Unusual Items": 62924457000.0,
        "Total Unusual Items Excluding Goodwill": 62924457000.0,
        "Net Income From Continuing Operation Net Minority Interest": 34776695000.0,
        "Reconciled Depreciation": 10280330000.0,
        "Net Interest Income": 787989708000.0,
        "Interest Expense": 489506824000.0,
        "Interest Income": 1277496532000.0,
        "Normalized Income": -6124202050.0,
        "Net Income From Continuing And Discontinued Operation": 34776695000.0,
        "Rent Expense Supplemental": 15152168000.0,
        "Diluted Average Shares": 204236693.0,
        "Basic Average Shares": 204236693.0,
        "Diluted EPS": 170.2764,
        "Basic EPS": 170.2764,
        "Diluted NI Availto Com Stockholders": 34776695000.0,
        "Net Income Common Stockholders": 34776695000.0,
        "Net Income": 34776695000.0,
        "Minority Interests": 625631000.0,
        "Net Income Including Noncontrolling Interests": 34151064000.0,
        "Net Income Continuous Operations": 34151064000.0,
        "Tax Provision": 23915697000.0,
        "Pretax Income": 58066761000.0,
        "Special Income Charges": 62924457000.0,
        "Gain On Sale Of Business": NaN,
        "Other Special Charges": NaN,
        "Write Off": -62924457000.0,
        "Restructuring And Mergern Acquisition": NaN,
        "Gain On Sale Of Security": 27871497000.0,
        "Depreciation Amortization Depletion Income Statement": 10280330000.0,
        "Depreciation And Amortization In Income Statement": 10280330000.0,
        "Amortization": NaN,
        "Amortization Of Intangibles Income Statement": NaN,
        "Depreciation Income Statement": NaN,
        "Selling General And Administration": 171170346000.0,
        "Selling And Marketing Expense": 7073639000.0,
        "General And Administrative Expense": 164096707000.0,
        "Other Gand A": 56162008000.0,
        "Insurance And Claims": 2866937000.0,
        "Rent And Landing Fees": 15152168000.0,
        "Salaries And Wages": 89915594000.0,
        "Total Revenue": 902300661000.0,
        "Operating Revenue": 902300661000.0,
        "Other Non Interest Expense": 697415985000.0
    },
    "2024-06-30": {
        "Tax Effect Of Unusual Items": 5017284624.949017,
        "Tax Rate For Calcs": 0.367051,
        "Total Unusual Items": 13669176000.0,
        "Total Unusual Items Excluding Goodwill": 13669176000.0,
        "Net Income From Continuing Operation Net Minority Interest": 111009440000.0,
        "Reconciled Depreciation": 18882532000.0,
        "Net Interest Income": 679253403000.0,
        "Interest Expense": 295571779000.0,
        "Interest Income": 974825182000.0,
        "Normalized Income": 102357548624.94902,
        "Net Income From Continuing And Discontinued Operation": 111009440000.0,
        "Rent Expense Supplemental": 15075984000.0,
        "Diluted Average Shares": 204219879.0,
        "Basic Average Shares": 204219879.0,
        "Diluted EPS": 543.578032,
        "Basic EPS": 543.578032,
        "Diluted NI Availto Com Stockholders": 111009440000.0,
        "Net Income Common Stockholders": 111009440000.0,
        "Net Income": 111009440000.0,
        "Minority Interests": -1878975000.0,
        "Net Income Including Noncontrolling Interests": 112888415000.0,
        "Net Income Continuous Operations": 112888415000.0,
        "Tax Provision": 65464681000.0,
        "Pretax Income": 178353096000.0,
        "Special Income Charges": 13669176000.0,
        "Gain On Sale Of Business": NaN,
        "Other Special Charges": NaN,
        "Write Off": -13669176000.0,
        "Restructuring And Mergern Acquisition": NaN,
        "Gain On Sale Of Security": 30997335000.0,
        "Depreciation Amortization Depletion Income Statement": 17939329000.0,
        "Depreciation And Amortization In Income Statement": 17939329000.0,
        "Amortization": NaN,
        "Amortization Of Intangibles Income Statement": NaN,
        "Depreciation Income Statement": NaN,
        "Selling General And Administration": 201401824000.0,
        "Selling And Marketing Expense": 7502473000.0,
        "General And Administrative Expense": 193899351000.0,
        "Other Gand A": 65585075000.0,
        "Insurance And Claims": 3451683000.0,
        "Rent And Landing Fees": 15075984000.0,
        "Salaries And Wages": 109786609000.0,
        "Total Revenue": 808971414000.0,
        "Operating Revenue": 808971414000.0,
        "Other Non Interest Expense": 388960940000.0
    },
    "2024-09-30": {
        "Tax Effect Of Unusual Items": 11058185695.834679,
        "Tax Rate For Calcs": 0.199128,
        "Total Unusual Items": 55533000000.0,
        "Total Unusual Items Excluding Goodwill": 55533000000.0,
        "Net Income From Continuing Operation Net Minority Interest": 99673000000.0,
        "Reconciled Depreciation": 16543000000.0,
        "Net Interest Income": 461041000000.0,
        "Interest Expense": 300909000000.0,
        "Interest Income": 761950000000.0,
        "Normalized Income": 55198185695.83468,
        "Net Income From Continuing And Discontinued Operation": 99673000000.0,
        "Rent Expense Supplemental": 10541000000.0,
        "Diluted Average Shares": 204236667.0,
        "Basic Average Shares": 204236667.0,
        "Diluted EPS": 488.04,
        "Basic EPS": 488.04,
        "Diluted NI Availto Com Stockholders": 99673000000.0,
        "Net Income Common Stockholders": 99673000000.0,
        "Net Income": 99673000000.0,
        "Minority Interests": 461000000.0,
        "Net Income Including Noncontrolling Interests": 99212000000.0,
        "Net Income Continuous Operations": 99212000000.0,
        "Tax Provision": 24668000000.0,
        "Pretax Income": 123880000000.0,
        "Special Income Charges": 55533000000.0,
        "Gain On Sale Of Business": NaN,
        "Other Special Charges": -189000000.0,
        "Write Off": -55344000000.0,
        "Restructuring And Mergern Acquisition": NaN,
        "Gain On Sale Of Security": 29337000000.0,
        "Depreciation Amortization Depletion Income Statement": 16543000000.0,
        "Depreciation And Amortization In Income Statement": 16543000000.0,
        "Amortization": NaN,
        "Amortization Of Intangibles Income Statement": NaN,
        "Depreciation Income Statement": NaN,
        "Selling General And Administration": 202318000000.0,
        "Selling And Marketing Expense": 7353000000.0,
        "General And Administrative Expense": 194965000000.0,
        "Other Gand A": 78340000000.0,
        "Insurance And Claims": 5202000000.0,
        "Rent And Landing Fees": 10541000000.0,
        "Salaries And Wages": 100882000000.0,
        "Total Revenue": 585402000000.0,
        "Operating Revenue": 585402000000.0,
        "Other Non Interest Expense": 260199000000.0
    }
}