{
    "2023-04-30": {
        "Tax Effect Of Unusual Items": 243439.671062,
        "Tax Rate For Calcs": 0.207713,
        "Normalized EBITDA": 27950000.0,
        "Total Unusual Items": 1172000.0,
        "Total Unusual Items Excluding Goodwill": 1172000.0,
        "Net Income From Continuing Operation Net Minority Interest": 5588000.0,
        "Reconciled Depreciation": 14721000.0,
        "Reconciled Cost Of Revenue": 64317000.0,
        "EBITDA": 29122000.0,
        "EBIT": 14401000.0,
        "Net Interest Income": -7348000.0,
        "Interest Expense": 7348000.0,
        "Normalized Income": 4659439.671062,
        "Net Income From Continuing And Discontinued Operation": 5588000.0,
        "Total Expenses": 94575000.0,
        "Total Operating Income As Reported": 13216000.0,
        "Diluted Average Shares": 54225000.0,
        "Basic Average Shares": 53330000.0,
        "Diluted EPS": 0.09,
        "Basic EPS": 0.09,
        "Diluted NI Availto Com Stockholders": 4980000.0,
        "Average Dilution Earnings": 3000.0,
        "Net Income Common Stockholders": 4977000.0,
        "Otherunder Preferred Stock Dividend": 611000.0,
        "Preferred Stock Dividends": NaN,
        "Net Income": 5588000.0,
        "Net Income Including Noncontrolling Interests": 5588000.0,
        "Net Income Continuous Operations": 5588000.0,
        "Tax Provision": 1465000.0,
        "Pretax Income": 7053000.0,
        "Other Income Expense": 1185000.0,
        "Other Non Operating Income Expenses": 13000.0,
        "Special Income Charges": NaN,
        "Restructuring And Mergern Acquisition": NaN,
        "Gain On Sale Of Security": 1172000.0,
        "Net Non Operating Interest Income Expense": -7348000.0,
        "Interest Expense Non Operating": 7348000.0,
        "Operating Income": 13216000.0,
        "Operating Expense": 30258000.0,
        "Selling General And Administration": 30258000.0,
        "General And Administrative Expense": 30258000.0,
        "Other Gand A": 30258000.0,
        "Gross Profit": 43474000.0,
        "Cost Of Revenue": 64317000.0,
        "Total Revenue": 107791000.0,
        "Operating Revenue": 107791000.0
    },
    "2023-01-31": {
        "Tax Effect Of Unusual Items": NaN,
        "Tax Rate For Calcs": NaN,
        "Normalized EBITDA": NaN,
        "Total Unusual Items": 4556000.0,
        "Total Unusual Items Excluding Goodwill": 4556000.0,
        "Net Income From Continuing Operation Net Minority Interest": NaN,
        "Reconciled Depreciation": NaN,
        "Reconciled Cost Of Revenue": NaN,
        "EBITDA": NaN,
        "EBIT": NaN,
        "Net Interest Income": NaN,
        "Interest Expense": NaN,
        "Normalized Income": NaN,
        "Net Income From Continuing And Discontinued Operation": NaN,
        "Total Expenses": NaN,
        "Total Operating Income As Reported": NaN,
        "Diluted Average Shares": NaN,
        "Basic Average Shares": NaN,
        "Diluted EPS": NaN,
        "Basic EPS": NaN,
        "Diluted NI Availto Com Stockholders": NaN,
        "Average Dilution Earnings": NaN,
        "Net Income Common Stockholders": NaN,
        "Otherunder Preferred Stock Dividend": NaN,
        "Preferred Stock Dividends": NaN,
        "Net Income": NaN,
        "Net Income Including Noncontrolling Interests": NaN,
        "Net Income Continuous Operations": NaN,
        "Tax Provision": NaN,
        "Pretax Income": NaN,
        "Other Income Expense": NaN,
        "Other Non Operating Income Expenses": NaN,
        "Special Income Charges": -3000.0,
        "Restructuring And Mergern Acquisition": 3000.0,
        "Gain On Sale Of Security": 4556000.0,
        "Net Non Operating Interest Income Expense": NaN,
        "Interest Expense Non Operating": NaN,
        "Operating Income": NaN,
        "Operating Expense": NaN,
        "Selling General And Administration": NaN,
        "General And Administrative Expense": NaN,
        "Other Gand A": NaN,
        "Gross Profit": NaN,
        "Cost Of Revenue": NaN,
        "Total Revenue": NaN,
        "Operating Revenue": NaN
    },
    "2022-10-31": {
        "Tax Effect Of Unusual Items": NaN,
        "Tax Rate For Calcs": NaN,
        "Normalized EBITDA": NaN,
        "Total Unusual Items": NaN,
        "Total Unusual Items Excluding Goodwill": NaN,
        "Net Income From Continuing Operation Net Minority Interest": NaN,
        "Reconciled Depreciation": NaN,
        "Reconciled Cost Of Revenue": NaN,
        "EBITDA": NaN,
        "EBIT": NaN,
        "Net Interest Income": NaN,
        "Interest Expense": NaN,
        "Normalized Income": NaN,
        "Net Income From Continuing And Discontinued Operation": NaN,
        "Total Expenses": NaN,
        "Total Operating Income As Reported": NaN,
        "Diluted Average Shares": NaN,
        "Basic Average Shares": NaN,
        "Diluted EPS": NaN,
        "Basic EPS": NaN,
        "Diluted NI Availto Com Stockholders": NaN,
        "Average Dilution Earnings": NaN,
        "Net Income Common Stockholders": NaN,
        "Otherunder Preferred Stock Dividend": NaN,
        "Preferred Stock Dividends": NaN,
        "Net Income": NaN,
        "Net Income Including Noncontrolling Interests": NaN,
        "Net Income Continuous Operations": NaN,
        "Tax Provision": NaN,
        "Pretax Income": NaN,
        "Other Income Expense": NaN,
        "Other Non Operating Income Expenses": NaN,
        "Special Income Charges": -259000.0,
        "Restructuring And Mergern Acquisition": 259000.0,
        "Gain On Sale Of Security": NaN,
        "Net Non Operating Interest Income Expense": NaN,
        "Interest Expense Non Operating": NaN,
        "Operating Income": NaN,
        "Operating Expense": NaN,
        "Selling General And Administration": NaN,
        "General And Administrative Expense": NaN,
        "Other Gand A": NaN,
        "Gross Profit": NaN,
        "Cost Of Revenue": NaN,
        "Total Revenue": NaN,
        "Operating Revenue": NaN
    },
    "2022-07-31": {
        "Tax Effect Of Unusual Items": 1092202.75197,
        "Tax Rate For Calcs": 0.147595,
        "Normalized EBITDA": 30314000.0,
        "Total Unusual Items": 7400000.0,
        "Total Unusual Items Excluding Goodwill": 7400000.0,
        "Net Income From Continuing Operation Net Minority Interest": 14496000.0,
        "Reconciled Depreciation": 14191000.0,
        "Reconciled Cost Of Revenue": 61135000.0,
        "EBITDA": 37714000.0,
        "EBIT": 23523000.0,
        "Net Interest Income": -6517000.0,
        "Interest Expense": 6517000.0,
        "Normalized Income": 8188202.75197,
        "Net Income From Continuing And Discontinued Operation": 14496000.0,
        "Total Expenses": 88362000.0,
        "Total Operating Income As Reported": 16087000.0,
        "Diluted Average Shares": 57286563.0,
        "Basic Average Shares": 54012404.0,
        "Diluted EPS": 0.22,
        "Basic EPS": 0.22,
        "Diluted NI Availto Com Stockholders": 13853000.0,
        "Average Dilution Earnings": 451000.0,
        "Net Income Common Stockholders": 13402000.0,
        "Otherunder Preferred Stock Dividend": 1094000.0,
        "Preferred Stock Dividends": NaN,
        "Net Income": 14496000.0,
        "Net Income Including Noncontrolling Interests": 14496000.0,
        "Net Income Continuous Operations": 14496000.0,
        "Tax Provision": 2510000.0,
        "Pretax Income": 17006000.0,
        "Other Income Expense": 7416000.0,
        "Other Non Operating Income Expenses": 16000.0,
        "Special Income Charges": -20000.0,
        "Restructuring And Mergern Acquisition": 20000.0,
        "Gain On Sale Of Security": 7420000.0,
        "Net Non Operating Interest Income Expense": -6517000.0,
        "Interest Expense Non Operating": 6517000.0,
        "Operating Income": 16107000.0,
        "Operating Expense": 27227000.0,
        "Selling General And Administration": 27227000.0,
        "General And Administrative Expense": 27227000.0,
        "Other Gand A": 27227000.0,
        "Gross Profit": 43334000.0,
        "Cost Of Revenue": 61135000.0,
        "Total Revenue": 104469000.0,
        "Operating Revenue": 104469000.0
    },
    "2022-04-30": {
        "Diluted EPS": 0.1,
        "Total Revenue": 96,
        "Gross Profit": 39,
        "Operating Income": 10,
        "EBIT": 25,
        "Net Income": 6
    },
    "2022-01-31": {
        "Diluted EPS": 0.01,
        "Total Revenue": 85,
        "Gross Profit": 34,
        "Operating Income": 7,
        "EBIT": 22,
        "Net Income": 1
    },
    "2021-10-31": {
        "Diluted EPS": 0.07,
        "Total Revenue": 88,
        "Gross Profit": 37,
        "Operating Income": 12,
        "EBIT": 26,
        "Net Income": 3
    },
    "2021-07-31": {
        "Diluted EPS": 0.07,
        "Total Revenue": 81,
        "Gross Profit": 37,
        "Operating Income": 12,
        "EBIT": 26,
        "Net Income": 4
    },
    "2021-04-30": {
        "Diluted EPS": -0.21,
        "Total Revenue": 77,
        "Gross Profit": 33,
        "Operating Income": 7,
        "EBIT": 21,
        "Net Income": -11
    },
    "2021-01-31": {
        "Diluted EPS": -0.24,
        "Total Revenue": 70,
        "Gross Profit": 30,
        "Operating Income": 7,
        "EBIT": 22,
        "Net Income": -13
    },
    "2020-10-31": {
        "Diluted EPS": -0.08,
        "Total Revenue": 79,
        "Gross Profit": 35,
        "Operating Income": 4,
        "EBIT": 22,
        "Net Income": -4
    },
    "2020-07-31": {
        "Diluted EPS": 0.0,
        "Total Revenue": 77,
        "Gross Profit": 38,
        "Operating Income": 11,
        "EBIT": 27,
        "Net Income": 0
    },
    "2020-04-30": {
        "Diluted EPS": -1.06,
        "Total Revenue": 74,
        "Gross Profit": 32,
        "Operating Income": -52,
        "EBIT": 22,
        "Net Income": -56
    },
    "2020-01-31": {
        "Diluted EPS": -0.06,
        "Total Revenue": 74,
        "Gross Profit": 32,
        "Operating Income": 6,
        "EBIT": 22,
        "Net Income": -3
    },
    "2019-10-31": {
        "Diluted EPS": 0.05,
        "Total Revenue": 84,
        "Gross Profit": 39,
        "Operating Income": 11,
        "EBIT": 29,
        "Net Income": -6
    },
    "2019-07-31": {
        "Diluted EPS": 0.05,
        "Total Revenue": 79,
        "Gross Profit": 39,
        "Operating Income": 11,
        "EBIT": 26,
        "Net Income": 2
    },
    "2019-04-30": {
        "Diluted EPS": -0.35,
        "Total Revenue": 62,
        "Gross Profit": 24,
        "Operating Income": 1,
        "EBIT": 15,
        "Net Income": -10
    },
    "2019-01-31": {
        "Diluted EPS": -0.73,
        "Total Revenue": 58,
        "Gross Profit": 23,
        "Operating Income": -10,
        "EBIT": 2,
        "Net Income": -27
    },
    "2018-12-31": {
        "Diluted EPS": -0.67,
        "Total Revenue": NaN,
        "Gross Profit": NaN,
        "Operating Income": 34,
        "EBIT": 34,
        "Net Income": -5
    },
    "2018-10-31": {
        "Diluted EPS": 2.82,
        "Total Revenue": 67,
        "Gross Profit": 29,
        "Operating Income": -91,
        "EBIT": -84,
        "Net Income": 23
    },
    "2018-09-30": {
        "Diluted EPS": -0.37,
        "Total Revenue": NaN,
        "Gross Profit": NaN,
        "Operating Income": -3,
        "EBIT": -3,
        "Net Income": -3
    },
    "2018-07-31": {
        "Diluted EPS": 0.34,
        "Total Revenue": 67,
        "Gross Profit": 30,
        "Operating Income": 12,
        "EBIT": 19,
        "Net Income": 3
    },
    "2018-06-30": {
        "Diluted EPS": 0.01,
        "Total Revenue": NaN,
        "Gross Profit": NaN,
        "Operating Income": -1,
        "EBIT": -1,
        "Net Income": 0
    },
    "2018-04-30": {
        "Diluted EPS": 0.39,
        "Total Revenue": 56,
        "Gross Profit": 24,
        "Operating Income": 11,
        "EBIT": 17,
        "Net Income": 3
    },
    "2018-03-31": {
        "Diluted EPS": 0.01,
        "Total Revenue": NaN,
        "Gross Profit": NaN,
        "Operating Income": -1,
        "EBIT": -1,
        "Net Income": 0
    },
    "2018-01-31": {
        "Diluted EPS": 1.55,
        "Total Revenue": 53,
        "Gross Profit": 23,
        "Operating Income": 9,
        "EBIT": 15,
        "Net Income": 13
    },
    "2017-12-31": {
        "Diluted EPS": 0.0,
        "Total Revenue": NaN,
        "Gross Profit": NaN,
        "Operating Income": NaN,
        "EBIT": NaN,
        "Net Income": NaN
    },
    "2017-09-30": {
        "Diluted EPS": 0.01,
        "Total Revenue": NaN,
        "Gross Profit": NaN,
        "Operating Income": 0,
        "EBIT": 0,
        "Net Income": 0
    },
    "2017-07-31": {
        "Diluted EPS": 0.0,
        "Total Revenue": NaN,
        "Gross Profit": NaN,
        "Operating Income": 0,
        "EBIT": 0,
        "Net Income": 0
    },
    "2023-07-31": {
        "Tax Effect Of Unusual Items": 221378.204189,
        "Tax Rate For Calcs": 0.243006,
        "Normalized EBITDA": 34516000.0,
        "Total Unusual Items": 911000.0,
        "Total Unusual Items Excluding Goodwill": 911000.0,
        "Net Income From Continuing Operation Net Minority Interest": 10336000.0,
        "Reconciled Depreciation": 14707000.0,
        "Reconciled Cost Of Revenue": 71187000.0,
        "EBITDA": 35427000.0,
        "EBIT": 20720000.0,
        "Net Interest Income": -7066000.0,
        "Interest Expense": 7066000.0,
        "Normalized Income": 9646378.204189,
        "Net Income From Continuing And Discontinued Operation": 10336000.0,
        "Total Expenses": 101124000.0,
        "Total Operating Income As Reported": 19547000.0,
        "Diluted Average Shares": 54104738.0,
        "Basic Average Shares": 53198637.0,
        "Diluted EPS": 0.18,
        "Basic EPS": 0.18,
        "Diluted NI Availto Com Stockholders": 9577000.0,
        "Average Dilution Earnings": 5000.0,
        "Net Income Common Stockholders": 9572000.0,
        "Otherunder Preferred Stock Dividend": 323000.0,
        "Preferred Stock Dividends": 441000.0,
        "Net Income": 10336000.0,
        "Net Income Including Noncontrolling Interests": 10336000.0,
        "Net Income Continuous Operations": 10336000.0,
        "Tax Provision": 3318000.0,
        "Pretax Income": 13654000.0,
        "Other Income Expense": 1173000.0,
        "Other Non Operating Income Expenses": 262000.0,
        "Special Income Charges": NaN,
        "Restructuring And Mergern Acquisition": NaN,
        "Gain On Sale Of Security": 911000.0,
        "Net Non Operating Interest Income Expense": -7066000.0,
        "Interest Expense Non Operating": 7066000.0,
        "Operating Income": 19547000.0,
        "Operating Expense": 29937000.0,
        "Selling General And Administration": 29937000.0,
        "General And Administrative Expense": 29937000.0,
        "Other Gand A": 29937000.0,
        "Gross Profit": 49484000.0,
        "Cost Of Revenue": 71187000.0,
        "Total Revenue": 120671000.0,
        "Operating Revenue": 120671000.0
    },
    "2023-10-31": {
        "Tax Effect Of Unusual Items": 68286.746231,
        "Tax Rate For Calcs": 0.262641,
        "Normalized EBITDA": 34099000.0,
        "Total Unusual Items": 260000.0,
        "Total Unusual Items Excluding Goodwill": 260000.0,
        "Net Income From Continuing Operation Net Minority Interest": 9391000.0,
        "Reconciled Depreciation": 14789000.0,
        "Reconciled Cost Of Revenue": 71312000.0,
        "EBITDA": 34359000.0,
        "EBIT": 19570000.0,
        "Net Interest Income": -6834000.0,
        "Interest Expense": 6834000.0,
        "Normalized Income": 9199286.746231,
        "Net Income From Continuing And Discontinued Operation": 9391000.0,
        "Total Expenses": 100928000.0,
        "Total Operating Income As Reported": 19276000.0,
        "Diluted Average Shares": 54050969.0,
        "Basic Average Shares": 53128408.0,
        "Diluted EPS": 0.16,
        "Basic EPS": 0.16,
        "Diluted NI Availto Com Stockholders": 8689000.0,
        "Average Dilution Earnings": 5000.0,
        "Net Income Common Stockholders": 8684000.0,
        "Otherunder Preferred Stock Dividend": 266000.0,
        "Preferred Stock Dividends": 441000.0,
        "Net Income": 9391000.0,
        "Net Income Including Noncontrolling Interests": 9391000.0,
        "Net Income Continuous Operations": 9391000.0,
        "Tax Provision": 3345000.0,
        "Pretax Income": 12736000.0,
        "Other Income Expense": 294000.0,
        "Other Non Operating Income Expenses": 34000.0,
        "Special Income Charges": NaN,
        "Restructuring And Mergern Acquisition": NaN,
        "Gain On Sale Of Security": 260000.0,
        "Net Non Operating Interest Income Expense": -6834000.0,
        "Interest Expense Non Operating": 6834000.0,
        "Operating Income": 19276000.0,
        "Operating Expense": 29616000.0,
        "Selling General And Administration": 29616000.0,
        "General And Administrative Expense": 29616000.0,
        "Other Gand A": 29616000.0,
        "Gross Profit": 48892000.0,
        "Cost Of Revenue": 71312000.0,
        "Total Revenue": 120204000.0,
        "Operating Revenue": 120204000.0
    },
    "2024-01-31": {
        "Tax Effect Of Unusual Items": 27171.800703,
        "Tax Rate For Calcs": 0.209014,
        "Normalized EBITDA": 15593000.0,
        "Total Unusual Items": 130000.0,
        "Total Unusual Items Excluding Goodwill": 130000.0,
        "Net Income From Continuing Operation Net Minority Interest": -3826000.0,
        "Reconciled Depreciation": 14097000.0,
        "Reconciled Cost Of Revenue": 64397000.0,
        "EBITDA": 15723000.0,
        "EBIT": 1626000.0,
        "Net Interest Income": -6463000.0,
        "Interest Expense": 6463000.0,
        "Normalized Income": -3928828.199297,
        "Net Income From Continuing And Discontinued Operation": -3826000.0,
        "Total Expenses": 96255000.0,
        "Total Operating Income As Reported": 1456000.0,
        "Diluted Average Shares": 53314654.0,
        "Basic Average Shares": 53314654.0,
        "Diluted EPS": -0.08,
        "Basic EPS": -0.08,
        "Diluted NI Availto Com Stockholders": -4266000.0,
        "Average Dilution Earnings": 0.0,
        "Net Income Common Stockholders": -4266000.0,
        "Otherunder Preferred Stock Dividend": 440000.0,
        "Preferred Stock Dividends": NaN,
        "Net Income": -3826000.0,
        "Net Income Including Noncontrolling Interests": -3826000.0,
        "Net Income Continuous Operations": -3826000.0,
        "Tax Provision": -1011000.0,
        "Pretax Income": -4837000.0,
        "Other Income Expense": 170000.0,
        "Other Non Operating Income Expenses": 40000.0,
        "Special Income Charges": NaN,
        "Restructuring And Mergern Acquisition": NaN,
        "Gain On Sale Of Security": 130000.0,
        "Net Non Operating Interest Income Expense": -6463000.0,
        "Interest Expense Non Operating": 6463000.0,
        "Operating Income": 1456000.0,
        "Operating Expense": 31858000.0,
        "Selling General And Administration": 31858000.0,
        "General And Administrative Expense": 31858000.0,
        "Other Gand A": 31858000.0,
        "Gross Profit": 33314000.0,
        "Cost Of Revenue": 64397000.0,
        "Total Revenue": 97711000.0,
        "Operating Revenue": 97711000.0
    },
    "2024-04-30": {
        "Tax Effect Of Unusual Items": 0.0,
        "Tax Rate For Calcs": 0.4,
        "Normalized EBITDA": 26338000.0,
        "Total Unusual Items": NaN,
        "Total Unusual Items Excluding Goodwill": NaN,
        "Net Income From Continuing Operation Net Minority Interest": 3046000.0,
        "Reconciled Depreciation": 14239000.0,
        "Reconciled Cost Of Revenue": 65295000.0,
        "EBITDA": 26338000.0,
        "EBIT": 12099000.0,
        "Net Interest Income": -6873000.0,
        "Interest Expense": 6873000.0,
        "Normalized Income": 3046000.0,
        "Net Income From Continuing And Discontinued Operation": 3046000.0,
        "Total Expenses": 95007000.0,
        "Total Operating Income As Reported": 12055000.0,
        "Diluted Average Shares": 54380000.0,
        "Basic Average Shares": 53430000.0,
        "Diluted EPS": 0.05,
        "Basic EPS": 0.05,
        "Diluted NI Availto Com Stockholders": 2579000.0,
        "Average Dilution Earnings": 1000.0,
        "Net Income Common Stockholders": 2578000.0,
        "Otherunder Preferred Stock Dividend": 468000.0,
        "Preferred Stock Dividends": NaN,
        "Net Income": 3046000.0,
        "Net Income Including Noncontrolling Interests": 3046000.0,
        "Net Income Continuous Operations": 3046000.0,
        "Tax Provision": 2180000.0,
        "Pretax Income": 5226000.0,
        "Other Income Expense": 44000.0,
        "Other Non Operating Income Expenses": 44000.0,
        "Special Income Charges": NaN,
        "Restructuring And Mergern Acquisition": NaN,
        "Gain On Sale Of Security": NaN,
        "Net Non Operating Interest Income Expense": -6873000.0,
        "Interest Expense Non Operating": 6873000.0,
        "Operating Income": 12055000.0,
        "Operating Expense": 29712000.0,
        "Selling General And Administration": 29712000.0,
        "General And Administrative Expense": 29712000.0,
        "Other Gand A": 29712000.0,
        "Gross Profit": 41767000.0,
        "Cost Of Revenue": 65295000.0,
        "Total Revenue": 107062000.0,
        "Operating Revenue": 107062000.0
    }
}