{
    "2023-03-31": {
        "Tax Effect Of Unusual Items": 0.0,
        "Tax Rate For Calcs": 0.141509,
        "Normalized EBITDA": 318000.0,
        "Total Unusual Items": 2315000.0,
        "Total Unusual Items Excluding Goodwill": 2315000.0,
        "Net Income From Continuing Operation Net Minority Interest": 819000.0,
        "Reconciled Depreciation": 1677000.0,
        "Reconciled Cost Of Revenue": 213123000.0,
        "EBIT": -1359000.0,
        "Net Interest Income": -38000.0,
        "Interest Expense": 38000.0,
        "Normalized Income": 819000.0,
        "Net Income From Continuing And Discontinued Operation": 819000.0,
        "Total Expenses": 256026000.0,
        "Total Operating Income As Reported": -1359000.0,
        "Diluted Average Shares": 6985000.0,
        "Basic Average Shares": 6866000.0,
        "Diluted EPS": 0.12,
        "Basic EPS": 0.12,
        "Diluted NI Availto Com Stockholders": 819000.0,
        "Net Income Common Stockholders": 819000.0,
        "Net Income": 819000.0,
        "Net Income Including Noncontrolling Interests": 819000.0,
        "Net Income Continuous Operations": 819000.0,
        "Tax Provision": 135000.0,
        "Pretax Income": 954000.0,
        "Other Income Expense": 2313000.0,
        "Other Non Operating Income Expenses": 2313000.0,
        "Gain On Sale Of Security": 2315000.0,
        "Net Non Operating Interest Income Expense": -38000.0,
        "Interest Expense Non Operating": 38000.0,
        "Operating Income": -1359000.0,
        "Operating Expense": 42903000.0,
        "Depreciation Amortization Depletion Income Statement": 1677000.0,
        "Depreciation And Amortization In Income Statement": 1677000.0,
        "Selling General And Administration": 41226000.0,
        "Gross Profit": 41544000.0,
        "Cost Of Revenue": 213123000.0,
        "Total Revenue": 254667000.0,
        "Operating Revenue": 254667000.0
    },
    "2022-12-31": {
        "Tax Effect Of Unusual Items": 0.0,
        "Tax Rate For Calcs": 0.298314,
        "Normalized EBITDA": 16502000.0,
        "Total Unusual Items": 1686000.0,
        "Total Unusual Items Excluding Goodwill": 1686000.0,
        "Net Income From Continuing Operation Net Minority Interest": 11528000.0,
        "Reconciled Depreciation": 1643000.0,
        "Reconciled Cost Of Revenue": 211244000.0,
        "EBIT": 14859000.0,
        "Net Interest Income": -39000.0,
        "Interest Expense": 39000.0,
        "Normalized Income": 11528000.0,
        "Net Income From Continuing And Discontinued Operation": 11528000.0,
        "Total Expenses": 257091000.0,
        "Total Operating Income As Reported": 14859000.0,
        "Diluted Average Shares": 7046000.0,
        "Basic Average Shares": 6917000.0,
        "Diluted EPS": 1.64,
        "Basic EPS": 1.67,
        "Diluted NI Availto Com Stockholders": 11528000.0,
        "Net Income Common Stockholders": 11528000.0,
        "Net Income": 11528000.0,
        "Net Income Including Noncontrolling Interests": 11528000.0,
        "Net Income Continuous Operations": 11528000.0,
        "Tax Provision": 4901000.0,
        "Pretax Income": 16429000.0,
        "Other Income Expense": 1570000.0,
        "Other Non Operating Income Expenses": 1570000.0,
        "Gain On Sale Of Security": 1686000.0,
        "Net Non Operating Interest Income Expense": -39000.0,
        "Interest Expense Non Operating": 39000.0,
        "Operating Income": 14859000.0,
        "Operating Expense": 45847000.0,
        "Depreciation Amortization Depletion Income Statement": 1643000.0,
        "Depreciation And Amortization In Income Statement": 1643000.0,
        "Selling General And Administration": 44204000.0,
        "Gross Profit": 60706000.0,
        "Cost Of Revenue": 211244000.0,
        "Total Revenue": 271950000.0,
        "Operating Revenue": 271950000.0
    },
    "2022-09-30": {
        "Tax Effect Of Unusual Items": 0.0,
        "Tax Rate For Calcs": 0.270804,
        "Normalized EBITDA": 23900000.0,
        "Total Unusual Items": 1584000.0,
        "Total Unusual Items Excluding Goodwill": 1584000.0,
        "Net Income From Continuing Operation Net Minority Interest": 17438000.0,
        "Reconciled Depreciation": 1554000.0,
        "Reconciled Cost Of Revenue": 206921000.0,
        "EBIT": 22346000.0,
        "Net Interest Income": -35000.0,
        "Interest Expense": 35000.0,
        "Normalized Income": 17438000.0,
        "Net Income From Continuing And Discontinued Operation": 17438000.0,
        "Total Expenses": 251476000.0,
        "Total Operating Income As Reported": 22346000.0,
        "Diluted Average Shares": 7127000.0,
        "Basic Average Shares": 7036000.0,
        "Diluted EPS": 2.45,
        "Basic EPS": 2.48,
        "Diluted NI Availto Com Stockholders": 17438000.0,
        "Net Income Common Stockholders": 17438000.0,
        "Net Income": 17438000.0,
        "Net Income Including Noncontrolling Interests": 17438000.0,
        "Net Income Continuous Operations": 17438000.0,
        "Tax Provision": 6476000.0,
        "Pretax Income": 23914000.0,
        "Other Income Expense": 1568000.0,
        "Other Non Operating Income Expenses": 1568000.0,
        "Gain On Sale Of Security": 1584000.0,
        "Net Non Operating Interest Income Expense": -35000.0,
        "Interest Expense Non Operating": 35000.0,
        "Operating Income": 22346000.0,
        "Operating Expense": 44555000.0,
        "Depreciation Amortization Depletion Income Statement": 1554000.0,
        "Depreciation And Amortization In Income Statement": 1554000.0,
        "Selling General And Administration": 43001000.0,
        "Gross Profit": 66901000.0,
        "Cost Of Revenue": 206921000.0,
        "Total Revenue": 273822000.0,
        "Operating Revenue": 273822000.0
    },
    "2022-06-30": {
        "Tax Effect Of Unusual Items": 421792.0,
        "Tax Rate For Calcs": 0.269,
        "Normalized EBITDA": 24632000.0,
        "Total Unusual Items": 1568000.0,
        "Total Unusual Items Excluding Goodwill": 1568000.0,
        "Net Income From Continuing Operation Net Minority Interest": 18014000.0,
        "Reconciled Depreciation": 1523000.0,
        "Reconciled Cost Of Revenue": 195294000.0,
        "EBIT": 24677000.0,
        "Net Interest Income": -33000.0,
        "Interest Expense": 33000.0,
        "Normalized Income": 16867792.0,
        "Net Income From Continuing And Discontinued Operation": 18014000.0,
        "Total Expenses": 239089000.0,
        "Total Operating Income As Reported": 23090000.0,
        "Diluted Average Shares": 7257000.0,
        "Basic Average Shares": 7162000.0,
        "Diluted EPS": 2.48,
        "Basic EPS": 2.52,
        "Diluted NI Availto Com Stockholders": 18014000.0,
        "Net Income Common Stockholders": 18014000.0,
        "Net Income": 18014000.0,
        "Net Income Including Noncontrolling Interests": 18014000.0,
        "Net Income Continuous Operations": 18014000.0,
        "Tax Provision": 6630000.0,
        "Pretax Income": 24644000.0,
        "Other Income Expense": 1587000.0,
        "Other Non Operating Income Expenses": 19000.0,
        "Gain On Sale Of Security": 1568000.0,
        "Net Non Operating Interest Income Expense": -33000.0,
        "Interest Expense Non Operating": 33000.0,
        "Operating Income": 23090000.0,
        "Operating Expense": 43795000.0,
        "Depreciation Amortization Depletion Income Statement": 1523000.0,
        "Depreciation And Amortization In Income Statement": 1523000.0,
        "Selling General And Administration": 42272000.0,
        "Gross Profit": 66885000.0,
        "Cost Of Revenue": 195294000.0,
        "Total Revenue": 262179000.0,
        "Operating Revenue": 262179000.0
    },
    "2023-06-30": {
        "Tax Effect Of Unusual Items": 0.0,
        "Tax Rate For Calcs": 0.28072,
        "Normalized EBITDA": 23238000.0,
        "Total Unusual Items": 2129000.0,
        "Total Unusual Items Excluding Goodwill": 2129000.0,
        "Net Income From Continuing Operation Net Minority Interest": 17016000.0,
        "Reconciled Depreciation": 1729000.0,
        "Reconciled Cost Of Revenue": 197584000.0,
        "EBIT": 21509000.0,
        "Net Interest Income": 0.0,
        "Interest Expense": 0.0,
        "Normalized Income": 17016000.0,
        "Net Income From Continuing And Discontinued Operation": 17016000.0,
        "Total Expenses": 243121000.0,
        "Total Operating Income As Reported": 21509000.0,
        "Diluted Average Shares": 6875000.0,
        "Basic Average Shares": 6751000.0,
        "Diluted EPS": 2.47,
        "Basic EPS": 2.52,
        "Diluted NI Availto Com Stockholders": 17016000.0,
        "Net Income Common Stockholders": 17016000.0,
        "Net Income": 17016000.0,
        "Net Income Including Noncontrolling Interests": 17016000.0,
        "Net Income Continuous Operations": 17016000.0,
        "Tax Provision": 6641000.0,
        "Pretax Income": 23657000.0,
        "Other Income Expense": 2148000.0,
        "Other Non Operating Income Expenses": 2148000.0,
        "Gain On Sale Of Security": 2129000.0,
        "Net Non Operating Interest Income Expense": 0.0,
        "Interest Expense Non Operating": 0.0,
        "Operating Income": 21509000.0,
        "Operating Expense": 45537000.0,
        "Depreciation Amortization Depletion Income Statement": 1729000.0,
        "Depreciation And Amortization In Income Statement": 1729000.0,
        "Selling General And Administration": 43808000.0,
        "Gross Profit": 67046000.0,
        "Cost Of Revenue": 197584000.0,
        "Total Revenue": 264630000.0,
        "Operating Revenue": 264630000.0
    },
    "2022-03-31": {
        "Diluted EPS": 0.04,
        "Total Revenue": 246,
        "Gross Profit": 40,
        "Operating Income": -1,
        "EBIT": 0,
        "Net Income": 0
    },
    "2021-12-31": {
        "Diluted EPS": 1.4,
        "Total Revenue": 257,
        "Gross Profit": 56,
        "Operating Income": 13,
        "EBIT": 15,
        "Net Income": 11
    },
    "2021-09-30": {
        "Diluted EPS": 1.96,
        "Total Revenue": 247,
        "Gross Profit": 60,
        "Operating Income": 18,
        "EBIT": 19,
        "Net Income": 15
    },
    "2021-06-30": {
        "Diluted EPS": 2.24,
        "Total Revenue": 233,
        "Gross Profit": 57,
        "Operating Income": 20,
        "EBIT": 22,
        "Net Income": 17
    },
    "2021-03-31": {
        "Diluted EPS": -0.6,
        "Total Revenue": 218,
        "Gross Profit": 31,
        "Operating Income": -8,
        "EBIT": -6,
        "Net Income": -5
    },
    "2020-12-31": {
        "Diluted EPS": 0.93,
        "Total Revenue": 233,
        "Gross Profit": 51,
        "Operating Income": 9,
        "EBIT": 10,
        "Net Income": 7
    },
    "2020-09-30": {
        "Diluted EPS": 2.4,
        "Total Revenue": 228,
        "Gross Profit": 59,
        "Operating Income": 22,
        "EBIT": 24,
        "Net Income": 19
    },
    "2020-06-30": {
        "Diluted EPS": 1.51,
        "Total Revenue": 201,
        "Gross Profit": 47,
        "Operating Income": 12,
        "EBIT": 13,
        "Net Income": 12
    },
    "2020-03-31": {
        "Diluted EPS": -0.45,
        "Total Revenue": 219,
        "Gross Profit": 26,
        "Operating Income": -7,
        "EBIT": -6,
        "Net Income": -3
    },
    "2019-12-31": {
        "Diluted EPS": 1.53,
        "Total Revenue": 245,
        "Gross Profit": 54,
        "Operating Income": 13,
        "EBIT": 14,
        "Net Income": 12
    },
    "2019-09-30": {
        "Diluted EPS": 3.24,
        "Total Revenue": 248,
        "Gross Profit": 71,
        "Operating Income": 28,
        "EBIT": 29,
        "Net Income": 25
    },
    "2019-06-30": {
        "Diluted EPS": 1.81,
        "Total Revenue": 231,
        "Gross Profit": 55,
        "Operating Income": 15,
        "EBIT": 16,
        "Net Income": 14
    },
    "2019-03-31": {
        "Diluted EPS": -0.31,
        "Total Revenue": 218,
        "Gross Profit": 28,
        "Operating Income": -6,
        "EBIT": -5,
        "Net Income": -2
    },
    "2018-12-31": {
        "Diluted EPS": 2.27,
        "Total Revenue": 238,
        "Gross Profit": 62,
        "Operating Income": 18,
        "EBIT": 18,
        "Net Income": 17
    },
    "2018-09-30": {
        "Diluted EPS": 2.5,
        "Total Revenue": 247,
        "Gross Profit": 60,
        "Operating Income": 22,
        "EBIT": 23,
        "Net Income": 19
    },
    "2018-06-30": {
        "Diluted EPS": 1.46,
        "Total Revenue": 232,
        "Gross Profit": 48,
        "Operating Income": 12,
        "EBIT": 13,
        "Net Income": 11
    },
    "2018-03-31": {
        "Diluted EPS": -1.25,
        "Total Revenue": 224,
        "Gross Profit": 16,
        "Operating Income": -14,
        "EBIT": -13,
        "Net Income": -9
    },
    "2017-12-31": {
        "Diluted EPS": 1.45,
        "Total Revenue": 245,
        "Gross Profit": 49,
        "Operating Income": 12,
        "EBIT": 14,
        "Net Income": 10
    },
    "2017-09-30": {
        "Diluted EPS": 1.96,
        "Total Revenue": 240,
        "Gross Profit": 55,
        "Operating Income": 20,
        "EBIT": 21,
        "Net Income": 15
    },
    "2017-06-30": {
        "Diluted EPS": 1.47,
        "Total Revenue": 226,
        "Gross Profit": 44,
        "Operating Income": 15,
        "EBIT": 16,
        "Net Income": 11
    },
    "2017-03-31": {
        "Diluted EPS": -1.55,
        "Total Revenue": 210,
        "Gross Profit": 10,
        "Operating Income": -17,
        "EBIT": -16,
        "Net Income": -11
    },
    "2016-12-31": {
        "Diluted EPS": 1.12,
        "Total Revenue": 221,
        "Gross Profit": 43,
        "Operating Income": 10,
        "EBIT": 11,
        "Net Income": 8
    },
    "2016-09-30": {
        "Diluted EPS": 1.38,
        "Total Revenue": 225,
        "Gross Profit": 50,
        "Operating Income": 18,
        "EBIT": 19,
        "Net Income": 10
    },
    "2016-06-30": {
        "Diluted EPS": 1.16,
        "Total Revenue": 203,
        "Gross Profit": 42,
        "Operating Income": 13,
        "EBIT": 14,
        "Net Income": 9
    },
    "2016-03-31": {
        "Diluted EPS": -1.11,
        "Total Revenue": 191,
        "Gross Profit": 10,
        "Operating Income": -12,
        "EBIT": -12,
        "Net Income": -8
    },
    "2015-12-31": {
        "Diluted EPS": 1.59,
        "Total Revenue": 194,
        "Gross Profit": 41,
        "Operating Income": 14,
        "EBIT": 15,
        "Net Income": 11
    },
    "2015-09-30": {
        "Diluted EPS": 1.49,
        "Total Revenue": 199,
        "Gross Profit": 43,
        "Operating Income": 17,
        "EBIT": 17,
        "Net Income": 11
    },
    "2015-06-30": {
        "Diluted EPS": 1.21,
        "Total Revenue": 182,
        "Gross Profit": 36,
        "Operating Income": 14,
        "EBIT": 15,
        "Net Income": 9
    },
    "2015-03-31": {
        "Diluted EPS": -0.82,
        "Total Revenue": 166,
        "Gross Profit": 9,
        "Operating Income": -9,
        "EBIT": -8,
        "Net Income": -6
    },
    "2014-12-31": {
        "Diluted EPS": 1.22,
        "Total Revenue": 175,
        "Gross Profit": 37,
        "Operating Income": 16,
        "EBIT": 17,
        "Net Income": 9
    },
    "2014-09-30": {
        "Diluted EPS": -5.27,
        "Total Revenue": 175,
        "Gross Profit": -43,
        "Operating Income": -65,
        "EBIT": -64,
        "Net Income": -38
    },
    "2014-06-30": {
        "Diluted EPS": 0.98,
        "Total Revenue": 151,
        "Gross Profit": 30,
        "Operating Income": 11,
        "EBIT": 12,
        "Net Income": 7
    },
    "2014-03-31": {
        "Diluted EPS": -0.5,
        "Total Revenue": 135,
        "Gross Profit": 9,
        "Operating Income": -6,
        "EBIT": -5,
        "Net Income": -4
    },
    "2013-12-31": {
        "Diluted EPS": 0.47,
        "Total Revenue": 149,
        "Gross Profit": 20,
        "Operating Income": 3,
        "EBIT": 4,
        "Net Income": 3
    },
    "2013-09-30": {
        "Diluted EPS": 1.21,
        "Total Revenue": 148,
        "Gross Profit": 30,
        "Operating Income": 13,
        "EBIT": 13,
        "Net Income": 9
    },
    "2013-06-30": {
        "Diluted EPS": 0.8,
        "Total Revenue": 129,
        "Gross Profit": 24,
        "Operating Income": 9,
        "EBIT": 9,
        "Net Income": 6
    },
    "2013-03-31": {
        "Diluted EPS": -0.36,
        "Total Revenue": 112,
        "Gross Profit": 8,
        "Operating Income": -4,
        "EBIT": -4,
        "Net Income": -3
    },
    "2012-12-31": {
        "Diluted EPS": 0.55,
        "Total Revenue": 114,
        "Gross Profit": 22,
        "Operating Income": 8,
        "EBIT": 9,
        "Net Income": 6
    },
    "2012-09-30": {
        "Diluted EPS": 0.81,
        "Total Revenue": 111,
        "Gross Profit": 22,
        "Operating Income": 8,
        "EBIT": 9,
        "Net Income": 6
    },
    "2012-06-30": {
        "Diluted EPS": 0.53,
        "Total Revenue": 96,
        "Gross Profit": 16,
        "Operating Income": 5,
        "EBIT": 6,
        "Net Income": 4
    },
    "2012-03-31": {
        "Diluted EPS": -0.22,
        "Total Revenue": 82,
        "Gross Profit": 7,
        "Operating Income": -4,
        "EBIT": -3,
        "Net Income": -2
    },
    "2011-12-31": {
        "Diluted EPS": -0.01,
        "Total Revenue": 85,
        "Gross Profit": 8,
        "Operating Income": -3,
        "EBIT": -2,
        "Net Income": 0
    },
    "2011-09-30": {
        "Diluted EPS": 0.54,
        "Total Revenue": 85,
        "Gross Profit": 16,
        "Operating Income": 6,
        "EBIT": 6,
        "Net Income": 5
    },
    "2011-06-30": {
        "Diluted EPS": 0.34,
        "Total Revenue": 76,
        "Gross Profit": 13,
        "Operating Income": 4,
        "EBIT": 4,
        "Net Income": 3
    },
    "2011-03-31": {
        "Diluted EPS": 0.54,
        "Total Revenue": 69,
        "Gross Profit": 6,
        "Operating Income": -4,
        "EBIT": -3,
        "Net Income": 6
    },
    "2010-12-31": {
        "Diluted EPS": 0.29,
        "Total Revenue": 74,
        "Gross Profit": 14,
        "Operating Income": 4,
        "EBIT": 4,
        "Net Income": 3
    },
    "2010-09-30": {
        "Diluted EPS": 0.36,
        "Total Revenue": 74,
        "Gross Profit": 14,
        "Operating Income": 5,
        "EBIT": 5,
        "Net Income": 4
    },
    "2010-06-30": {
        "Diluted EPS": 0.22,
        "Total Revenue": 67,
        "Gross Profit": 12,
        "Operating Income": 3,
        "EBIT": 3,
        "Net Income": 2
    },
    "2010-03-31": {
        "Diluted EPS": -0.16,
        "Total Revenue": 58,
        "Gross Profit": 5,
        "Operating Income": -3,
        "EBIT": -3,
        "Net Income": -2
    },
    "2009-12-31": {
        "Diluted EPS": 0.29,
        "Total Revenue": 63,
        "Gross Profit": 13,
        "Operating Income": 4,
        "EBIT": 5,
        "Net Income": 3
    },
    "2009-09-30": {
        "Diluted EPS": 0.28,
        "Total Revenue": 65,
        "Gross Profit": 12,
        "Operating Income": 3,
        "EBIT": 4,
        "Net Income": 3
    },
    "2009-06-30": {
        "Diluted EPS": -0.65,
        "Total Revenue": 57,
        "Gross Profit": -2,
        "Operating Income": -11,
        "EBIT": -11,
        "Net Income": -7
    },
    "2009-03-31": {
        "Diluted EPS": -0.3,
        "Total Revenue": 51,
        "Gross Profit": 4,
        "Operating Income": -5,
        "EBIT": -4,
        "Net Income": -3
    }
}