{
    "2023-04-30": {
        "Tax Effect Of Unusual Items": NaN,
        "Tax Rate For Calcs": NaN,
        "Normalized EBITDA": NaN,
        "Net Income From Continuing Operation Net Minority Interest": NaN,
        "Reconciled Depreciation": NaN,
        "Reconciled Cost Of Revenue": NaN,
        "EBITDA": NaN,
        "EBIT": NaN,
        "Net Interest Income": NaN,
        "Interest Income": 76000.0,
        "Normalized Income": NaN,
        "Net Income From Continuing And Discontinued Operation": NaN,
        "Total Expenses": NaN,
        "Diluted Average Shares": NaN,
        "Basic Average Shares": NaN,
        "Diluted EPS": NaN,
        "Basic EPS": NaN,
        "Diluted NI Availto Com Stockholders": NaN,
        "Net Income Common Stockholders": NaN,
        "Net Income": NaN,
        "Net Income Including Noncontrolling Interests": NaN,
        "Net Income Continuous Operations": NaN,
        "Tax Provision": NaN,
        "Pretax Income": NaN,
        "Net Non Operating Interest Income Expense": NaN,
        "Total Other Finance Cost": -76000.0,
        "Interest Income Non Operating": 76000.0,
        "Operating Income": NaN,
        "Operating Expense": NaN,
        "Selling General And Administration": NaN,
        "Gross Profit": NaN,
        "Cost Of Revenue": NaN,
        "Total Revenue": NaN,
        "Operating Revenue": NaN
    },
    "2023-01-31": {
        "Tax Effect Of Unusual Items": NaN,
        "Tax Rate For Calcs": NaN,
        "Normalized EBITDA": NaN,
        "Net Income From Continuing Operation Net Minority Interest": NaN,
        "Reconciled Depreciation": NaN,
        "Reconciled Cost Of Revenue": NaN,
        "EBITDA": NaN,
        "EBIT": NaN,
        "Net Interest Income": NaN,
        "Interest Income": NaN,
        "Normalized Income": NaN,
        "Net Income From Continuing And Discontinued Operation": NaN,
        "Total Expenses": NaN,
        "Diluted Average Shares": NaN,
        "Basic Average Shares": NaN,
        "Diluted EPS": NaN,
        "Basic EPS": NaN,
        "Diluted NI Availto Com Stockholders": NaN,
        "Net Income Common Stockholders": NaN,
        "Net Income": NaN,
        "Net Income Including Noncontrolling Interests": NaN,
        "Net Income Continuous Operations": NaN,
        "Tax Provision": NaN,
        "Pretax Income": NaN,
        "Net Non Operating Interest Income Expense": NaN,
        "Total Other Finance Cost": -8000.0,
        "Interest Income Non Operating": NaN,
        "Operating Income": NaN,
        "Operating Expense": NaN,
        "Selling General And Administration": NaN,
        "Gross Profit": NaN,
        "Cost Of Revenue": NaN,
        "Total Revenue": NaN,
        "Operating Revenue": NaN
    },
    "2022-10-31": {
        "Tax Effect Of Unusual Items": NaN,
        "Tax Rate For Calcs": NaN,
        "Normalized EBITDA": NaN,
        "Net Income From Continuing Operation Net Minority Interest": NaN,
        "Reconciled Depreciation": NaN,
        "Reconciled Cost Of Revenue": NaN,
        "EBITDA": NaN,
        "EBIT": NaN,
        "Net Interest Income": NaN,
        "Interest Expense": 6000.0,
        "Interest Income": NaN,
        "Normalized Income": NaN,
        "Net Income From Continuing And Discontinued Operation": NaN,
        "Total Expenses": NaN,
        "Diluted Average Shares": NaN,
        "Basic Average Shares": NaN,
        "Diluted EPS": NaN,
        "Basic EPS": NaN,
        "Diluted NI Availto Com Stockholders": NaN,
        "Net Income Common Stockholders": NaN,
        "Net Income": NaN,
        "Net Income Including Noncontrolling Interests": NaN,
        "Net Income Continuous Operations": NaN,
        "Tax Provision": NaN,
        "Pretax Income": NaN,
        "Net Non Operating Interest Income Expense": NaN,
        "Total Other Finance Cost": NaN,
        "Interest Expense Non Operating": 6000.0,
        "Interest Income Non Operating": NaN,
        "Operating Income": NaN,
        "Operating Expense": NaN,
        "Selling General And Administration": NaN,
        "Gross Profit": NaN,
        "Cost Of Revenue": NaN,
        "Total Revenue": NaN,
        "Operating Revenue": NaN
    },
    "2022-07-31": {
        "Tax Effect Of Unusual Items": 0.0,
        "Tax Rate For Calcs": 0.23741,
        "Normalized EBITDA": 7648000.0,
        "Net Income From Continuing Operation Net Minority Interest": 5830000.0,
        "Reconciled Depreciation": 3026000.0,
        "Reconciled Cost Of Revenue": 50773000.0,
        "EBITDA": 7648000.0,
        "EBIT": 7648000.0,
        "Net Interest Income": -3000.0,
        "Interest Expense": 3000.0,
        "Interest Income": NaN,
        "Normalized Income": 5830000.0,
        "Net Income From Continuing And Discontinued Operation": 5830000.0,
        "Total Expenses": 93037000.0,
        "Diluted Average Shares": 15536308.0,
        "Basic Average Shares": 15274770.0,
        "Diluted EPS": 0.38,
        "Basic EPS": 0.38,
        "Diluted NI Availto Com Stockholders": 5830000.0,
        "Net Income Common Stockholders": 5830000.0,
        "Net Income": 5830000.0,
        "Net Income Including Noncontrolling Interests": 5830000.0,
        "Net Income Continuous Operations": 5830000.0,
        "Tax Provision": 1815000.0,
        "Pretax Income": 7645000.0,
        "Net Non Operating Interest Income Expense": -3000.0,
        "Total Other Finance Cost": NaN,
        "Interest Expense Non Operating": 3000.0,
        "Interest Income Non Operating": NaN,
        "Operating Income": 7648000.0,
        "Operating Expense": 42264000.0,
        "Selling General And Administration": 42264000.0,
        "Gross Profit": 49912000.0,
        "Cost Of Revenue": 50773000.0,
        "Total Revenue": 100685000.0,
        "Operating Revenue": 100685000.0
    },
    "2022-04-30": {
        "Diluted EPS": 0.89,
        "Total Revenue": 118,
        "Gross Profit": 62,
        "Operating Income": 18,
        "EBIT": 21,
        "Net Income": 14
    },
    "2022-01-31": {
        "Diluted EPS": 1.49,
        "Total Revenue": 130,
        "Gross Profit": 70,
        "Operating Income": 20,
        "EBIT": 23,
        "Net Income": 24
    },
    "2021-10-31": {
        "Diluted EPS": 0.36,
        "Total Revenue": 95,
        "Gross Profit": 50,
        "Operating Income": 8,
        "EBIT": 11,
        "Net Income": 6
    },
    "2021-07-31": {
        "Diluted EPS": 0.42,
        "Total Revenue": 95,
        "Gross Profit": 50,
        "Operating Income": 9,
        "EBIT": 12,
        "Net Income": 7
    },
    "2021-04-30": {
        "Diluted EPS": 0.66,
        "Total Revenue": 92,
        "Gross Profit": 48,
        "Operating Income": 13,
        "EBIT": 16,
        "Net Income": 10
    },
    "2021-01-31": {
        "Diluted EPS": 0.7,
        "Total Revenue": 94,
        "Gross Profit": 47,
        "Operating Income": 11,
        "EBIT": 14,
        "Net Income": 10
    },
    "2020-10-31": {
        "Diluted EPS": 0.11,
        "Total Revenue": 75,
        "Gross Profit": 35,
        "Operating Income": 2,
        "EBIT": 5,
        "Net Income": 2
    },
    "2020-07-31": {
        "Diluted EPS": -0.93,
        "Total Revenue": 40,
        "Gross Profit": 8,
        "Operating Income": -14,
        "EBIT": -11,
        "Net Income": -14
    },
    "2020-04-30": {
        "Diluted EPS": -1.42,
        "Total Revenue": 47,
        "Gross Profit": 8,
        "Operating Income": -19,
        "EBIT": -15,
        "Net Income": -21
    },
    "2020-01-31": {
        "Diluted EPS": 0.42,
        "Total Revenue": 105,
        "Gross Profit": 53,
        "Operating Income": 8,
        "EBIT": 11,
        "Net Income": 6
    },
    "2019-10-31": {
        "Diluted EPS": -0.4,
        "Total Revenue": 70,
        "Gross Profit": 28,
        "Operating Income": -8,
        "EBIT": -4,
        "Net Income": -6
    },
    "2019-07-31": {
        "Diluted EPS": -0.08,
        "Total Revenue": 79,
        "Gross Profit": 35,
        "Operating Income": -1,
        "EBIT": 3,
        "Net Income": -1
    },
    "2019-04-30": {
        "Diluted EPS": 0.08,
        "Total Revenue": 84,
        "Gross Profit": 38,
        "Operating Income": 2,
        "EBIT": 6,
        "Net Income": 1
    },
    "2019-01-31": {
        "Diluted EPS": -0.71,
        "Total Revenue": 102,
        "Gross Profit": 41,
        "Operating Income": -7,
        "EBIT": -3,
        "Net Income": -10
    },
    "2018-10-31": {
        "Diluted EPS": -0.42,
        "Total Revenue": 69,
        "Gross Profit": 25,
        "Operating Income": -10,
        "EBIT": -6,
        "Net Income": -6
    },
    "2018-07-31": {
        "Diluted EPS": -0.12,
        "Total Revenue": 83,
        "Gross Profit": 35,
        "Operating Income": -3,
        "EBIT": 1,
        "Net Income": -2
    },
    "2018-04-30": {
        "Diluted EPS": 0.02,
        "Total Revenue": 83,
        "Gross Profit": 37,
        "Operating Income": 1,
        "EBIT": 5,
        "Net Income": 0
    },
    "2018-01-31": {
        "Diluted EPS": 0.29,
        "Total Revenue": 138,
        "Gross Profit": 69,
        "Operating Income": 7,
        "EBIT": 13,
        "Net Income": 4
    },
    "2017-12-31": {
        "Diluted EPS": 0.45,
        "Total Revenue": 104,
        "Gross Profit": 54,
        "Operating Income": 12,
        "EBIT": 16,
        "Net Income": 7
    },
    "2017-10-31": {
        "Diluted EPS": -0.16,
        "Total Revenue": 76,
        "Gross Profit": 32,
        "Operating Income": -4,
        "EBIT": 0,
        "Net Income": -3
    },
    "2017-09-30": {
        "Diluted EPS": 0.09,
        "Total Revenue": 82,
        "Gross Profit": 37,
        "Operating Income": 3,
        "EBIT": 7,
        "Net Income": 1
    },
    "2017-07-31": {
        "Diluted EPS": 0.0,
        "Total Revenue": 79,
        "Gross Profit": 36,
        "Operating Income": 0,
        "EBIT": 4,
        "Net Income": 0
    },
    "2017-06-30": {
        "Diluted EPS": -0.1,
        "Total Revenue": 77,
        "Gross Profit": 34,
        "Operating Income": -2,
        "EBIT": 2,
        "Net Income": -2
    },
    "2017-04-30": {
        "Diluted EPS": 0.16,
        "Total Revenue": 91,
        "Gross Profit": 44,
        "Operating Income": 4,
        "EBIT": 8,
        "Net Income": 3
    },
    "2017-03-31": {
        "Diluted EPS": 0.17,
        "Total Revenue": 91,
        "Gross Profit": 43,
        "Operating Income": 5,
        "EBIT": 9,
        "Net Income": 3
    },
    "2016-12-31": {
        "Diluted EPS": -0.33,
        "Total Revenue": 104,
        "Gross Profit": 47,
        "Operating Income": 0,
        "EBIT": 4,
        "Net Income": -6
    },
    "2016-09-30": {
        "Diluted EPS": 0.11,
        "Total Revenue": 84,
        "Gross Profit": 37,
        "Operating Income": 3,
        "EBIT": 7,
        "Net Income": 2
    },
    "2016-06-30": {
        "Diluted EPS": -0.28,
        "Total Revenue": 75,
        "Gross Profit": 32,
        "Operating Income": -5,
        "EBIT": -1,
        "Net Income": -4
    },
    "2016-03-31": {
        "Diluted EPS": 0.22,
        "Total Revenue": 95,
        "Gross Profit": 46,
        "Operating Income": 6,
        "EBIT": 10,
        "Net Income": 4
    },
    "2015-12-31": {
        "Diluted EPS": 1.45,
        "Total Revenue": 117,
        "Gross Profit": 68,
        "Operating Income": 16,
        "EBIT": 19,
        "Net Income": 24
    },
    "2015-09-30": {
        "Diluted EPS": 0.06,
        "Total Revenue": 86,
        "Gross Profit": 39,
        "Operating Income": 2,
        "EBIT": 6,
        "Net Income": 1
    },
    "2015-06-30": {
        "Diluted EPS": -0.04,
        "Total Revenue": 81,
        "Gross Profit": 35,
        "Operating Income": 0,
        "EBIT": 4,
        "Net Income": -1
    },
    "2015-03-31": {
        "Diluted EPS": 0.4,
        "Total Revenue": 93,
        "Gross Profit": 44,
        "Operating Income": 7,
        "EBIT": 11,
        "Net Income": 7
    },
    "2014-12-31": {
        "Diluted EPS": 1.27,
        "Total Revenue": 121,
        "Gross Profit": 71,
        "Operating Income": 25,
        "EBIT": 28,
        "Net Income": 21
    },
    "2014-09-30": {
        "Diluted EPS": 0.1,
        "Total Revenue": 87,
        "Gross Profit": 38,
        "Operating Income": 2,
        "EBIT": 6,
        "Net Income": 2
    },
    "2014-06-30": {
        "Diluted EPS": -0.25,
        "Total Revenue": 76,
        "Gross Profit": 30,
        "Operating Income": -4,
        "EBIT": 1,
        "Net Income": -4
    },
    "2014-03-31": {
        "Diluted EPS": 0.29,
        "Total Revenue": 98,
        "Gross Profit": 43,
        "Operating Income": 5,
        "EBIT": 10,
        "Net Income": 5
    },
    "2013-12-31": {
        "Diluted EPS": 0.65,
        "Total Revenue": 116,
        "Gross Profit": 59,
        "Operating Income": 12,
        "EBIT": 15,
        "Net Income": 11
    },
    "2013-09-30": {
        "Diluted EPS": -0.08,
        "Total Revenue": 85,
        "Gross Profit": 35,
        "Operating Income": -1,
        "EBIT": 4,
        "Net Income": -1
    },
    "2013-06-30": {
        "Diluted EPS": -0.38,
        "Total Revenue": 82,
        "Gross Profit": 31,
        "Operating Income": -6,
        "EBIT": -1,
        "Net Income": -6
    },
    "2013-03-31": {
        "Diluted EPS": 0.0,
        "Total Revenue": 104,
        "Gross Profit": 44,
        "Operating Income": 0,
        "EBIT": 5,
        "Net Income": 0
    },
    "2012-12-31": {
        "Diluted EPS": -2.58,
        "Total Revenue": 106,
        "Gross Profit": 43,
        "Operating Income": -36,
        "EBIT": 1,
        "Net Income": -41
    },
    "2012-09-30": {
        "Diluted EPS": -0.26,
        "Total Revenue": 86,
        "Gross Profit": 32,
        "Operating Income": -4,
        "EBIT": 1,
        "Net Income": -4
    },
    "2012-06-30": {
        "Diluted EPS": -0.46,
        "Total Revenue": 80,
        "Gross Profit": 29,
        "Operating Income": -8,
        "EBIT": -3,
        "Net Income": -8
    },
    "2012-03-31": {
        "Diluted EPS": -0.06,
        "Total Revenue": 96,
        "Gross Profit": 39,
        "Operating Income": -1,
        "EBIT": 4,
        "Net Income": -1
    },
    "2011-12-31": {
        "Diluted EPS": -0.55,
        "Total Revenue": 119,
        "Gross Profit": 57,
        "Operating Income": 9,
        "EBIT": 13,
        "Net Income": -9
    },
    "2011-09-30": {
        "Diluted EPS": 0.05,
        "Total Revenue": 97,
        "Gross Profit": 40,
        "Operating Income": 2,
        "EBIT": 8,
        "Net Income": 1
    },
    "2011-06-30": {
        "Diluted EPS": -0.37,
        "Total Revenue": 82,
        "Gross Profit": 30,
        "Operating Income": -11,
        "EBIT": -5,
        "Net Income": -7
    },
    "2011-03-31": {
        "Diluted EPS": -0.12,
        "Total Revenue": 96,
        "Gross Profit": 38,
        "Operating Income": -4,
        "EBIT": 3,
        "Net Income": -2
    },
    "2010-12-31": {
        "Diluted EPS": 0.62,
        "Total Revenue": 129,
        "Gross Profit": 63,
        "Operating Income": 12,
        "EBIT": 18,
        "Net Income": 12
    },
    "2010-09-30": {
        "Diluted EPS": -0.07,
        "Total Revenue": 100,
        "Gross Profit": 37,
        "Operating Income": -2,
        "EBIT": 5,
        "Net Income": -1
    },
    "2010-06-30": {
        "Diluted EPS": -0.45,
        "Total Revenue": 74,
        "Gross Profit": 24,
        "Operating Income": -13,
        "EBIT": -6,
        "Net Income": -8
    },
    "2010-03-31": {
        "Diluted EPS": 0.09,
        "Total Revenue": 101,
        "Gross Profit": 42,
        "Operating Income": 3,
        "EBIT": 10,
        "Net Income": 2
    },
    "2009-12-31": {
        "Diluted EPS": -0.62,
        "Total Revenue": 70,
        "Gross Profit": 14,
        "Operating Income": -18,
        "EBIT": -11,
        "Net Income": -12
    },
    "2009-09-30": {
        "Diluted EPS": -0.25,
        "Total Revenue": 92,
        "Gross Profit": 35,
        "Operating Income": -5,
        "EBIT": 2,
        "Net Income": -5
    },
    "2009-06-30": {
        "Diluted EPS": -0.32,
        "Total Revenue": 83,
        "Gross Profit": 28,
        "Operating Income": -10,
        "EBIT": -3,
        "Net Income": -6
    },
    "2009-03-31": {
        "Diluted EPS": -0.04,
        "Total Revenue": 98,
        "Gross Profit": 36,
        "Operating Income": -1,
        "EBIT": 6,
        "Net Income": -1
    },
    "2023-07-31": {
        "Tax Effect Of Unusual Items": 0.0,
        "Tax Rate For Calcs": 0.204,
        "Normalized EBITDA": 13541000.0,
        "Net Income From Continuing Operation Net Minority Interest": 8338000.0,
        "Reconciled Depreciation": 3229000.0,
        "Reconciled Cost Of Revenue": 50589000.0,
        "EBITDA": 13541000.0,
        "EBIT": 10312000.0,
        "Net Interest Income": 167000.0,
        "Interest Income": NaN,
        "Normalized Income": 8338000.0,
        "Net Income From Continuing And Discontinued Operation": 8338000.0,
        "Total Expenses": 98913000.0,
        "Diluted Average Shares": 14500971.0,
        "Basic Average Shares": 14419365.0,
        "Diluted EPS": 0.57,
        "Basic EPS": 0.58,
        "Diluted NI Availto Com Stockholders": 8338000.0,
        "Net Income Common Stockholders": 8338000.0,
        "Net Income": 8338000.0,
        "Net Income Including Noncontrolling Interests": 8338000.0,
        "Net Income Continuous Operations": 8338000.0,
        "Tax Provision": 2141000.0,
        "Pretax Income": 10479000.0,
        "Net Non Operating Interest Income Expense": 167000.0,
        "Total Other Finance Cost": -167000.0,
        "Interest Income Non Operating": NaN,
        "Operating Income": 10312000.0,
        "Operating Expense": 48324000.0,
        "Selling General And Administration": 48324000.0,
        "Gross Profit": 58636000.0,
        "Cost Of Revenue": 50589000.0,
        "Total Revenue": 109225000.0,
        "Operating Revenue": 109225000.0
    },
    "2023-10-31": {
        "Tax Effect Of Unusual Items": 0.0,
        "Tax Rate For Calcs": 0.267,
        "Normalized EBITDA": 13298000.0,
        "Net Income From Continuing Operation Net Minority Interest": 7586000.0,
        "Reconciled Depreciation": 3231000.0,
        "Reconciled Cost Of Revenue": 50929000.0,
        "EBITDA": 13298000.0,
        "EBIT": 10067000.0,
        "Net Interest Income": 281000.0,
        "Interest Income": NaN,
        "Normalized Income": 7586000.0,
        "Net Income From Continuing And Discontinued Operation": 7586000.0,
        "Total Expenses": 97495000.0,
        "Diluted Average Shares": 14438795.0,
        "Basic Average Shares": 14362702.0,
        "Diluted EPS": 0.53,
        "Basic EPS": 0.53,
        "Diluted NI Availto Com Stockholders": 7586000.0,
        "Net Income Common Stockholders": 7586000.0,
        "Net Income": 7586000.0,
        "Net Income Including Noncontrolling Interests": 7586000.0,
        "Net Income Continuous Operations": 7586000.0,
        "Tax Provision": 2762000.0,
        "Pretax Income": 10348000.0,
        "Net Non Operating Interest Income Expense": 281000.0,
        "Total Other Finance Cost": -281000.0,
        "Interest Income Non Operating": NaN,
        "Operating Income": 10067000.0,
        "Operating Expense": 46566000.0,
        "Selling General And Administration": 46566000.0,
        "Gross Profit": 56633000.0,
        "Cost Of Revenue": 50929000.0,
        "Total Revenue": 107562000.0,
        "Operating Revenue": 107562000.0
    },
    "2024-01-31": {
        "Tax Effect Of Unusual Items": 0.0,
        "Tax Rate For Calcs": 0.148227,
        "Normalized EBITDA": 29861000.0,
        "Net Income From Continuing Operation Net Minority Interest": 22273000.0,
        "Reconciled Depreciation": 4117000.0,
        "Reconciled Cost Of Revenue": 65057000.0,
        "EBITDA": 29861000.0,
        "EBIT": 25744000.0,
        "Net Interest Income": 405000.0,
        "Interest Income": NaN,
        "Normalized Income": 22273000.0,
        "Net Income From Continuing And Discontinued Operation": 22273000.0,
        "Total Expenses": 123533000.0,
        "Diluted Average Shares": 14224767.0,
        "Basic Average Shares": 14146883.0,
        "Diluted EPS": 1.57,
        "Basic EPS": 1.57,
        "Diluted NI Availto Com Stockholders": 22273000.0,
        "Net Income Common Stockholders": 22273000.0,
        "Net Income": 22273000.0,
        "Net Income Including Noncontrolling Interests": 22273000.0,
        "Net Income Continuous Operations": 22273000.0,
        "Tax Provision": 3876000.0,
        "Pretax Income": 26149000.0,
        "Net Non Operating Interest Income Expense": 405000.0,
        "Total Other Finance Cost": -405000.0,
        "Interest Income Non Operating": NaN,
        "Operating Income": 25744000.0,
        "Operating Expense": 58476000.0,
        "Selling General And Administration": 58476000.0,
        "Gross Profit": 84220000.0,
        "Cost Of Revenue": 65057000.0,
        "Total Revenue": 149277000.0,
        "Operating Revenue": 149277000.0
    },
    "2024-04-30": {
        "Tax Effect Of Unusual Items": 0.0,
        "Tax Rate For Calcs": 0.238,
        "Normalized EBITDA": 18261000.0,
        "Net Income From Continuing Operation Net Minority Interest": 11459000.0,
        "Reconciled Depreciation": 3658000.0,
        "Reconciled Cost Of Revenue": 52565000.0,
        "EBITDA": 18261000.0,
        "EBIT": 14603000.0,
        "Net Interest Income": 426000.0,
        "Interest Income": 426000.0,
        "Normalized Income": 11459000.0,
        "Net Income From Continuing And Discontinued Operation": 11459000.0,
        "Total Expenses": 100127000.0,
        "Diluted Average Shares": 14006400.0,
        "Basic Average Shares": 13925957.0,
        "Diluted EPS": 0.82,
        "Basic EPS": 0.82,
        "Diluted NI Availto Com Stockholders": 11459000.0,
        "Net Income Common Stockholders": 11459000.0,
        "Net Income": 11459000.0,
        "Net Income Including Noncontrolling Interests": 11459000.0,
        "Net Income Continuous Operations": 11459000.0,
        "Tax Provision": 3570000.0,
        "Pretax Income": 15029000.0,
        "Net Non Operating Interest Income Expense": 426000.0,
        "Total Other Finance Cost": NaN,
        "Interest Income Non Operating": 426000.0,
        "Operating Income": 14603000.0,
        "Operating Expense": 47562000.0,
        "Selling General And Administration": 47562000.0,
        "Gross Profit": 62165000.0,
        "Cost Of Revenue": 52565000.0,
        "Total Revenue": 114730000.0,
        "Operating Revenue": 114730000.0
    },
    "2024-07-31": {
        "Tax Effect Of Unusual Items": 0.0,
        "Tax Rate For Calcs": 0.238,
        "Normalized EBITDA": 14993000.0,
        "Net Income From Continuing Operation Net Minority Interest": 8778000.0,
        "Reconciled Depreciation": 3636000.0,
        "Reconciled Cost Of Revenue": 51229000.0,
        "EBITDA": 14993000.0,
        "EBIT": 11357000.0,
        "Net Interest Income": 188000.0,
        "Interest Income": NaN,
        "Normalized Income": 8778000.0,
        "Net Income From Continuing And Discontinued Operation": 8778000.0,
        "Total Expenses": 100441000.0,
        "Diluted Average Shares": 13685801.0,
        "Basic Average Shares": 13665958.0,
        "Diluted EPS": 0.64,
        "Basic EPS": 0.64,
        "Diluted NI Availto Com Stockholders": 8778000.0,
        "Net Income Common Stockholders": 8778000.0,
        "Net Income": 8778000.0,
        "Net Income Including Noncontrolling Interests": 8778000.0,
        "Net Income Continuous Operations": 8778000.0,
        "Tax Provision": 2767000.0,
        "Pretax Income": 11545000.0,
        "Net Non Operating Interest Income Expense": 188000.0,
        "Total Other Finance Cost": -188000.0,
        "Interest Income Non Operating": NaN,
        "Operating Income": 11357000.0,
        "Operating Expense": 49212000.0,
        "Selling General And Administration": 49212000.0,
        "Gross Profit": 60569000.0,
        "Cost Of Revenue": 51229000.0,
        "Total Revenue": 111798000.0,
        "Operating Revenue": 111798000.0
    }
}