{
    "2023-06-30": {
        "Tax Effect Of Unusual Items": 0.0,
        "Tax Rate For Calcs": 0.286,
        "Total Unusual Items": NaN,
        "Total Unusual Items Excluding Goodwill": NaN,
        "Net Income From Continuing Operation Net Minority Interest": 8604000.0,
        "Reconciled Depreciation": -120000.0,
        "Net Interest Income": 26989000.0,
        "Interest Expense": 20248000.0,
        "Interest Income": 47237000.0,
        "Normalized Income": 8604000.0,
        "Net Income From Continuing And Discontinued Operation": 8604000.0,
        "Diluted Average Shares": 16831000.0,
        "Basic Average Shares": 16824000.0,
        "Diluted EPS": 0.5,
        "Basic EPS": 0.5,
        "Diluted NI Availto Com Stockholders": 8430000.0,
        "Net Income Common Stockholders": 8430000.0,
        "Preferred Stock Dividends": 174000.0,
        "Net Income": 8604000.0,
        "Net Income Including Noncontrolling Interests": 8604000.0,
        "Net Income Continuous Operations": 8604000.0,
        "Tax Provision": 3447000.0,
        "Pretax Income": 12051000.0,
        "Special Income Charges": NaN,
        "Gain On Sale Of Security": -669000.0,
        "Selling General And Administration": 8331000.0,
        "Selling And Marketing Expense": 350000.0,
        "General And Administrative Expense": 7981000.0,
        "Other Gand A": NaN,
        "Salaries And Wages": 7981000.0,
        "Total Revenue": 28107000.0,
        "Operating Revenue": 28107000.0
    },
    "2023-03-31": {
        "Tax Effect Of Unusual Items": 0.0,
        "Tax Rate For Calcs": 0.285,
        "Total Unusual Items": NaN,
        "Total Unusual Items Excluding Goodwill": NaN,
        "Net Income From Continuing Operation Net Minority Interest": 8106000.0,
        "Reconciled Depreciation": 4000.0,
        "Net Interest Income": 27471000.0,
        "Interest Expense": 14881000.0,
        "Interest Income": 42352000.0,
        "Normalized Income": 8106000.0,
        "Net Income From Continuing And Discontinued Operation": 8106000.0,
        "Diluted Average Shares": 17208000.0,
        "Basic Average Shares": 16949000.0,
        "Diluted EPS": 0.46,
        "Basic EPS": 0.47,
        "Diluted NI Availto Com Stockholders": 7933000.0,
        "Net Income Common Stockholders": 7933000.0,
        "Preferred Stock Dividends": 173000.0,
        "Net Income": 8106000.0,
        "Net Income Including Noncontrolling Interests": 8106000.0,
        "Net Income Continuous Operations": 8106000.0,
        "Tax Provision": 3225000.0,
        "Pretax Income": 11331000.0,
        "Special Income Charges": NaN,
        "Gain On Sale Of Security": -3227000.0,
        "Selling General And Administration": 8161000.0,
        "Selling And Marketing Expense": 278000.0,
        "General And Administrative Expense": 7883000.0,
        "Other Gand A": NaN,
        "Salaries And Wages": 7883000.0,
        "Total Revenue": 25807000.0,
        "Operating Revenue": 25807000.0
    },
    "2022-12-31": {
        "Tax Effect Of Unusual Items": 0.0,
        "Tax Rate For Calcs": 0.231377,
        "Total Unusual Items": 0.0,
        "Total Unusual Items Excluding Goodwill": 0.0,
        "Net Income From Continuing Operation Net Minority Interest": 12072000.0,
        "Reconciled Depreciation": -91000.0,
        "Net Interest Income": 27048000.0,
        "Interest Expense": 8675000.0,
        "Interest Income": 35723000.0,
        "Normalized Income": 12072000.0,
        "Net Income From Continuing And Discontinued Operation": 12072000.0,
        "Diluted Average Shares": 17289000.0,
        "Basic Average Shares": 16916000.0,
        "Diluted EPS": 0.69,
        "Basic EPS": 0.7,
        "Diluted NI Availto Com Stockholders": 11900000.0,
        "Net Income Common Stockholders": 11900000.0,
        "Preferred Stock Dividends": 172000.0,
        "Net Income": 12072000.0,
        "Net Income Including Noncontrolling Interests": 12072000.0,
        "Net Income Continuous Operations": 12072000.0,
        "Tax Provision": 3634000.0,
        "Pretax Income": 15706000.0,
        "Special Income Charges": 0.0,
        "Gain On Sale Of Security": -723000.0,
        "Selling General And Administration": 8147000.0,
        "Selling And Marketing Expense": 260000.0,
        "General And Administrative Expense": 7887000.0,
        "Other Gand A": 1579000.0,
        "Salaries And Wages": 7887000.0,
        "Total Revenue": 31243000.0,
        "Operating Revenue": 31243000.0
    },
    "2022-09-30": {
        "Tax Effect Of Unusual Items": 0.0,
        "Tax Rate For Calcs": 0.293,
        "Total Unusual Items": 0.0,
        "Total Unusual Items Excluding Goodwill": 0.0,
        "Net Income From Continuing Operation Net Minority Interest": 13392000.0,
        "Reconciled Depreciation": 10000.0,
        "Net Interest Income": 30951000.0,
        "Interest Expense": 3449000.0,
        "Interest Income": 34400000.0,
        "Normalized Income": 13392000.0,
        "Net Income From Continuing And Discontinued Operation": 13392000.0,
        "Diluted Average Shares": 17356000.0,
        "Basic Average Shares": 16982000.0,
        "Diluted EPS": 0.76,
        "Basic EPS": 0.78,
        "Diluted NI Availto Com Stockholders": 13218000.0,
        "Net Income Common Stockholders": 13218000.0,
        "Preferred Stock Dividends": 174000.0,
        "Net Income": 13392000.0,
        "Net Income Including Noncontrolling Interests": 13392000.0,
        "Net Income Continuous Operations": 13392000.0,
        "Tax Provision": 5552000.0,
        "Pretax Income": 18944000.0,
        "Special Income Charges": 0.0,
        "Gain On Sale Of Security": -559000.0,
        "Selling General And Administration": 9389000.0,
        "Selling And Marketing Expense": 286000.0,
        "General And Administrative Expense": 9103000.0,
        "Other Gand A": 1784000.0,
        "Salaries And Wages": 7319000.0,
        "Total Revenue": 32397000.0,
        "Operating Revenue": 32397000.0
    },
    "2022-06-30": {
        "Tax Effect Of Unusual Items": 0.0,
        "Tax Rate For Calcs": 0.293,
        "Total Unusual Items": 0.0,
        "Total Unusual Items Excluding Goodwill": 0.0,
        "Net Income From Continuing Operation Net Minority Interest": 10163000.0,
        "Reconciled Depreciation": 466000.0,
        "Net Interest Income": 27741000.0,
        "Interest Expense": 2720000.0,
        "Interest Income": 30461000.0,
        "Normalized Income": 10163000.0,
        "Net Income From Continuing And Discontinued Operation": 10163000.0,
        "Diluted Average Shares": 17404000.0,
        "Basic Average Shares": 16997000.0,
        "Diluted EPS": 0.58,
        "Basic EPS": 0.59,
        "Diluted NI Availto Com Stockholders": 10025000.0,
        "Net Income Common Stockholders": 10025000.0,
        "Preferred Stock Dividends": 138000.0,
        "Net Income": 10163000.0,
        "Net Income Including Noncontrolling Interests": 10163000.0,
        "Net Income Continuous Operations": 10163000.0,
        "Tax Provision": 4209000.0,
        "Pretax Income": 14372000.0,
        "Special Income Charges": 0.0,
        "Gain On Sale Of Security": -2302000.0,
        "Selling General And Administration": 8978000.0,
        "Selling And Marketing Expense": 254000.0,
        "General And Administrative Expense": 8724000.0,
        "Other Gand A": 1713000.0,
        "Salaries And Wages": 7011000.0,
        "Total Revenue": 27428000.0,
        "Operating Revenue": 27428000.0
    },
    "2022-03-31": {
        "Diluted EPS": 0.56,
        "Total Revenue": 27,
        "Gross Profit": 24,
        "Operating Income": 14,
        "EBIT": NaN,
        "Net Income": 10
    },
    "2021-12-31": {
        "Diluted EPS": 0.6,
        "Total Revenue": 31,
        "Gross Profit": 28,
        "Operating Income": 15,
        "EBIT": NaN,
        "Net Income": 10
    },
    "2021-09-30": {
        "Diluted EPS": 0.47,
        "Total Revenue": 29,
        "Gross Profit": 26,
        "Operating Income": 12,
        "EBIT": NaN,
        "Net Income": 8
    },
    "2021-06-30": {
        "Diluted EPS": 0.45,
        "Total Revenue": 31,
        "Gross Profit": 27,
        "Operating Income": 11,
        "EBIT": NaN,
        "Net Income": 8
    },
    "2021-03-31": {
        "Diluted EPS": 0.4,
        "Total Revenue": 30,
        "Gross Profit": 26,
        "Operating Income": 10,
        "EBIT": NaN,
        "Net Income": 7
    },
    "2020-12-31": {
        "Diluted EPS": 0.41,
        "Total Revenue": 32,
        "Gross Profit": 26,
        "Operating Income": 10,
        "EBIT": NaN,
        "Net Income": 7
    },
    "2020-09-30": {
        "Diluted EPS": 0.47,
        "Total Revenue": 35,
        "Gross Profit": 28,
        "Operating Income": 12,
        "EBIT": NaN,
        "Net Income": 8
    },
    "2020-06-30": {
        "Diluted EPS": 0.14,
        "Total Revenue": 28,
        "Gross Profit": 19,
        "Operating Income": 4,
        "EBIT": NaN,
        "Net Income": 2
    },
    "2020-03-31": {
        "Diluted EPS": 0.12,
        "Total Revenue": 30,
        "Gross Profit": 19,
        "Operating Income": 4,
        "EBIT": NaN,
        "Net Income": 2
    },
    "2019-12-31": {
        "Diluted EPS": 0.28,
        "Total Revenue": 32,
        "Gross Profit": 21,
        "Operating Income": 7,
        "EBIT": NaN,
        "Net Income": 5
    },
    "2019-09-30": {
        "Diluted EPS": 0.3,
        "Total Revenue": 33,
        "Gross Profit": 22,
        "Operating Income": 8,
        "EBIT": NaN,
        "Net Income": 5
    },
    "2019-06-30": {
        "Diluted EPS": 0.3,
        "Total Revenue": 32,
        "Gross Profit": 22,
        "Operating Income": 8,
        "EBIT": NaN,
        "Net Income": 5
    },
    "2019-03-31": {
        "Diluted EPS": 0.32,
        "Total Revenue": 32,
        "Gross Profit": 23,
        "Operating Income": 8,
        "EBIT": NaN,
        "Net Income": 5
    },
    "2018-12-31": {
        "Diluted EPS": 0.32,
        "Total Revenue": 32,
        "Gross Profit": 22,
        "Operating Income": 8,
        "EBIT": NaN,
        "Net Income": 5
    },
    "2018-09-30": {
        "Diluted EPS": 0.27,
        "Total Revenue": 30,
        "Gross Profit": 22,
        "Operating Income": 7,
        "EBIT": NaN,
        "Net Income": 4
    },
    "2018-06-30": {
        "Diluted EPS": 0.13,
        "Total Revenue": 27,
        "Gross Profit": 22,
        "Operating Income": 6,
        "EBIT": NaN,
        "Net Income": 2
    },
    "2018-03-31": {
        "Diluted EPS": 0.29,
        "Total Revenue": 24,
        "Gross Profit": 20,
        "Operating Income": 7,
        "EBIT": NaN,
        "Net Income": 4
    },
    "2017-12-31": {
        "Diluted EPS": 0.04,
        "Total Revenue": 22,
        "Gross Profit": 18,
        "Operating Income": 7,
        "EBIT": NaN,
        "Net Income": 1
    },
    "2017-09-30": {
        "Diluted EPS": 0.25,
        "Total Revenue": 21,
        "Gross Profit": 17,
        "Operating Income": 5,
        "EBIT": NaN,
        "Net Income": 3
    },
    "2017-06-30": {
        "Diluted EPS": 0.21,
        "Total Revenue": 21,
        "Gross Profit": 17,
        "Operating Income": 4,
        "EBIT": NaN,
        "Net Income": 2
    },
    "2017-03-31": {
        "Diluted EPS": 0.25,
        "Total Revenue": 21,
        "Gross Profit": 17,
        "Operating Income": 5,
        "EBIT": NaN,
        "Net Income": 3
    },
    "2016-12-31": {
        "Diluted EPS": 0.2,
        "Total Revenue": 20,
        "Gross Profit": 16,
        "Operating Income": 4,
        "EBIT": NaN,
        "Net Income": 2
    },
    "2016-09-30": {
        "Diluted EPS": 0.15,
        "Total Revenue": 19,
        "Gross Profit": 15,
        "Operating Income": 3,
        "EBIT": NaN,
        "Net Income": 2
    },
    "2016-06-30": {
        "Diluted EPS": 0.12,
        "Total Revenue": 19,
        "Gross Profit": 15,
        "Operating Income": 3,
        "EBIT": NaN,
        "Net Income": 1
    },
    "2016-03-31": {
        "Diluted EPS": 0.16,
        "Total Revenue": 19,
        "Gross Profit": 15,
        "Operating Income": 3,
        "EBIT": NaN,
        "Net Income": 2
    },
    "2015-12-31": {
        "Diluted EPS": 0.05,
        "Total Revenue": 20,
        "Gross Profit": 16,
        "Operating Income": 2,
        "EBIT": NaN,
        "Net Income": 1
    },
    "2015-09-30": {
        "Diluted EPS": 0.24,
        "Total Revenue": 19,
        "Gross Profit": 16,
        "Operating Income": 4,
        "EBIT": NaN,
        "Net Income": 2
    },
    "2015-06-30": {
        "Diluted EPS": 0.2,
        "Total Revenue": 19,
        "Gross Profit": 15,
        "Operating Income": 3,
        "EBIT": NaN,
        "Net Income": 2
    },
    "2015-03-31": {
        "Diluted EPS": 0.2,
        "Total Revenue": 17,
        "Gross Profit": 14,
        "Operating Income": 3,
        "EBIT": NaN,
        "Net Income": 2
    },
    "2014-12-31": {
        "Diluted EPS": 0.17,
        "Total Revenue": 17,
        "Gross Profit": 14,
        "Operating Income": 3,
        "EBIT": NaN,
        "Net Income": 1
    },
    "2014-09-30": {
        "Diluted EPS": 0.11,
        "Total Revenue": 15,
        "Gross Profit": 12,
        "Operating Income": 2,
        "EBIT": NaN,
        "Net Income": 1
    },
    "2014-06-30": {
        "Diluted EPS": 0.29,
        "Total Revenue": 17,
        "Gross Profit": 14,
        "Operating Income": 4,
        "EBIT": NaN,
        "Net Income": 2
    },
    "2014-03-31": {
        "Diluted EPS": 0.24,
        "Total Revenue": 16,
        "Gross Profit": 13,
        "Operating Income": 4,
        "EBIT": NaN,
        "Net Income": 2
    },
    "2013-12-31": {
        "Diluted EPS": 0.26,
        "Total Revenue": 16,
        "Gross Profit": 13,
        "Operating Income": 4,
        "EBIT": NaN,
        "Net Income": 2
    },
    "2013-09-30": {
        "Diluted EPS": 0.24,
        "Total Revenue": 15,
        "Gross Profit": 12,
        "Operating Income": 4,
        "EBIT": NaN,
        "Net Income": 2
    },
    "2013-06-30": {
        "Diluted EPS": 0.29,
        "Total Revenue": 15,
        "Gross Profit": 12,
        "Operating Income": 4,
        "EBIT": NaN,
        "Net Income": 2
    },
    "2013-03-31": {
        "Diluted EPS": 0.27,
        "Total Revenue": 15,
        "Gross Profit": 12,
        "Operating Income": 4,
        "EBIT": NaN,
        "Net Income": 2
    },
    "2012-12-31": {
        "Diluted EPS": 0.12,
        "Total Revenue": 14,
        "Gross Profit": 11,
        "Operating Income": 1,
        "EBIT": NaN,
        "Net Income": 1
    },
    "2012-09-30": {
        "Diluted EPS": -0.15,
        "Total Revenue": 10,
        "Gross Profit": 8,
        "Operating Income": -3,
        "EBIT": NaN,
        "Net Income": -1
    },
    "2012-06-30": {
        "Diluted EPS": -0.37,
        "Total Revenue": 7,
        "Gross Profit": 4,
        "Operating Income": -5,
        "EBIT": NaN,
        "Net Income": -3
    },
    "2012-03-31": {
        "Diluted EPS": 0.17,
        "Total Revenue": 15,
        "Gross Profit": 12,
        "Operating Income": 3,
        "EBIT": NaN,
        "Net Income": 2
    },
    "2011-12-31": {
        "Diluted EPS": 0.1,
        "Total Revenue": 15,
        "Gross Profit": 12,
        "Operating Income": 1,
        "EBIT": NaN,
        "Net Income": 1
    },
    "2011-09-30": {
        "Diluted EPS": 0.13,
        "Total Revenue": 13,
        "Gross Profit": 10,
        "Operating Income": 2,
        "EBIT": NaN,
        "Net Income": 1
    },
    "2011-06-30": {
        "Diluted EPS": 0.21,
        "Total Revenue": 14,
        "Gross Profit": 10,
        "Operating Income": 4,
        "EBIT": NaN,
        "Net Income": 2
    },
    "2011-03-31": {
        "Diluted EPS": 0.2,
        "Total Revenue": 14,
        "Gross Profit": 10,
        "Operating Income": 3,
        "EBIT": NaN,
        "Net Income": 2
    },
    "2010-12-31": {
        "Diluted EPS": 0.42,
        "Total Revenue": 13,
        "Gross Profit": 10,
        "Operating Income": 2,
        "EBIT": NaN,
        "Net Income": 1
    },
    "2010-09-30": {
        "Diluted EPS": 1.28,
        "Total Revenue": 25,
        "Gross Profit": 21,
        "Operating Income": 12,
        "EBIT": NaN,
        "Net Income": 12
    },
    "2010-06-30": {
        "Diluted EPS": 0.2,
        "Total Revenue": 8,
        "Gross Profit": 5,
        "Operating Income": 2,
        "EBIT": NaN,
        "Net Income": 1
    },
    "2010-03-31": {
        "Diluted EPS": 0.15,
        "Total Revenue": 8,
        "Gross Profit": 5,
        "Operating Income": 1,
        "EBIT": NaN,
        "Net Income": 1
    },
    "2009-12-31": {
        "Diluted EPS": 0.16,
        "Total Revenue": 9,
        "Gross Profit": 5,
        "Operating Income": 2,
        "EBIT": NaN,
        "Net Income": 1
    },
    "2009-09-30": {
        "Diluted EPS": 0.21,
        "Total Revenue": 9,
        "Gross Profit": 5,
        "Operating Income": 2,
        "EBIT": NaN,
        "Net Income": 1
    },
    "2009-06-30": {
        "Diluted EPS": 0.14,
        "Total Revenue": 8,
        "Gross Profit": 5,
        "Operating Income": 1,
        "EBIT": NaN,
        "Net Income": 1
    },
    "2009-03-31": {
        "Diluted EPS": 0.29,
        "Total Revenue": 9,
        "Gross Profit": 5,
        "Operating Income": 2,
        "EBIT": NaN,
        "Net Income": 1
    },
    "2023-09-30": {
        "Tax Effect Of Unusual Items": 0.0,
        "Tax Rate For Calcs": 0.287,
        "Total Unusual Items": NaN,
        "Total Unusual Items Excluding Goodwill": NaN,
        "Net Income From Continuing Operation Net Minority Interest": 6711000.0,
        "Reconciled Depreciation": -239000.0,
        "Net Interest Income": 25680000.0,
        "Interest Expense": 23387000.0,
        "Interest Income": 49067000.0,
        "Normalized Income": 6711000.0,
        "Net Income From Continuing And Discontinued Operation": 6711000.0,
        "Diluted Average Shares": 16854000.0,
        "Basic Average Shares": 16830000.0,
        "Diluted EPS": 0.39,
        "Basic EPS": 0.39,
        "Diluted NI Availto Com Stockholders": 6538000.0,
        "Net Income Common Stockholders": 6538000.0,
        "Preferred Stock Dividends": 173000.0,
        "Net Income": 6711000.0,
        "Net Income Including Noncontrolling Interests": 6711000.0,
        "Net Income Continuous Operations": 6711000.0,
        "Tax Provision": 2707000.0,
        "Pretax Income": 9418000.0,
        "Special Income Charges": NaN,
        "Gain On Sale Of Security": -494000.0,
        "Selling General And Administration": 8115000.0,
        "Selling And Marketing Expense": 317000.0,
        "General And Administrative Expense": 7798000.0,
        "Other Gand A": NaN,
        "Salaries And Wages": 7798000.0,
        "Total Revenue": 27086000.0,
        "Operating Revenue": 27086000.0
    }
}