{
    "2023-06-30": {
        "Tax Effect Of Unusual Items": 165209.0,
        "Tax Rate For Calcs": 0.253,
        "Normalized EBITDA": 232893000.0,
        "Total Unusual Items": 653000.0,
        "Total Unusual Items Excluding Goodwill": 653000.0,
        "Net Income From Continuing Operation Net Minority Interest": 146320000.0,
        "Reconciled Depreciation": 31440000.0,
        "Reconciled Cost Of Revenue": 1425718000.0,
        "EBITDA": 233546000.0,
        "EBIT": 202106000.0,
        "Net Interest Income": 5180000.0,
        "Interest Expense": 6339000.0,
        "Interest Income": 11519000.0,
        "Normalized Income": 145832209.0,
        "Net Income From Continuing And Discontinued Operation": 146320000.0,
        "Total Expenses": 1625285000.0,
        "Total Operating Income As Reported": 189975000.0,
        "Diluted Average Shares": 39834000.0,
        "Basic Average Shares": 39675000.0,
        "Diluted EPS": 3.67,
        "Basic EPS": 3.69,
        "Diluted NI Availto Com Stockholders": 146320000.0,
        "Net Income Common Stockholders": 146320000.0,
        "Net Income": 146320000.0,
        "Net Income Including Noncontrolling Interests": 146320000.0,
        "Net Income Continuous Operations": 146320000.0,
        "Tax Provision": 49447000.0,
        "Pretax Income": 195767000.0,
        "Other Income Expense": 653000.0,
        "Gain On Sale Of Security": 653000.0,
        "Net Non Operating Interest Income Expense": 5180000.0,
        "Interest Expense Non Operating": 6339000.0,
        "Interest Income Non Operating": 11519000.0,
        "Operating Income": 189934000.0,
        "Operating Expense": 198849000.0,
        "Other Operating Expenses": -1266000.0,
        "Depreciation Amortization Depletion Income Statement": 30722000.0,
        "Depreciation And Amortization In Income Statement": 30722000.0,
        "Selling General And Administration": 169393000.0,
        "Selling And Marketing Expense": 139205000.0,
        "General And Administrative Expense": 30188000.0,
        "Other Gand A": 30147000.0,
        "Salaries And Wages": 41000.0,
        "Gross Profit": 388783000.0,
        "Cost Of Revenue": 1426436000.0,
        "Total Revenue": 1815219000.0,
        "Operating Revenue": 1815219000.0
    },
    "2023-03-31": {
        "Tax Effect Of Unusual Items": -224512.0,
        "Tax Rate For Calcs": 0.256,
        "Normalized EBITDA": 169099000.0,
        "Total Unusual Items": -877000.0,
        "Total Unusual Items Excluding Goodwill": -877000.0,
        "Net Income From Continuing Operation Net Minority Interest": 96733000.0,
        "Reconciled Depreciation": 31853000.0,
        "Reconciled Cost Of Revenue": 1229968000.0,
        "EBITDA": 168222000.0,
        "EBIT": 136369000.0,
        "Net Interest Income": 3324000.0,
        "Interest Expense": 6361000.0,
        "Interest Income": 9685000.0,
        "Normalized Income": 97385488.0,
        "Net Income From Continuing And Discontinued Operation": 96733000.0,
        "Total Expenses": 1416768000.0,
        "Total Operating Income As Reported": 127602000.0,
        "Diluted Average Shares": 39838000.0,
        "Basic Average Shares": 39593000.0,
        "Diluted EPS": 2.43,
        "Basic EPS": 2.44,
        "Diluted NI Availto Com Stockholders": 96733000.0,
        "Net Income Common Stockholders": 96733000.0,
        "Net Income": 96733000.0,
        "Net Income Including Noncontrolling Interests": 96733000.0,
        "Net Income Continuous Operations": 96733000.0,
        "Tax Provision": 33275000.0,
        "Pretax Income": 130008000.0,
        "Other Income Expense": -877000.0,
        "Gain On Sale Of Security": -877000.0,
        "Net Non Operating Interest Income Expense": 3324000.0,
        "Interest Expense Non Operating": 6361000.0,
        "Interest Income Non Operating": 9685000.0,
        "Operating Income": 127561000.0,
        "Operating Expense": 186133000.0,
        "Other Operating Expenses": -345000.0,
        "Depreciation Amortization Depletion Income Statement": 31186000.0,
        "Depreciation And Amortization In Income Statement": 31186000.0,
        "Selling General And Administration": 155292000.0,
        "Selling And Marketing Expense": 128788000.0,
        "General And Administrative Expense": 26504000.0,
        "Other Gand A": 26463000.0,
        "Salaries And Wages": 41000.0,
        "Gross Profit": 313694000.0,
        "Cost Of Revenue": 1230635000.0,
        "Total Revenue": 1544329000.0,
        "Operating Revenue": 1544329000.0
    },
    "2022-12-31": {
        "Tax Effect Of Unusual Items": 107127.885612,
        "Tax Rate For Calcs": 0.253858,
        "Normalized EBITDA": 195976000.0,
        "Total Unusual Items": 422000.0,
        "Total Unusual Items Excluding Goodwill": 422000.0,
        "Net Income From Continuing Operation Net Minority Interest": 117360000.0,
        "Reconciled Depreciation": 32666000.0,
        "Reconciled Cost Of Revenue": 1288033000.0,
        "EBITDA": 196398000.0,
        "EBIT": 163732000.0,
        "Net Interest Income": 1132000.0,
        "Interest Expense": 6443000.0,
        "Interest Income": 7575000.0,
        "Normalized Income": 117045127.885612,
        "Net Income From Continuing And Discontinued Operation": 117360000.0,
        "Total Expenses": 1472571000.0,
        "Total Operating Income As Reported": 155776000.0,
        "Diluted Average Shares": 39830000.0,
        "Basic Average Shares": 39544000.0,
        "Diluted EPS": 2.95,
        "Basic EPS": 2.97,
        "Diluted NI Availto Com Stockholders": 117360000.0,
        "Net Income Common Stockholders": 117360000.0,
        "Net Income": 117360000.0,
        "Net Income Including Noncontrolling Interests": 117360000.0,
        "Net Income Continuous Operations": 117360000.0,
        "Tax Provision": 39929000.0,
        "Pretax Income": 157289000.0,
        "Other Income Expense": 422000.0,
        "Gain On Sale Of Security": 422000.0,
        "Net Non Operating Interest Income Expense": 1132000.0,
        "Interest Expense Non Operating": 6443000.0,
        "Interest Income Non Operating": 7575000.0,
        "Operating Income": 155735000.0,
        "Operating Expense": 183854000.0,
        "Other Operating Expenses": -689000.0,
        "Depreciation Amortization Depletion Income Statement": 31982000.0,
        "Depreciation And Amortization In Income Statement": 31982000.0,
        "Selling General And Administration": 152561000.0,
        "Selling And Marketing Expense": 130145000.0,
        "General And Administrative Expense": 22416000.0,
        "Other Gand A": 22375000.0,
        "Salaries And Wages": 41000.0,
        "Gross Profit": 339589000.0,
        "Cost Of Revenue": 1288717000.0,
        "Total Revenue": 1628306000.0,
        "Operating Revenue": 1628306000.0
    },
    "2022-09-30": {
        "Tax Effect Of Unusual Items": -138780.0,
        "Tax Rate For Calcs": 0.257,
        "Normalized EBITDA": 331540000.0,
        "Total Unusual Items": -540000.0,
        "Total Unusual Items Excluding Goodwill": -540000.0,
        "Net Income From Continuing Operation Net Minority Interest": 219587000.0,
        "Reconciled Depreciation": 28973000.0,
        "Reconciled Cost Of Revenue": 1655380000.0,
        "EBITDA": 331000000.0,
        "EBIT": 302027000.0,
        "Net Interest Income": -3160000.0,
        "Interest Expense": 6398000.0,
        "Interest Income": 3238000.0,
        "Normalized Income": 219988220.0,
        "Net Income From Continuing And Discontinued Operation": 219587000.0,
        "Total Expenses": 1855318000.0,
        "Total Operating Income As Reported": 299370000.0,
        "Diluted Average Shares": 39776000.0,
        "Basic Average Shares": 39544000.0,
        "Diluted EPS": 5.52,
        "Basic EPS": 5.55,
        "Diluted NI Availto Com Stockholders": 219587000.0,
        "Net Income Common Stockholders": 219587000.0,
        "Net Income": 219587000.0,
        "Net Income Including Noncontrolling Interests": 219587000.0,
        "Net Income Continuous Operations": 219587000.0,
        "Tax Provision": 76042000.0,
        "Pretax Income": 295629000.0,
        "Other Income Expense": -540000.0,
        "Gain On Sale Of Security": -540000.0,
        "Net Non Operating Interest Income Expense": -3160000.0,
        "Interest Expense Non Operating": 6398000.0,
        "Interest Income Non Operating": 3238000.0,
        "Operating Income": 299329000.0,
        "Operating Expense": 199339000.0,
        "Other Operating Expenses": 1126000.0,
        "Depreciation Amortization Depletion Income Statement": 28374000.0,
        "Depreciation And Amortization In Income Statement": 28374000.0,
        "Selling General And Administration": 169839000.0,
        "Selling And Marketing Expense": 142176000.0,
        "General And Administrative Expense": 27663000.0,
        "Other Gand A": 27622000.0,
        "Salaries And Wages": 41000.0,
        "Gross Profit": 498668000.0,
        "Cost Of Revenue": 1655979000.0,
        "Total Revenue": 2154647000.0,
        "Operating Revenue": 2154647000.0
    },
    "2022-06-30": {
        "Tax Effect Of Unusual Items": -26565.0,
        "Tax Rate For Calcs": 0.253,
        "Normalized EBITDA": 319666000.0,
        "Total Unusual Items": -105000.0,
        "Total Unusual Items Excluding Goodwill": -105000.0,
        "Net Income From Continuing Operation Net Minority Interest": 218111000.0,
        "Reconciled Depreciation": 21247000.0,
        "Reconciled Cost Of Revenue": 1797395000.0,
        "EBITDA": 319561000.0,
        "EBIT": 298314000.0,
        "Net Interest Income": -4932000.0,
        "Interest Expense": 6317000.0,
        "Interest Income": 1385000.0,
        "Normalized Income": 218189435.0,
        "Net Income From Continuing And Discontinued Operation": 218111000.0,
        "Total Expenses": 1981038000.0,
        "Total Operating Income As Reported": 297075000.0,
        "Diluted Average Shares": 39763000.0,
        "Basic Average Shares": 39544000.0,
        "Diluted EPS": 5.49,
        "Basic EPS": 5.52,
        "Diluted NI Availto Com Stockholders": 218111000.0,
        "Net Income Common Stockholders": 218111000.0,
        "Net Income": 218111000.0,
        "Net Income Including Noncontrolling Interests": 218111000.0,
        "Net Income Continuous Operations": 218111000.0,
        "Tax Provision": 73886000.0,
        "Pretax Income": 291997000.0,
        "Other Income Expense": -105000.0,
        "Gain On Sale Of Security": -105000.0,
        "Net Non Operating Interest Income Expense": -4932000.0,
        "Interest Expense Non Operating": 6317000.0,
        "Interest Income Non Operating": 1385000.0,
        "Operating Income": 297034000.0,
        "Operating Expense": 183090000.0,
        "Other Operating Expenses": 375000.0,
        "Depreciation Amortization Depletion Income Statement": 20694000.0,
        "Depreciation And Amortization In Income Statement": 20694000.0,
        "Selling General And Administration": 162021000.0,
        "Selling And Marketing Expense": 134279000.0,
        "General And Administrative Expense": 27742000.0,
        "Other Gand A": 27701000.0,
        "Salaries And Wages": 41000.0,
        "Gross Profit": 480124000.0,
        "Cost Of Revenue": 1797948000.0,
        "Total Revenue": 2278072000.0,
        "Operating Revenue": 2278072000.0
    },
    "2022-03-31": {
        "Diluted EPS": 7.61,
        "Total Revenue": NaN,
        "Gross Profit": 596,
        "Operating Income": 406,
        "EBIT": 427,
        "Net Income": 303
    },
    "2021-12-31": {
        "Diluted EPS": 4.28,
        "Total Revenue": NaN,
        "Gross Profit": 391,
        "Operating Income": 227,
        "EBIT": 248,
        "Net Income": 169
    },
    "2021-09-30": {
        "Diluted EPS": 2.31,
        "Total Revenue": NaN,
        "Gross Profit": 285,
        "Operating Income": 129,
        "EBIT": 150,
        "Net Income": 92
    },
    "2021-06-30": {
        "Diluted EPS": 7.62,
        "Total Revenue": NaN,
        "Gross Profit": 579,
        "Operating Income": 410,
        "EBIT": 431,
        "Net Income": 303
    },
    "2021-03-31": {
        "Diluted EPS": 3.76,
        "Total Revenue": NaN,
        "Gross Profit": 371,
        "Operating Income": 205,
        "EBIT": 225,
        "Net Income": 149
    },
    "2020-12-31": {
        "Diluted EPS": 0.67,
        "Total Revenue": NaN,
        "Gross Profit": 239,
        "Operating Income": 99,
        "EBIT": 119,
        "Net Income": 26
    },
    "2020-09-30": {
        "Diluted EPS": 2.61,
        "Total Revenue": NaN,
        "Gross Profit": 328,
        "Operating Income": 159,
        "EBIT": 179,
        "Net Income": 103
    },
    "2020-06-30": {
        "Diluted EPS": 0.85,
        "Total Revenue": NaN,
        "Gross Profit": 194,
        "Operating Income": 52,
        "EBIT": 72,
        "Net Income": 34
    },
    "2020-03-31": {
        "Diluted EPS": 0.31,
        "Total Revenue": NaN,
        "Gross Profit": 178,
        "Operating Income": 26,
        "EBIT": 61,
        "Net Income": 12
    },
    "2019-12-31": {
        "Diluted EPS": 0.37,
        "Total Revenue": NaN,
        "Gross Profit": 162,
        "Operating Income": 25,
        "EBIT": 46,
        "Net Income": 15
    },
    "2019-09-30": {
        "Diluted EPS": 0.69,
        "Total Revenue": NaN,
        "Gross Profit": 191,
        "Operating Income": 45,
        "EBIT": 66,
        "Net Income": 27
    },
    "2019-06-30": {
        "Diluted EPS": 0.71,
        "Total Revenue": NaN,
        "Gross Profit": 180,
        "Operating Income": 45,
        "EBIT": 65,
        "Net Income": 28
    },
    "2019-03-31": {
        "Diluted EPS": 0.29,
        "Total Revenue": NaN,
        "Gross Profit": 144,
        "Operating Income": 22,
        "EBIT": 41,
        "Net Income": 11
    },
    "2018-12-31": {
        "Diluted EPS": -1.83,
        "Total Revenue": NaN,
        "Gross Profit": 125,
        "Operating Income": -84,
        "EBIT": -7,
        "Net Income": -72
    },
    "2018-09-30": {
        "Diluted EPS": 0.35,
        "Total Revenue": NaN,
        "Gross Profit": 175,
        "Operating Income": 30,
        "EBIT": 55,
        "Net Income": 14
    },
    "2018-06-30": {
        "Diluted EPS": 1.06,
        "Total Revenue": NaN,
        "Gross Profit": 214,
        "Operating Income": 74,
        "EBIT": 99,
        "Net Income": 42
    },
    "2018-03-31": {
        "Diluted EPS": 0.94,
        "Total Revenue": NaN,
        "Gross Profit": 173,
        "Operating Income": 52,
        "EBIT": 74,
        "Net Income": 37
    },
    "2017-12-31": {
        "Diluted EPS": 0.48,
        "Total Revenue": NaN,
        "Gross Profit": 145,
        "Operating Income": 22,
        "EBIT": 44,
        "Net Income": 19
    },
    "2017-09-30": {
        "Diluted EPS": 0.81,
        "Total Revenue": NaN,
        "Gross Profit": 181,
        "Operating Income": 56,
        "EBIT": 76,
        "Net Income": 32
    },
    "2017-06-30": {
        "Diluted EPS": 0.57,
        "Total Revenue": NaN,
        "Gross Profit": 159,
        "Operating Income": 42,
        "EBIT": 63,
        "Net Income": 22
    },
    "2017-03-31": {
        "Diluted EPS": 0.26,
        "Total Revenue": 974,
        "Gross Profit": 128,
        "Operating Income": 21,
        "EBIT": 41,
        "Net Income": 10
    },
    "2016-12-31": {
        "Diluted EPS": 0.1,
        "Total Revenue": 920,
        "Gross Profit": 110,
        "Operating Income": 2,
        "EBIT": 22,
        "Net Income": 4
    },
    "2016-09-30": {
        "Diluted EPS": 0.26,
        "Total Revenue": NaN,
        "Gross Profit": 145,
        "Operating Income": 31,
        "EBIT": 51,
        "Net Income": 10
    },
    "2016-06-30": {
        "Diluted EPS": 0.49,
        "Total Revenue": NaN,
        "Gross Profit": 149,
        "Operating Income": 38,
        "EBIT": 57,
        "Net Income": 19
    },
    "2016-03-31": {
        "Diluted EPS": 0.13,
        "Total Revenue": 881,
        "Gross Profit": 111,
        "Operating Income": 13,
        "EBIT": 29,
        "Net Income": 5
    },
    "2015-12-31": {
        "Diluted EPS": 0.07,
        "Total Revenue": 877,
        "Gross Profit": 107,
        "Operating Income": 8,
        "EBIT": 23,
        "Net Income": 2
    },
    "2015-09-30": {
        "Diluted EPS": 0.56,
        "Total Revenue": 992,
        "Gross Profit": 137,
        "Operating Income": 40,
        "EBIT": 55,
        "Net Income": 22
    },
    "2015-06-30": {
        "Diluted EPS": 0.51,
        "Total Revenue": 955,
        "Gross Profit": 131,
        "Operating Income": 37,
        "EBIT": 51,
        "Net Income": 20
    },
    "2015-03-31": {
        "Diluted EPS": 0.19,
        "Total Revenue": 810,
        "Gross Profit": 105,
        "Operating Income": 18,
        "EBIT": 32,
        "Net Income": 8
    },
    "2014-12-31": {
        "Diluted EPS": 0.4,
        "Total Revenue": 862,
        "Gross Profit": 120,
        "Operating Income": 29,
        "EBIT": 43,
        "Net Income": 16
    },
    "2014-09-30": {
        "Diluted EPS": 0.82,
        "Total Revenue": 983,
        "Gross Profit": 155,
        "Operating Income": 56,
        "EBIT": 70,
        "Net Income": 32
    },
    "2014-06-30": {
        "Diluted EPS": 0.67,
        "Total Revenue": 961,
        "Gross Profit": 138,
        "Operating Income": 46,
        "EBIT": 59,
        "Net Income": 26
    },
    "2014-03-31": {
        "Diluted EPS": 0.14,
        "Total Revenue": 767,
        "Gross Profit": 95,
        "Operating Income": 15,
        "EBIT": 27,
        "Net Income": 6
    },
    "2013-12-31": {
        "Diluted EPS": 0.13,
        "Total Revenue": 798,
        "Gross Profit": 107,
        "Operating Income": 21,
        "EBIT": 34,
        "Net Income": 10
    },
    "2013-09-30": {
        "Diluted EPS": 0.39,
        "Total Revenue": 878,
        "Gross Profit": 118,
        "Operating Income": 30,
        "EBIT": 40,
        "Net Income": 16
    },
    "2013-06-30": {
        "Diluted EPS": 0.24,
        "Total Revenue": 852,
        "Gross Profit": 101,
        "Operating Income": 22,
        "EBIT": 31,
        "Net Income": 10
    },
    "2013-03-31": {
        "Diluted EPS": 2.15,
        "Total Revenue": 745,
        "Gross Profit": 100,
        "Operating Income": 25,
        "EBIT": 34,
        "Net Income": 81
    },
    "2012-12-31": {
        "Diluted EPS": 0.04,
        "Total Revenue": 695,
        "Gross Profit": 87,
        "Operating Income": 9,
        "EBIT": 19,
        "Net Income": 1
    },
    "2012-09-30": {
        "Diluted EPS": 0.79,
        "Total Revenue": 765,
        "Gross Profit": 111,
        "Operating Income": 28,
        "EBIT": 37,
        "Net Income": 24
    },
    "2012-06-30": {
        "Diluted EPS": 0.51,
        "Total Revenue": 733,
        "Gross Profit": 100,
        "Operating Income": 20,
        "EBIT": 29,
        "Net Income": 15
    },
    "2012-03-31": {
        "Diluted EPS": 0.06,
        "Total Revenue": 587,
        "Gross Profit": 77,
        "Operating Income": 6,
        "EBIT": 15,
        "Net Income": 2
    },
    "2011-12-31": {
        "Diluted EPS": 0.0,
        "Total Revenue": NaN,
        "Gross Profit": NaN,
        "Operating Income": NaN,
        "EBIT": NaN,
        "Net Income": NaN
    },
    "2010-12-31": {
        "Diluted EPS": 0.0,
        "Total Revenue": NaN,
        "Gross Profit": NaN,
        "Operating Income": NaN,
        "EBIT": NaN,
        "Net Income": NaN
    },
    "2023-09-30": {
        "Tax Effect Of Unusual Items": -236895.0,
        "Tax Rate For Calcs": 0.255,
        "Normalized EBITDA": 231576000.0,
        "Total Unusual Items": -929000.0,
        "Total Unusual Items Excluding Goodwill": -929000.0,
        "Net Income From Continuing Operation Net Minority Interest": 143068000.0,
        "Reconciled Depreciation": 32223000.0,
        "Reconciled Cost Of Revenue": 1441429000.0,
        "EBITDA": 230647000.0,
        "EBIT": 198424000.0,
        "Net Interest Income": 7409000.0,
        "Interest Expense": 6351000.0,
        "Interest Income": 13760000.0,
        "Normalized Income": 143760105.0,
        "Net Income From Continuing And Discontinued Operation": 143068000.0,
        "Total Expenses": 1648848000.0,
        "Total Operating Income As Reported": 185633000.0,
        "Diluted Average Shares": 39983000.0,
        "Basic Average Shares": 39675000.0,
        "Diluted EPS": 3.58,
        "Basic EPS": 3.61,
        "Diluted NI Availto Com Stockholders": 143068000.0,
        "Net Income Common Stockholders": 143068000.0,
        "Net Income": 143068000.0,
        "Net Income Including Noncontrolling Interests": 143068000.0,
        "Net Income Continuous Operations": 143068000.0,
        "Tax Provision": 49005000.0,
        "Pretax Income": 192073000.0,
        "Other Income Expense": -929000.0,
        "Gain On Sale Of Security": -929000.0,
        "Net Non Operating Interest Income Expense": 7409000.0,
        "Interest Expense Non Operating": 6351000.0,
        "Interest Income Non Operating": 13760000.0,
        "Operating Income": 185593000.0,
        "Operating Expense": 206670000.0,
        "Other Operating Expenses": -141000.0,
        "Depreciation Amortization Depletion Income Statement": 31474000.0,
        "Depreciation And Amortization In Income Statement": 31474000.0,
        "Selling General And Administration": 175337000.0,
        "Selling And Marketing Expense": 147714000.0,
        "General And Administrative Expense": 27623000.0,
        "Other Gand A": 27583000.0,
        "Salaries And Wages": 40000.0,
        "Gross Profit": 392263000.0,
        "Cost Of Revenue": 1442178000.0,
        "Total Revenue": 1834441000.0,
        "Operating Revenue": 1834441000.0
    },
    "2023-12-31": {
        "Tax Effect Of Unusual Items": -147162.726708,
        "Tax Rate For Calcs": 0.233221,
        "Normalized EBITDA": 174175000.0,
        "Total Unusual Items": -631000.0,
        "Total Unusual Items Excluding Goodwill": -631000.0,
        "Net Income From Continuing Operation Net Minority Interest": 97535000.0,
        "Reconciled Depreciation": 39898000.0,
        "Reconciled Cost Of Revenue": 1309249000.0,
        "EBITDA": 173544000.0,
        "EBIT": 133646000.0,
        "Net Interest Income": 6697000.0,
        "Interest Expense": 6445000.0,
        "Interest Income": 13142000.0,
        "Normalized Income": 98018837.273292,
        "Net Income From Continuing And Discontinued Operation": 97535000.0,
        "Total Expenses": 1523121000.0,
        "Total Operating Income As Reported": 121176000.0,
        "Diluted Average Shares": 40020000.0,
        "Basic Average Shares": 39653000.0,
        "Diluted EPS": 2.44,
        "Basic EPS": 2.46,
        "Diluted NI Availto Com Stockholders": 97535000.0,
        "Net Income Common Stockholders": 97535000.0,
        "Net Income": 97535000.0,
        "Net Income Including Noncontrolling Interests": 97535000.0,
        "Net Income Continuous Operations": 97535000.0,
        "Tax Provision": 29666000.0,
        "Pretax Income": 127201000.0,
        "Other Income Expense": -631000.0,
        "Gain On Sale Of Security": -631000.0,
        "Net Non Operating Interest Income Expense": 6697000.0,
        "Interest Expense Non Operating": 6445000.0,
        "Interest Income Non Operating": 13142000.0,
        "Operating Income": 121135000.0,
        "Operating Expense": 213059000.0,
        "Other Operating Expenses": -104000.0,
        "Depreciation Amortization Depletion Income Statement": 39085000.0,
        "Depreciation And Amortization In Income Statement": 39085000.0,
        "Selling General And Administration": 174078000.0,
        "Selling And Marketing Expense": 143796000.0,
        "General And Administrative Expense": 30282000.0,
        "Other Gand A": 30241000.0,
        "Salaries And Wages": 41000.0,
        "Gross Profit": 334194000.0,
        "Cost Of Revenue": 1310062000.0,
        "Total Revenue": 1644256000.0,
        "Operating Revenue": 1644256000.0
    },
    "2024-03-31": {
        "Tax Effect Of Unusual Items": -124560.0,
        "Tax Rate For Calcs": 0.24,
        "Normalized EBITDA": 180163000.0,
        "Total Unusual Items": -519000.0,
        "Total Unusual Items Excluding Goodwill": -519000.0,
        "Net Income From Continuing Operation Net Minority Interest": 104124000.0,
        "Reconciled Depreciation": 36621000.0,
        "Reconciled Cost Of Revenue": 1306668000.0,
        "EBITDA": 179644000.0,
        "EBIT": 143023000.0,
        "Net Interest Income": 4527000.0,
        "Interest Expense": 6070000.0,
        "Interest Income": 10597000.0,
        "Normalized Income": 104518440.0,
        "Net Income From Continuing And Discontinued Operation": 104124000.0,
        "Total Expenses": 1512475000.0,
        "Total Operating Income As Reported": 132982000.0,
        "Diluted Average Shares": 39956000.0,
        "Basic Average Shares": 39608000.0,
        "Diluted EPS": 2.61,
        "Basic EPS": 2.63,
        "Diluted NI Availto Com Stockholders": 104124000.0,
        "Net Income Common Stockholders": 104124000.0,
        "Net Income": 104124000.0,
        "Net Income Including Noncontrolling Interests": 104124000.0,
        "Net Income Continuous Operations": 104124000.0,
        "Tax Provision": 32829000.0,
        "Pretax Income": 136953000.0,
        "Other Income Expense": -519000.0,
        "Gain On Sale Of Security": -519000.0,
        "Net Non Operating Interest Income Expense": 4527000.0,
        "Interest Expense Non Operating": 6070000.0,
        "Interest Income Non Operating": 10597000.0,
        "Operating Income": 132945000.0,
        "Operating Expense": 205036000.0,
        "Other Operating Expenses": -78000.0,
        "Depreciation Amortization Depletion Income Statement": 35850000.0,
        "Depreciation And Amortization In Income Statement": 35850000.0,
        "Selling General And Administration": 169264000.0,
        "Selling And Marketing Expense": 144110000.0,
        "General And Administrative Expense": 25154000.0,
        "Other Gand A": 25117000.0,
        "Salaries And Wages": 37000.0,
        "Gross Profit": 337981000.0,
        "Cost Of Revenue": 1307439000.0,
        "Total Revenue": 1645420000.0,
        "Operating Revenue": 1645420000.0
    }
}