{
    "2023-06-30": {
        "Tax Effect Of Unusual Items": 0.0,
        "Tax Rate For Calcs": 0.284,
        "Total Unusual Items": 0.0,
        "Total Unusual Items Excluding Goodwill": 0.0,
        "Net Income From Continuing Operation Net Minority Interest": 7206000.0,
        "Reconciled Depreciation": 735000.0,
        "Net Interest Income": 23941000.0,
        "Interest Expense": 6979000.0,
        "Interest Income": 30920000.0,
        "Normalized Income": 7206000.0,
        "Net Income From Continuing And Discontinued Operation": 7206000.0,
        "Diluted Average Shares": 12228206.0,
        "Basic Average Shares": 12228206.0,
        "Diluted EPS": 0.59,
        "Basic EPS": 0.59,
        "Diluted NI Availto Com Stockholders": 7206000.0,
        "Net Income Common Stockholders": 7206000.0,
        "Net Income": 7206000.0,
        "Net Income Including Noncontrolling Interests": 7206000.0,
        "Net Income Continuous Operations": 7206000.0,
        "Tax Provision": 2864000.0,
        "Pretax Income": 10070000.0,
        "Special Income Charges": 0.0,
        "Restructuring And Mergern Acquisition": 0.0,
        "Gain On Sale Of Security": -692000.0,
        "Depreciation Amortization Depletion Income Statement": 305000.0,
        "Depreciation And Amortization In Income Statement": 305000.0,
        "Amortization": 305000.0,
        "Amortization Of Intangibles Income Statement": 305000.0,
        "Selling General And Administration": 11515000.0,
        "Selling And Marketing Expense": 253000.0,
        "General And Administrative Expense": 11262000.0,
        "Insurance And Claims": 433000.0,
        "Salaries And Wages": 10829000.0,
        "Total Revenue": 25281000.0,
        "Operating Revenue": 25281000.0
    },
    "2023-03-31": {
        "Tax Effect Of Unusual Items": 0.0,
        "Tax Rate For Calcs": 0.281905,
        "Total Unusual Items": 0.0,
        "Total Unusual Items Excluding Goodwill": 0.0,
        "Net Income From Continuing Operation Net Minority Interest": 7191000.0,
        "Reconciled Depreciation": 822000.0,
        "Net Interest Income": 24925000.0,
        "Interest Expense": 4799000.0,
        "Interest Income": 29724000.0,
        "Normalized Income": 7191000.0,
        "Net Income From Continuing And Discontinued Operation": 7191000.0,
        "Diluted Average Shares": 12699476.0,
        "Basic Average Shares": 12699476.0,
        "Diluted EPS": 0.57,
        "Basic EPS": 0.57,
        "Diluted NI Availto Com Stockholders": 7191000.0,
        "Net Income Common Stockholders": 7191000.0,
        "Net Income": 7191000.0,
        "Net Income Including Noncontrolling Interests": 7191000.0,
        "Net Income Continuous Operations": 7191000.0,
        "Tax Provision": 2823000.0,
        "Pretax Income": 10014000.0,
        "Special Income Charges": 0.0,
        "Restructuring And Mergern Acquisition": 0.0,
        "Gain On Sale Of Security": -407000.0,
        "Depreciation Amortization Depletion Income Statement": 369000.0,
        "Depreciation And Amortization In Income Statement": 369000.0,
        "Amortization": 369000.0,
        "Amortization Of Intangibles Income Statement": 369000.0,
        "Selling General And Administration": 11465000.0,
        "Selling And Marketing Expense": 146000.0,
        "General And Administrative Expense": 11319000.0,
        "Insurance And Claims": 201000.0,
        "Salaries And Wages": 11118000.0,
        "Total Revenue": 26753000.0,
        "Operating Revenue": 26753000.0
    },
    "2022-12-31": {
        "Tax Effect Of Unusual Items": 0.0,
        "Tax Rate For Calcs": 0.271444,
        "Total Unusual Items": 0.0,
        "Total Unusual Items Excluding Goodwill": 0.0,
        "Net Income From Continuing Operation Net Minority Interest": 8052000.0,
        "Reconciled Depreciation": 992000.0,
        "Net Interest Income": 26090000.0,
        "Interest Expense": 3035000.0,
        "Interest Income": 29125000.0,
        "Normalized Income": 8052000.0,
        "Net Income From Continuing And Discontinued Operation": 8052000.0,
        "Diluted Average Shares": 12960723.0,
        "Basic Average Shares": 12960723.0,
        "Diluted EPS": 0.62,
        "Basic EPS": 0.62,
        "Diluted NI Availto Com Stockholders": 8052000.0,
        "Net Income Common Stockholders": 8052000.0,
        "Net Income": 8052000.0,
        "Net Income Including Noncontrolling Interests": 8052000.0,
        "Net Income Continuous Operations": 8052000.0,
        "Tax Provision": 3000000.0,
        "Pretax Income": 11052000.0,
        "Special Income Charges": 0.0,
        "Restructuring And Mergern Acquisition": 0.0,
        "Gain On Sale Of Security": -225000.0,
        "Depreciation Amortization Depletion Income Statement": 517000.0,
        "Depreciation And Amortization In Income Statement": 517000.0,
        "Amortization": 517000.0,
        "Amortization Of Intangibles Income Statement": 517000.0,
        "Selling General And Administration": 9733000.0,
        "Selling And Marketing Expense": 186000.0,
        "General And Administrative Expense": 9547000.0,
        "Insurance And Claims": 247000.0,
        "Salaries And Wages": 10813000.0,
        "Total Revenue": 27980000.0,
        "Operating Revenue": 27980000.0
    },
    "2022-09-30": {
        "Tax Effect Of Unusual Items": 0.0,
        "Tax Rate For Calcs": 0.29,
        "Total Unusual Items": 0.0,
        "Total Unusual Items Excluding Goodwill": 0.0,
        "Net Income From Continuing Operation Net Minority Interest": 7229000.0,
        "Reconciled Depreciation": 1005000.0,
        "Net Interest Income": 24439000.0,
        "Interest Expense": 2412000.0,
        "Interest Income": 26851000.0,
        "Normalized Income": 7229000.0,
        "Net Income From Continuing And Discontinued Operation": 7229000.0,
        "Diluted Average Shares": 13307555.0,
        "Basic Average Shares": 13307555.0,
        "Diluted EPS": 0.54,
        "Basic EPS": 0.54,
        "Diluted NI Availto Com Stockholders": 7229000.0,
        "Net Income Common Stockholders": 7229000.0,
        "Net Income": 7229000.0,
        "Net Income Including Noncontrolling Interests": 7229000.0,
        "Net Income Continuous Operations": 7229000.0,
        "Tax Provision": 2950000.0,
        "Pretax Income": 10179000.0,
        "Special Income Charges": 0.0,
        "Restructuring And Mergern Acquisition": 0.0,
        "Gain On Sale Of Security": -63000.0,
        "Depreciation Amortization Depletion Income Statement": 516000.0,
        "Depreciation And Amortization In Income Statement": 516000.0,
        "Amortization": 516000.0,
        "Amortization Of Intangibles Income Statement": 516000.0,
        "Selling General And Administration": 10164000.0,
        "Selling And Marketing Expense": 235000.0,
        "General And Administrative Expense": 10164000.0,
        "Other Gand A": 1562000.0,
        "Insurance And Claims": 235000.0,
        "Salaries And Wages": 10164000.0,
        "Total Revenue": 27469000.0,
        "Operating Revenue": 27469000.0
    },
    "2022-06-30": {
        "Tax Effect Of Unusual Items": 0.0,
        "Tax Rate For Calcs": 0.291,
        "Total Unusual Items": 0.0,
        "Total Unusual Items Excluding Goodwill": 0.0,
        "Net Income From Continuing Operation Net Minority Interest": 5218000.0,
        "Reconciled Depreciation": 1041000.0,
        "Net Interest Income": 22869000.0,
        "Interest Expense": 2452000.0,
        "Interest Income": 25321000.0,
        "Normalized Income": 5218000.0,
        "Net Income From Continuing And Discontinued Operation": 5218000.0,
        "Diluted Average Shares": 13575995.0,
        "Basic Average Shares": 13575995.0,
        "Diluted EPS": 0.29,
        "Basic EPS": 0.29,
        "Diluted NI Availto Com Stockholders": 5218000.0,
        "Net Income Common Stockholders": 5218000.0,
        "Net Income": 5218000.0,
        "Net Income Including Noncontrolling Interests": 5218000.0,
        "Net Income Continuous Operations": 5218000.0,
        "Tax Provision": 2137000.0,
        "Pretax Income": 7355000.0,
        "Special Income Charges": 0.0,
        "Restructuring And Mergern Acquisition": 0.0,
        "Gain On Sale Of Security": 21000.0,
        "Depreciation Amortization Depletion Income Statement": 516000.0,
        "Depreciation And Amortization In Income Statement": 516000.0,
        "Amortization": 516000.0,
        "Amortization Of Intangibles Income Statement": 516000.0,
        "Selling General And Administration": 9277000.0,
        "Selling And Marketing Expense": 237000.0,
        "General And Administrative Expense": 9277000.0,
        "Other Gand A": 1666000.0,
        "Insurance And Claims": 238000.0,
        "Salaries And Wages": 9277000.0,
        "Total Revenue": 25188000.0,
        "Operating Revenue": 25188000.0
    },
    "2022-03-31": {
        "Diluted EPS": 0.51,
        "Total Revenue": 29,
        "Gross Profit": 27,
        "Operating Income": 8,
        "EBIT": NaN,
        "Net Income": 6
    },
    "2021-12-31": {
        "Diluted EPS": 0.5,
        "Total Revenue": 24,
        "Gross Profit": 22,
        "Operating Income": 8,
        "EBIT": NaN,
        "Net Income": 5
    },
    "2021-09-30": {
        "Diluted EPS": 0.51,
        "Total Revenue": 24,
        "Gross Profit": 22,
        "Operating Income": 7,
        "EBIT": NaN,
        "Net Income": 5
    },
    "2021-06-30": {
        "Diluted EPS": 0.49,
        "Total Revenue": 22,
        "Gross Profit": 20,
        "Operating Income": 7,
        "EBIT": NaN,
        "Net Income": 5
    },
    "2021-03-31": {
        "Diluted EPS": 0.4,
        "Total Revenue": 23,
        "Gross Profit": 20,
        "Operating Income": 6,
        "EBIT": NaN,
        "Net Income": 5
    },
    "2020-12-31": {
        "Diluted EPS": 0.39,
        "Total Revenue": 24,
        "Gross Profit": 21,
        "Operating Income": 6,
        "EBIT": NaN,
        "Net Income": 5
    },
    "2020-09-30": {
        "Diluted EPS": 0.27,
        "Total Revenue": 23,
        "Gross Profit": 21,
        "Operating Income": 4,
        "EBIT": NaN,
        "Net Income": 3
    },
    "2020-06-30": {
        "Diluted EPS": 0.26,
        "Total Revenue": 24,
        "Gross Profit": 22,
        "Operating Income": 4,
        "EBIT": NaN,
        "Net Income": 3
    },
    "2020-03-31": {
        "Diluted EPS": 0.23,
        "Total Revenue": 25,
        "Gross Profit": 23,
        "Operating Income": 4,
        "EBIT": NaN,
        "Net Income": 3
    },
    "2019-12-31": {
        "Diluted EPS": 0.37,
        "Total Revenue": 25,
        "Gross Profit": 25,
        "Operating Income": 25,
        "EBIT": NaN,
        "Net Income": 5
    },
    "2019-09-30": {
        "Diluted EPS": 0.46,
        "Total Revenue": 23,
        "Gross Profit": 20,
        "Operating Income": 8,
        "EBIT": NaN,
        "Net Income": 6
    },
    "2019-06-30": {
        "Diluted EPS": 0.2,
        "Total Revenue": 20,
        "Gross Profit": 19,
        "Operating Income": 3,
        "EBIT": NaN,
        "Net Income": 2
    },
    "2019-03-31": {
        "Diluted EPS": 0.45,
        "Total Revenue": 18,
        "Gross Profit": 18,
        "Operating Income": 18,
        "EBIT": NaN,
        "Net Income": 5
    },
    "2018-12-31": {
        "Diluted EPS": 0.24,
        "Total Revenue": 17,
        "Gross Profit": 17,
        "Operating Income": 17,
        "EBIT": NaN,
        "Net Income": 3
    },
    "2018-09-30": {
        "Diluted EPS": 0.31,
        "Total Revenue": 16,
        "Gross Profit": 16,
        "Operating Income": 16,
        "EBIT": NaN,
        "Net Income": 4
    },
    "2018-06-30": {
        "Diluted EPS": 0.45,
        "Total Revenue": 16,
        "Gross Profit": 16,
        "Operating Income": 16,
        "EBIT": NaN,
        "Net Income": 4
    },
    "2018-03-31": {
        "Diluted EPS": 0.54,
        "Total Revenue": 15,
        "Gross Profit": 15,
        "Operating Income": 15,
        "EBIT": NaN,
        "Net Income": 4
    },
    "2017-12-31": {
        "Diluted EPS": -0.12,
        "Total Revenue": 14,
        "Gross Profit": 14,
        "Operating Income": 14,
        "EBIT": NaN,
        "Net Income": -1
    },
    "2017-09-30": {
        "Diluted EPS": 0.47,
        "Total Revenue": 14,
        "Gross Profit": 14,
        "Operating Income": 14,
        "EBIT": NaN,
        "Net Income": 3
    },
    "2017-06-30": {
        "Diluted EPS": 0.27,
        "Total Revenue": 12,
        "Gross Profit": 12,
        "Operating Income": 12,
        "EBIT": NaN,
        "Net Income": 2
    },
    "2016-12-31": {
        "Diluted EPS": 0.35,
        "Total Revenue": 8,
        "Gross Profit": 8,
        "Operating Income": 8,
        "EBIT": NaN,
        "Net Income": 2
    },
    "2016-09-30": {
        "Diluted EPS": 0.22,
        "Total Revenue": 7,
        "Gross Profit": 7,
        "Operating Income": 7,
        "EBIT": NaN,
        "Net Income": 1
    },
    "2016-06-30": {
        "Diluted EPS": 0.27,
        "Total Revenue": 8,
        "Gross Profit": 8,
        "Operating Income": 8,
        "EBIT": NaN,
        "Net Income": 1
    },
    "2016-03-31": {
        "Diluted EPS": 0.25,
        "Total Revenue": 7,
        "Gross Profit": 7,
        "Operating Income": 7,
        "EBIT": NaN,
        "Net Income": 1
    },
    "2015-12-31": {
        "Diluted EPS": -0.18,
        "Total Revenue": 7,
        "Gross Profit": 7,
        "Operating Income": 7,
        "EBIT": NaN,
        "Net Income": -1
    },
    "2015-09-30": {
        "Diluted EPS": 0.21,
        "Total Revenue": 7,
        "Gross Profit": 7,
        "Operating Income": 7,
        "EBIT": NaN,
        "Net Income": 1
    },
    "2015-06-30": {
        "Diluted EPS": 0.33,
        "Total Revenue": 8,
        "Gross Profit": 8,
        "Operating Income": 8,
        "EBIT": NaN,
        "Net Income": 2
    },
    "2015-03-31": {
        "Diluted EPS": 1.01,
        "Total Revenue": 12,
        "Gross Profit": 12,
        "Operating Income": 12,
        "EBIT": NaN,
        "Net Income": 5
    },
    "2014-12-31": {
        "Diluted EPS": 0.27,
        "Total Revenue": 6,
        "Gross Profit": 6,
        "Operating Income": 6,
        "EBIT": NaN,
        "Net Income": 1
    },
    "2014-09-30": {
        "Diluted EPS": 0.33,
        "Total Revenue": 6,
        "Gross Profit": 6,
        "Operating Income": 6,
        "EBIT": NaN,
        "Net Income": 2
    },
    "2014-06-30": {
        "Diluted EPS": 0.38,
        "Total Revenue": 7,
        "Gross Profit": 7,
        "Operating Income": 7,
        "EBIT": NaN,
        "Net Income": 2
    },
    "2014-03-31": {
        "Diluted EPS": 0.11,
        "Total Revenue": 4,
        "Gross Profit": 4,
        "Operating Income": 4,
        "EBIT": NaN,
        "Net Income": 1
    },
    "2013-12-31": {
        "Diluted EPS": 0.16,
        "Total Revenue": 4,
        "Gross Profit": 4,
        "Operating Income": 4,
        "EBIT": NaN,
        "Net Income": 1
    },
    "2013-09-30": {
        "Diluted EPS": 0.13,
        "Total Revenue": 4,
        "Gross Profit": 4,
        "Operating Income": 4,
        "EBIT": NaN,
        "Net Income": 1
    },
    "2013-06-30": {
        "Diluted EPS": 0.13,
        "Total Revenue": 4,
        "Gross Profit": 4,
        "Operating Income": 4,
        "EBIT": NaN,
        "Net Income": 1
    },
    "2013-03-31": {
        "Diluted EPS": 0.13,
        "Total Revenue": 4,
        "Gross Profit": 4,
        "Operating Income": 4,
        "EBIT": NaN,
        "Net Income": 1
    },
    "2012-12-31": {
        "Diluted EPS": 0.13,
        "Total Revenue": 4,
        "Gross Profit": 4,
        "Operating Income": 4,
        "EBIT": NaN,
        "Net Income": 1
    },
    "2012-09-30": {
        "Diluted EPS": 0.09,
        "Total Revenue": 3,
        "Gross Profit": 3,
        "Operating Income": 3,
        "EBIT": NaN,
        "Net Income": 0
    },
    "2012-06-30": {
        "Diluted EPS": 0.08,
        "Total Revenue": 4,
        "Gross Profit": 4,
        "Operating Income": 4,
        "EBIT": NaN,
        "Net Income": 0
    },
    "2012-03-31": {
        "Diluted EPS": 0.08,
        "Total Revenue": 4,
        "Gross Profit": 4,
        "Operating Income": 4,
        "EBIT": NaN,
        "Net Income": 0
    },
    "2011-12-31": {
        "Diluted EPS": 1.49,
        "Total Revenue": 11,
        "Gross Profit": 11,
        "Operating Income": 11,
        "EBIT": NaN,
        "Net Income": 7
    },
    "2011-09-30": {
        "Diluted EPS": 0.09,
        "Total Revenue": 3,
        "Gross Profit": 2,
        "Operating Income": 1,
        "EBIT": NaN,
        "Net Income": 0
    },
    "2011-06-30": {
        "Diluted EPS": 0.13,
        "Total Revenue": 2,
        "Gross Profit": 2,
        "Operating Income": 0,
        "EBIT": NaN,
        "Net Income": 0
    },
    "2011-03-31": {
        "Diluted EPS": -0.03,
        "Total Revenue": 2,
        "Gross Profit": 2,
        "Operating Income": 0,
        "EBIT": NaN,
        "Net Income": 0
    },
    "2010-12-31": {
        "Diluted EPS": 0.01,
        "Total Revenue": 3,
        "Gross Profit": 2,
        "Operating Income": 0,
        "EBIT": NaN,
        "Net Income": 0
    },
    "2010-09-30": {
        "Diluted EPS": 0.03,
        "Total Revenue": 2,
        "Gross Profit": 2,
        "Operating Income": 0,
        "EBIT": NaN,
        "Net Income": 0
    },
    "2010-06-30": {
        "Diluted EPS": 0.13,
        "Total Revenue": 2,
        "Gross Profit": 2,
        "Operating Income": 0,
        "EBIT": NaN,
        "Net Income": 0
    },
    "2010-03-31": {
        "Diluted EPS": 0.18,
        "Total Revenue": 2,
        "Gross Profit": 2,
        "Operating Income": 1,
        "EBIT": NaN,
        "Net Income": 0
    },
    "2009-12-31": {
        "Diluted EPS": 0.14,
        "Total Revenue": 2,
        "Gross Profit": 2,
        "Operating Income": 2,
        "EBIT": NaN,
        "Net Income": 0
    },
    "2009-09-30": {
        "Diluted EPS": 0.06,
        "Total Revenue": 2,
        "Gross Profit": 2,
        "Operating Income": 1,
        "EBIT": NaN,
        "Net Income": 0
    },
    "2009-06-30": {
        "Diluted EPS": 0.0,
        "Total Revenue": 2,
        "Gross Profit": 2,
        "Operating Income": 2,
        "EBIT": NaN,
        "Net Income": 0
    },
    "2009-03-31": {
        "Diluted EPS": 0.02,
        "Total Revenue": 1,
        "Gross Profit": 1,
        "Operating Income": 1,
        "EBIT": NaN,
        "Net Income": 0
    },
    "2023-09-30": {
        "Tax Effect Of Unusual Items": 0.0,
        "Tax Rate For Calcs": 0.285,
        "Total Unusual Items": 0.0,
        "Total Unusual Items Excluding Goodwill": 0.0,
        "Net Income From Continuing Operation Net Minority Interest": 6630000.0,
        "Reconciled Depreciation": 689000.0,
        "Net Interest Income": 24433000.0,
        "Interest Expense": 8021000.0,
        "Interest Income": 32454000.0,
        "Normalized Income": 6630000.0,
        "Net Income From Continuing And Discontinued Operation": 6630000.0,
        "Diluted Average Shares": 11812583.0,
        "Basic Average Shares": 11812583.0,
        "Diluted EPS": 0.56,
        "Basic EPS": 0.56,
        "Diluted NI Availto Com Stockholders": 6630000.0,
        "Net Income Common Stockholders": 6630000.0,
        "Net Income": 6630000.0,
        "Net Income Including Noncontrolling Interests": 6630000.0,
        "Net Income Continuous Operations": 6630000.0,
        "Tax Provision": 2640000.0,
        "Pretax Income": 9270000.0,
        "Special Income Charges": 0.0,
        "Restructuring And Mergern Acquisition": 0.0,
        "Gain On Sale Of Security": -49000.0,
        "Depreciation Amortization Depletion Income Statement": 305000.0,
        "Depreciation And Amortization In Income Statement": 305000.0,
        "Amortization": 305000.0,
        "Amortization Of Intangibles Income Statement": 305000.0,
        "Selling General And Administration": 10993000.0,
        "Selling And Marketing Expense": 258000.0,
        "General And Administrative Expense": 10735000.0,
        "Insurance And Claims": 367000.0,
        "Salaries And Wages": 10368000.0,
        "Total Revenue": 26429000.0,
        "Operating Revenue": 26429000.0
    },
    "2023-12-31": {
        "Tax Effect Of Unusual Items": 0.0,
        "Tax Rate For Calcs": 0.273347,
        "Total Unusual Items": 0.0,
        "Total Unusual Items Excluding Goodwill": 0.0,
        "Net Income From Continuing Operation Net Minority Interest": 6396000.0,
        "Reconciled Depreciation": 717000.0,
        "Net Interest Income": 23136000.0,
        "Interest Expense": 8664000.0,
        "Interest Income": 31800000.0,
        "Normalized Income": 6396000.0,
        "Net Income From Continuing And Discontinued Operation": 6396000.0,
        "Diluted Average Shares": 11571796.0,
        "Basic Average Shares": 11571796.0,
        "Diluted EPS": 0.55,
        "Basic EPS": 0.55,
        "Diluted NI Availto Com Stockholders": 6396000.0,
        "Net Income Common Stockholders": 6396000.0,
        "Net Income": 6396000.0,
        "Net Income Including Noncontrolling Interests": 6396000.0,
        "Net Income Continuous Operations": 6396000.0,
        "Tax Provision": 2406000.0,
        "Pretax Income": 8802000.0,
        "Special Income Charges": 0.0,
        "Restructuring And Mergern Acquisition": 0.0,
        "Gain On Sale Of Security": 1104000.0,
        "Depreciation Amortization Depletion Income Statement": 307000.0,
        "Depreciation And Amortization In Income Statement": 307000.0,
        "Amortization": 307000.0,
        "Amortization Of Intangibles Income Statement": 307000.0,
        "Selling General And Administration": 9616000.0,
        "Selling And Marketing Expense": 238000.0,
        "General And Administrative Expense": 9378000.0,
        "Insurance And Claims": 362000.0,
        "Salaries And Wages": 9016000.0,
        "Total Revenue": 25986000.0,
        "Operating Revenue": 25986000.0
    },
    "2024-03-31": {
        "Tax Effect Of Unusual Items": NaN,
        "Tax Rate For Calcs": NaN,
        "Total Unusual Items": NaN,
        "Total Unusual Items Excluding Goodwill": NaN,
        "Net Income From Continuing Operation Net Minority Interest": NaN,
        "Reconciled Depreciation": NaN,
        "Net Interest Income": NaN,
        "Interest Expense": NaN,
        "Interest Income": NaN,
        "Normalized Income": NaN,
        "Net Income From Continuing And Discontinued Operation": NaN,
        "Diluted Average Shares": 11525752.0,
        "Basic Average Shares": 11525752.0,
        "Diluted EPS": 0.51,
        "Basic EPS": 0.51,
        "Diluted NI Availto Com Stockholders": NaN,
        "Net Income Common Stockholders": NaN,
        "Net Income": NaN,
        "Net Income Including Noncontrolling Interests": NaN,
        "Net Income Continuous Operations": NaN,
        "Tax Provision": NaN,
        "Pretax Income": NaN,
        "Special Income Charges": NaN,
        "Restructuring And Mergern Acquisition": NaN,
        "Gain On Sale Of Security": NaN,
        "Depreciation Amortization Depletion Income Statement": NaN,
        "Depreciation And Amortization In Income Statement": NaN,
        "Amortization": NaN,
        "Amortization Of Intangibles Income Statement": NaN,
        "Selling General And Administration": NaN,
        "Selling And Marketing Expense": NaN,
        "General And Administrative Expense": NaN,
        "Insurance And Claims": NaN,
        "Salaries And Wages": NaN,
        "Total Revenue": NaN,
        "Operating Revenue": NaN
    }
}