{
    "2023-03-31": {
        "Tax Effect Of Unusual Items": -2373000.0,
        "Tax Rate For Calcs": 0.21,
        "Normalized EBITDA": 163400000.0,
        "Total Unusual Items": -11300000.0,
        "Total Unusual Items Excluding Goodwill": -11300000.0,
        "Net Income From Continuing Operation Net Minority Interest": 14300000.0,
        "Reconciled Depreciation": 67600000.0,
        "Reconciled Cost Of Revenue": 920300000.0,
        "EBITDA": 152100000.0,
        "EBIT": 84500000.0,
        "Net Interest Income": -40100000.0,
        "Interest Expense": 46600000.0,
        "Interest Income": 6500000.0,
        "Normalized Income": 23227000.0,
        "Net Income From Continuing And Discontinued Operation": 15000000.0,
        "Total Expenses": 1096600000.0,
        "Total Operating Income As Reported": 79800000.0,
        "Diluted Average Shares": 47400000.0,
        "Basic Average Shares": 46700000.0,
        "Diluted EPS": 0.32,
        "Basic EPS": 0.32,
        "Diluted NI Availto Com Stockholders": 15000000.0,
        "Net Income Common Stockholders": 15000000.0,
        "Net Income": 15000000.0,
        "Minority Interests": -3300000.0,
        "Net Income Including Noncontrolling Interests": 18300000.0,
        "Net Income Discontinuous Operations": 700000.0,
        "Net Income Continuous Operations": 17600000.0,
        "Tax Provision": 20300000.0,
        "Pretax Income": 37900000.0,
        "Other Income Expense": -10800000.0,
        "Other Non Operating Income Expenses": -100000.0,
        "Special Income Charges": -6100000.0,
        "Gain On Sale Of Ppe": -1900000.0,
        "Other Special Charges": 500000.0,
        "Write Off": 3700000.0,
        "Restructuring And Mergern Acquisition": NaN,
        "Earnings From Equity Interest": 600000.0,
        "Gain On Sale Of Security": -5200000.0,
        "Net Non Operating Interest Income Expense": -40100000.0,
        "Interest Expense Non Operating": 46600000.0,
        "Interest Income Non Operating": 6500000.0,
        "Operating Income": 88800000.0,
        "Operating Expense": 176300000.0,
        "Other Operating Expenses": -1900000.0,
        "Other Taxes": 1200000.0,
        "Selling General And Administration": 177000000.0,
        "General And Administrative Expense": NaN,
        "Other Gand A": NaN,
        "Salaries And Wages": NaN,
        "Gross Profit": 265100000.0,
        "Cost Of Revenue": 920300000.0,
        "Total Revenue": 1185400000.0,
        "Operating Revenue": 1185400000.0
    },
    "2022-12-31": {
        "Tax Effect Of Unusual Items": -2688000.0,
        "Tax Rate For Calcs": 0.21,
        "Normalized EBITDA": 216900000.0,
        "Total Unusual Items": -12800000.0,
        "Total Unusual Items Excluding Goodwill": -12800000.0,
        "Net Income From Continuing Operation Net Minority Interest": 47700000.0,
        "Reconciled Depreciation": 65900000.0,
        "Reconciled Cost Of Revenue": 874000000.0,
        "EBITDA": 204100000.0,
        "EBIT": 138200000.0,
        "Net Interest Income": -37200000.0,
        "Interest Expense": 43800000.0,
        "Interest Income": 6600000.0,
        "Normalized Income": 57812000.0,
        "Net Income From Continuing And Discontinued Operation": 45000000.0,
        "Total Expenses": 1039600000.0,
        "Total Operating Income As Reported": 142900000.0,
        "Diluted Average Shares": NaN,
        "Basic Average Shares": NaN,
        "Diluted EPS": NaN,
        "Basic EPS": NaN,
        "Diluted NI Availto Com Stockholders": 45000000.0,
        "Net Income Common Stockholders": 45000000.0,
        "Net Income": 45000000.0,
        "Minority Interests": -2000000.0,
        "Net Income Including Noncontrolling Interests": 47000000.0,
        "Net Income Discontinuous Operations": -2700000.0,
        "Net Income Continuous Operations": 49700000.0,
        "Tax Provision": 44700000.0,
        "Pretax Income": 94400000.0,
        "Other Income Expense": -19700000.0,
        "Other Non Operating Income Expenses": -7700000.0,
        "Special Income Charges": 200000.0,
        "Gain On Sale Of Ppe": 1300000.0,
        "Other Special Charges": 0.0,
        "Write Off": 1100000.0,
        "Restructuring And Mergern Acquisition": 0.0,
        "Earnings From Equity Interest": 800000.0,
        "Gain On Sale Of Security": -13000000.0,
        "Net Non Operating Interest Income Expense": -37200000.0,
        "Interest Expense Non Operating": 43800000.0,
        "Interest Income Non Operating": 6600000.0,
        "Operating Income": 151300000.0,
        "Operating Expense": 165600000.0,
        "Other Operating Expenses": -3800000.0,
        "Other Taxes": 2300000.0,
        "Selling General And Administration": 167100000.0,
        "General And Administrative Expense": NaN,
        "Other Gand A": NaN,
        "Salaries And Wages": NaN,
        "Gross Profit": 316900000.0,
        "Cost Of Revenue": 874000000.0,
        "Total Revenue": 1190900000.0,
        "Operating Revenue": 1190900000.0
    },
    "2022-09-30": {
        "Tax Effect Of Unusual Items": -4968600.0,
        "Tax Rate For Calcs": 0.273,
        "Normalized EBITDA": 142600000.0,
        "Total Unusual Items": -18200000.0,
        "Total Unusual Items Excluding Goodwill": -18200000.0,
        "Net Income From Continuing Operation Net Minority Interest": 19200000.0,
        "Reconciled Depreciation": 58600000.0,
        "Reconciled Cost Of Revenue": 880700000.0,
        "EBITDA": 124400000.0,
        "EBIT": 65800000.0,
        "Net Interest Income": -26600000.0,
        "Interest Expense": 34700000.0,
        "Interest Income": 8100000.0,
        "Normalized Income": 32431400.0,
        "Net Income From Continuing And Discontinued Operation": 19200000.0,
        "Total Expenses": 1058200000.0,
        "Total Operating Income As Reported": 59500000.0,
        "Diluted Average Shares": 47500000.0,
        "Basic Average Shares": 47400000.0,
        "Diluted EPS": 0.4,
        "Basic EPS": 0.41,
        "Diluted NI Availto Com Stockholders": 19200000.0,
        "Net Income Common Stockholders": 19200000.0,
        "Net Income": 19200000.0,
        "Minority Interests": -3400000.0,
        "Net Income Including Noncontrolling Interests": 22600000.0,
        "Net Income Discontinuous Operations": 0.0,
        "Net Income Continuous Operations": 22600000.0,
        "Tax Provision": 8500000.0,
        "Pretax Income": 31100000.0,
        "Other Income Expense": -20800000.0,
        "Other Non Operating Income Expenses": -3100000.0,
        "Special Income Charges": -12800000.0,
        "Gain On Sale Of Ppe": -100000.0,
        "Other Special Charges": 7800000.0,
        "Write Off": 4900000.0,
        "Restructuring And Mergern Acquisition": 0.0,
        "Earnings From Equity Interest": 500000.0,
        "Gain On Sale Of Security": -5400000.0,
        "Net Non Operating Interest Income Expense": -26600000.0,
        "Interest Expense Non Operating": 34700000.0,
        "Interest Income Non Operating": 8100000.0,
        "Operating Income": 78500000.0,
        "Operating Expense": 177500000.0,
        "Other Operating Expenses": -3900000.0,
        "Other Taxes": 600000.0,
        "Selling General And Administration": 180800000.0,
        "Gross Profit": 256000000.0,
        "Cost Of Revenue": 880700000.0,
        "Total Revenue": 1136700000.0,
        "Operating Revenue": 1136700000.0
    },
    "2022-06-30": {
        "Tax Effect Of Unusual Items": -1400000.0,
        "Tax Rate For Calcs": 0.4,
        "Normalized EBITDA": 163700000.0,
        "Total Unusual Items": -3500000.0,
        "Total Unusual Items Excluding Goodwill": -3500000.0,
        "Net Income From Continuing Operation Net Minority Interest": 35200000.0,
        "Reconciled Depreciation": 60300000.0,
        "Reconciled Cost Of Revenue": 867500000.0,
        "EBITDA": 160200000.0,
        "EBIT": 99900000.0,
        "Net Interest Income": -26900000.0,
        "Interest Expense": 32400000.0,
        "Interest Income": 5500000.0,
        "Normalized Income": 37300000.0,
        "Net Income From Continuing And Discontinued Operation": 35100000.0,
        "Total Expenses": 1032200000.0,
        "Total Operating Income As Reported": 96500000.0,
        "Diluted Average Shares": 47800000.0,
        "Basic Average Shares": 47400000.0,
        "Diluted EPS": 0.73,
        "Basic EPS": 0.74,
        "Diluted NI Availto Com Stockholders": 35100000.0,
        "Net Income Common Stockholders": 35100000.0,
        "Net Income": 35100000.0,
        "Minority Interests": -3000000.0,
        "Net Income Including Noncontrolling Interests": 38100000.0,
        "Net Income Discontinuous Operations": -100000.0,
        "Net Income Continuous Operations": 38200000.0,
        "Tax Provision": 29300000.0,
        "Pretax Income": 67500000.0,
        "Other Income Expense": -7300000.0,
        "Other Non Operating Income Expenses": -4100000.0,
        "Special Income Charges": 200000.0,
        "Gain On Sale Of Ppe": 1100000.0,
        "Other Special Charges": NaN,
        "Write Off": 900000.0,
        "Restructuring And Mergern Acquisition": NaN,
        "Earnings From Equity Interest": 300000.0,
        "Gain On Sale Of Security": -3700000.0,
        "Net Non Operating Interest Income Expense": -26900000.0,
        "Interest Expense Non Operating": 32400000.0,
        "Interest Income Non Operating": 5500000.0,
        "Operating Income": 101700000.0,
        "Operating Expense": 164700000.0,
        "Other Operating Expenses": -2300000.0,
        "Other Taxes": -500000.0,
        "Selling General And Administration": 167500000.0,
        "Gross Profit": 266400000.0,
        "Cost Of Revenue": 867500000.0,
        "Total Revenue": 1133900000.0,
        "Operating Revenue": 1133900000.0
    },
    "2022-03-31": {
        "Diluted EPS": 1.48,
        "Total Revenue": NaN,
        "Gross Profit": 234,
        "Operating Income": 62,
        "EBIT": 123,
        "Net Income": 71
    },
    "2021-12-31": {
        "Diluted EPS": 1.0,
        "Total Revenue": NaN,
        "Gross Profit": 278,
        "Operating Income": 146,
        "EBIT": 207,
        "Net Income": 50
    },
    "2021-09-30": {
        "Diluted EPS": 0.38,
        "Total Revenue": NaN,
        "Gross Profit": 238,
        "Operating Income": 74,
        "EBIT": 136,
        "Net Income": 19
    },
    "2021-06-30": {
        "Diluted EPS": 0.47,
        "Total Revenue": NaN,
        "Gross Profit": 230,
        "Operating Income": 73,
        "EBIT": 135,
        "Net Income": 24
    },
    "2021-03-31": {
        "Diluted EPS": 0.25,
        "Total Revenue": 978,
        "Gross Profit": 219,
        "Operating Income": 62,
        "EBIT": 117,
        "Net Income": 13
    },
    "2020-12-31": {
        "Diluted EPS": 0.51,
        "Total Revenue": NaN,
        "Gross Profit": 265,
        "Operating Income": 112,
        "EBIT": 167,
        "Net Income": 25
    },
    "2020-09-30": {
        "Diluted EPS": -0.48,
        "Total Revenue": 971,
        "Gross Profit": 228,
        "Operating Income": 76,
        "EBIT": 132,
        "Net Income": -24
    },
    "2020-06-30": {
        "Diluted EPS": 0.25,
        "Total Revenue": 826,
        "Gross Profit": 142,
        "Operating Income": -1,
        "EBIT": 51,
        "Net Income": 13
    },
    "2020-03-31": {
        "Diluted EPS": 0.03,
        "Total Revenue": 873,
        "Gross Profit": 179,
        "Operating Income": 26,
        "EBIT": 71,
        "Net Income": 2
    },
    "2019-12-31": {
        "Diluted EPS": -0.05,
        "Total Revenue": 936,
        "Gross Profit": 229,
        "Operating Income": 73,
        "EBIT": 119,
        "Net Income": -3
    },
    "2019-09-30": {
        "Diluted EPS": 0.1,
        "Total Revenue": 928,
        "Gross Profit": 214,
        "Operating Income": 53,
        "EBIT": 95,
        "Net Income": 5
    },
    "2019-06-30": {
        "Diluted EPS": 0.25,
        "Total Revenue": 914,
        "Gross Profit": 206,
        "Operating Income": 53,
        "EBIT": 101,
        "Net Income": 13
    },
    "2019-03-31": {
        "Diluted EPS": 0.27,
        "Total Revenue": 905,
        "Gross Profit": 202,
        "Operating Income": 58,
        "EBIT": 106,
        "Net Income": 14
    },
    "2018-12-31": {
        "Diluted EPS": 0.69,
        "Total Revenue": 908,
        "Gross Profit": 217,
        "Operating Income": 81,
        "EBIT": 124,
        "Net Income": 35
    },
    "2018-09-30": {
        "Diluted EPS": 0.34,
        "Total Revenue": 852,
        "Gross Profit": 200,
        "Operating Income": 67,
        "EBIT": 109,
        "Net Income": 17
    },
    "2018-06-30": {
        "Diluted EPS": -2.11,
        "Total Revenue": 850,
        "Gross Profit": 183,
        "Operating Income": 62,
        "EBIT": 101,
        "Net Income": -108
    },
    "2018-03-31": {
        "Diluted EPS": 0.43,
        "Total Revenue": 879,
        "Gross Profit": 186,
        "Operating Income": 65,
        "EBIT": 104,
        "Net Income": 22
    },
    "2017-12-31": {
        "Diluted EPS": -1.01,
        "Total Revenue": 903,
        "Gross Profit": 201,
        "Operating Income": 88,
        "EBIT": 129,
        "Net Income": -52
    },
    "2017-09-30": {
        "Diluted EPS": 0.38,
        "Total Revenue": 850,
        "Gross Profit": 183,
        "Operating Income": 66,
        "EBIT": 104,
        "Net Income": 20
    },
    "2017-06-30": {
        "Diluted EPS": 0.28,
        "Total Revenue": 806,
        "Gross Profit": 177,
        "Operating Income": 48,
        "EBIT": 83,
        "Net Income": 14
    },
    "2017-03-31": {
        "Diluted EPS": 0.67,
        "Total Revenue": 788,
        "Gross Profit": 178,
        "Operating Income": 71,
        "EBIT": 105,
        "Net Income": 35
    },
    "2016-12-31": {
        "Diluted EPS": 0.25,
        "Total Revenue": 804,
        "Gross Profit": 191,
        "Operating Income": 69,
        "EBIT": 103,
        "Net Income": 13
    },
    "2016-09-30": {
        "Diluted EPS": 0.48,
        "Total Revenue": 756,
        "Gross Profit": 161,
        "Operating Income": 60,
        "EBIT": 92,
        "Net Income": 25
    },
    "2016-06-30": {
        "Diluted EPS": 0.01,
        "Total Revenue": 740,
        "Gross Profit": 143,
        "Operating Income": 32,
        "EBIT": 65,
        "Net Income": 0
    },
    "2016-03-31": {
        "Diluted EPS": -0.06,
        "Total Revenue": 722,
        "Gross Profit": 133,
        "Operating Income": 24,
        "EBIT": 56,
        "Net Income": -3
    },
    "2015-12-31": {
        "Diluted EPS": -0.07,
        "Total Revenue": 766,
        "Gross Profit": 189,
        "Operating Income": 73,
        "EBIT": 106,
        "Net Income": -4
    },
    "2015-09-30": {
        "Diluted EPS": 0.15,
        "Total Revenue": 759,
        "Gross Profit": 143,
        "Operating Income": 25,
        "EBIT": 58,
        "Net Income": 8
    },
    "2015-06-30": {
        "Diluted EPS": -0.26,
        "Total Revenue": 760,
        "Gross Profit": 139,
        "Operating Income": -15,
        "EBIT": 22,
        "Net Income": -13
    },
    "2015-03-31": {
        "Diluted EPS": -0.06,
        "Total Revenue": 776,
        "Gross Profit": 147,
        "Operating Income": 13,
        "EBIT": 50,
        "Net Income": -3
    },
    "2014-12-31": {
        "Diluted EPS": -0.95,
        "Total Revenue": 881,
        "Gross Profit": 138,
        "Operating Income": -24,
        "EBIT": 16,
        "Net Income": -47
    },
    "2014-09-30": {
        "Diluted EPS": 0.41,
        "Total Revenue": 873,
        "Gross Profit": 146,
        "Operating Income": 61,
        "EBIT": 101,
        "Net Income": 20
    },
    "2014-06-30": {
        "Diluted EPS": 0.03,
        "Total Revenue": 859,
        "Gross Profit": 140,
        "Operating Income": 9,
        "EBIT": 50,
        "Net Income": 2
    },
    "2014-03-31": {
        "Diluted EPS": -1.2,
        "Total Revenue": 950,
        "Gross Profit": 190,
        "Operating Income": -74,
        "EBIT": -32,
        "Net Income": -59
    },
    "2013-12-31": {
        "Diluted EPS": 0.83,
        "Total Revenue": 876,
        "Gross Profit": 185,
        "Operating Income": 54,
        "EBIT": 93,
        "Net Income": 41
    },
    "2013-09-30": {
        "Diluted EPS": 0.49,
        "Total Revenue": 982,
        "Gross Profit": 199,
        "Operating Income": 59,
        "EBIT": 102,
        "Net Income": 24
    },
    "2013-06-30": {
        "Diluted EPS": 0.18,
        "Total Revenue": 970,
        "Gross Profit": 178,
        "Operating Income": 33,
        "EBIT": 75,
        "Net Income": 9
    },
    "2013-03-31": {
        "Diluted EPS": -0.34,
        "Total Revenue": 951,
        "Gross Profit": 158,
        "Operating Income": 17,
        "EBIT": 59,
        "Net Income": -17
    },
    "2012-12-31": {
        "Diluted EPS": 0.57,
        "Total Revenue": 756,
        "Gross Profit": 154,
        "Operating Income": 38,
        "EBIT": 65,
        "Net Income": 28
    },
    "2012-09-30": {
        "Diluted EPS": 0.28,
        "Total Revenue": 945,
        "Gross Profit": 180,
        "Operating Income": 46,
        "EBIT": 86,
        "Net Income": 14
    },
    "2012-06-30": {
        "Diluted EPS": 0.63,
        "Total Revenue": 936,
        "Gross Profit": 169,
        "Operating Income": 31,
        "EBIT": 72,
        "Net Income": 31
    },
    "2012-03-31": {
        "Diluted EPS": 0.35,
        "Total Revenue": 941,
        "Gross Profit": 180,
        "Operating Income": 47,
        "EBIT": 88,
        "Net Income": 17
    },
    "2011-12-31": {
        "Diluted EPS": 0.34,
        "Total Revenue": 775,
        "Gross Profit": 182,
        "Operating Income": 83,
        "EBIT": 110,
        "Net Income": 16
    },
    "2011-09-30": {
        "Diluted EPS": 0.64,
        "Total Revenue": 996,
        "Gross Profit": 188,
        "Operating Income": 63,
        "EBIT": 103,
        "Net Income": 31
    },
    "2011-06-30": {
        "Diluted EPS": 0.16,
        "Total Revenue": 979,
        "Gross Profit": 171,
        "Operating Income": 20,
        "EBIT": 62,
        "Net Income": 8
    },
    "2011-03-31": {
        "Diluted EPS": 0.41,
        "Total Revenue": 913,
        "Gross Profit": 156,
        "Operating Income": 37,
        "EBIT": 76,
        "Net Income": 20
    },
    "2010-12-31": {
        "Diluted EPS": 0.41,
        "Total Revenue": 735,
        "Gross Profit": 183,
        "Operating Income": 77,
        "EBIT": 104,
        "Net Income": 20
    },
    "2010-09-30": {
        "Diluted EPS": 0.5,
        "Total Revenue": 776,
        "Gross Profit": 150,
        "Operating Income": 44,
        "EBIT": 79,
        "Net Income": 24
    },
    "2010-06-30": {
        "Diluted EPS": 0.44,
        "Total Revenue": 729,
        "Gross Profit": 126,
        "Operating Income": 32,
        "EBIT": 64,
        "Net Income": 22
    },
    "2010-03-31": {
        "Diluted EPS": -0.17,
        "Total Revenue": 735,
        "Gross Profit": 125,
        "Operating Income": 24,
        "EBIT": 56,
        "Net Income": -8
    },
    "2009-12-31": {
        "Diluted EPS": 2.56,
        "Total Revenue": 849,
        "Gross Profit": 170,
        "Operating Income": 38,
        "EBIT": 75,
        "Net Income": 123
    },
    "2009-09-30": {
        "Diluted EPS": 0.72,
        "Total Revenue": 802,
        "Gross Profit": 154,
        "Operating Income": 61,
        "EBIT": 95,
        "Net Income": 34
    },
    "2009-06-30": {
        "Diluted EPS": 0.44,
        "Total Revenue": 752,
        "Gross Profit": 131,
        "Operating Income": 27,
        "EBIT": 60,
        "Net Income": 20
    },
    "2009-03-31": {
        "Diluted EPS": 0.49,
        "Total Revenue": 733,
        "Gross Profit": 141,
        "Operating Income": 42,
        "EBIT": 72,
        "Net Income": 23
    },
    "2023-06-30": {
        "Tax Effect Of Unusual Items": -1157100.0,
        "Tax Rate For Calcs": 0.399,
        "Normalized EBITDA": 182200000.0,
        "Total Unusual Items": -2900000.0,
        "Total Unusual Items Excluding Goodwill": -2900000.0,
        "Net Income From Continuing Operation Net Minority Interest": 32200000.0,
        "Reconciled Depreciation": 69600000.0,
        "Reconciled Cost Of Revenue": 943800000.0,
        "EBITDA": 179300000.0,
        "EBIT": 109700000.0,
        "Net Interest Income": -43600000.0,
        "Interest Expense": 51100000.0,
        "Interest Income": 7500000.0,
        "Normalized Income": 33942900.0,
        "Net Income From Continuing And Discontinued Operation": 32100000.0,
        "Total Expenses": 1111500000.0,
        "Total Operating Income As Reported": 105600000.0,
        "Diluted Average Shares": 47300000.0,
        "Basic Average Shares": 46700000.0,
        "Diluted EPS": 0.68,
        "Basic EPS": 0.69,
        "Diluted NI Availto Com Stockholders": 32100000.0,
        "Net Income Common Stockholders": 32100000.0,
        "Net Income": 32100000.0,
        "Minority Interests": -3000000.0,
        "Net Income Including Noncontrolling Interests": 35100000.0,
        "Net Income Discontinuous Operations": -100000.0,
        "Net Income Continuous Operations": 35200000.0,
        "Tax Provision": 23400000.0,
        "Pretax Income": 58600000.0,
        "Other Income Expense": -2500000.0,
        "Other Non Operating Income Expenses": -200000.0,
        "Special Income Charges": 2300000.0,
        "Gain On Sale Of Ppe": 100000.0,
        "Other Special Charges": 2100000.0,
        "Write Off": 500000.0,
        "Restructuring And Mergern Acquisition": -4800000.0,
        "Earnings From Equity Interest": 600000.0,
        "Gain On Sale Of Security": -5200000.0,
        "Net Non Operating Interest Income Expense": -43600000.0,
        "Interest Expense Non Operating": 51100000.0,
        "Interest Income Non Operating": 7500000.0,
        "Operating Income": 104700000.0,
        "Operating Expense": 167700000.0,
        "Other Operating Expenses": -4500000.0,
        "Other Taxes": 1600000.0,
        "Selling General And Administration": 170600000.0,
        "General And Administrative Expense": NaN,
        "Other Gand A": NaN,
        "Salaries And Wages": NaN,
        "Gross Profit": 272400000.0,
        "Cost Of Revenue": 943800000.0,
        "Total Revenue": 1216200000.0,
        "Operating Revenue": 1216200000.0
    },
    "2023-09-30": {
        "Tax Effect Of Unusual Items": -2016000.0,
        "Tax Rate For Calcs": 0.21,
        "Normalized EBITDA": 219300000.0,
        "Total Unusual Items": -9600000.0,
        "Total Unusual Items Excluding Goodwill": -9600000.0,
        "Net Income From Continuing Operation Net Minority Interest": 45700000.0,
        "Reconciled Depreciation": 69100000.0,
        "Reconciled Cost Of Revenue": 921000000.0,
        "EBITDA": 209700000.0,
        "EBIT": 140600000.0,
        "Net Interest Income": -40900000.0,
        "Interest Expense": 53800000.0,
        "Interest Income": 12900000.0,
        "Normalized Income": 53284000.0,
        "Net Income From Continuing And Discontinued Operation": 45600000.0,
        "Total Expenses": 1091500000.0,
        "Total Operating Income As Reported": 137700000.0,
        "Diluted Average Shares": 47100000.0,
        "Basic Average Shares": 46500000.0,
        "Diluted EPS": 0.97,
        "Basic EPS": 0.98,
        "Diluted NI Availto Com Stockholders": 45600000.0,
        "Net Income Common Stockholders": 45600000.0,
        "Net Income": 45600000.0,
        "Minority Interests": -3800000.0,
        "Net Income Including Noncontrolling Interests": 49400000.0,
        "Net Income Discontinuous Operations": -100000.0,
        "Net Income Continuous Operations": 49500000.0,
        "Tax Provision": 37300000.0,
        "Pretax Income": 86800000.0,
        "Other Income Expense": -8200000.0,
        "Other Non Operating Income Expenses": 700000.0,
        "Special Income Charges": -1200000.0,
        "Gain On Sale Of Ppe": 3200000.0,
        "Other Special Charges": 1400000.0,
        "Write Off": 3000000.0,
        "Restructuring And Mergern Acquisition": 0.0,
        "Earnings From Equity Interest": 700000.0,
        "Gain On Sale Of Security": -8400000.0,
        "Net Non Operating Interest Income Expense": -40900000.0,
        "Interest Expense Non Operating": 53800000.0,
        "Interest Income Non Operating": 12900000.0,
        "Operating Income": 135900000.0,
        "Operating Expense": 170500000.0,
        "Other Operating Expenses": -2100000.0,
        "Other Taxes": 2800000.0,
        "Selling General And Administration": 169800000.0,
        "General And Administrative Expense": 169800000.0,
        "Other Gand A": 170000000.0,
        "Salaries And Wages": -200000.0,
        "Gross Profit": 306400000.0,
        "Cost Of Revenue": 921000000.0,
        "Total Revenue": 1227400000.0,
        "Operating Revenue": 1227400000.0
    },
    "2023-12-31": {
        "Tax Effect Of Unusual Items": -12495000.0,
        "Tax Rate For Calcs": 0.21,
        "Normalized EBITDA": 233800000.0,
        "Total Unusual Items": -59500000.0,
        "Total Unusual Items Excluding Goodwill": -59500000.0,
        "Net Income From Continuing Operation Net Minority Interest": -6200000.0,
        "Reconciled Depreciation": 69500000.0,
        "Reconciled Cost Of Revenue": 922000000.0,
        "EBITDA": 174300000.0,
        "EBIT": 104800000.0,
        "Net Interest Income": -42900000.0,
        "Interest Expense": 52300000.0,
        "Interest Income": 9400000.0,
        "Normalized Income": 40805000.0,
        "Net Income From Continuing And Discontinued Operation": -5000000.0,
        "Total Expenses": 1093900000.0,
        "Total Operating Income As Reported": 102100000.0,
        "Diluted Average Shares": NaN,
        "Basic Average Shares": NaN,
        "Diluted EPS": NaN,
        "Basic EPS": NaN,
        "Diluted NI Availto Com Stockholders": -5000000.0,
        "Net Income Common Stockholders": -5000000.0,
        "Net Income": -5000000.0,
        "Minority Interests": -500000.0,
        "Net Income Including Noncontrolling Interests": -4500000.0,
        "Net Income Discontinuous Operations": 1200000.0,
        "Net Income Continuous Operations": -5700000.0,
        "Tax Provision": 58200000.0,
        "Pretax Income": 52500000.0,
        "Other Income Expense": -56300000.0,
        "Other Non Operating Income Expenses": 2300000.0,
        "Special Income Charges": -600000.0,
        "Gain On Sale Of Ppe": 500000.0,
        "Other Special Charges": -600000.0,
        "Write Off": 3100000.0,
        "Restructuring And Mergern Acquisition": -1400000.0,
        "Earnings From Equity Interest": 900000.0,
        "Gain On Sale Of Security": -58900000.0,
        "Net Non Operating Interest Income Expense": -42900000.0,
        "Interest Expense Non Operating": 52300000.0,
        "Interest Income Non Operating": 9400000.0,
        "Operating Income": 151700000.0,
        "Operating Expense": 171900000.0,
        "Other Operating Expenses": -3900000.0,
        "Other Taxes": 3800000.0,
        "Selling General And Administration": 172000000.0,
        "General And Administrative Expense": 172000000.0,
        "Other Gand A": 170500000.0,
        "Salaries And Wages": 1500000.0,
        "Gross Profit": 323600000.0,
        "Cost Of Revenue": 922000000.0,
        "Total Revenue": 1245600000.0,
        "Operating Revenue": 1245600000.0
    }
}