{
    "2023-03-31": {
        "Tax Effect Of Unusual Items": -48090.0,
        "Tax Rate For Calcs": 0.21,
        "Normalized EBITDA": -24632000.0,
        "Total Unusual Items": -229000.0,
        "Total Unusual Items Excluding Goodwill": -229000.0,
        "Net Income From Continuing Operation Net Minority Interest": -53333000.0,
        "Reconciled Depreciation": 405000.0,
        "Reconciled Cost Of Revenue": 938000.0,
        "EBITDA": -24861000.0,
        "EBIT": -25266000.0,
        "Net Interest Income": -24018000.0,
        "Interest Expense": 27396000.0,
        "Interest Income": 3378000.0,
        "Normalized Income": -53152090.0,
        "Net Income From Continuing And Discontinued Operation": -53333000.0,
        "Total Expenses": 97193000.0,
        "Total Operating Income As Reported": -28415000.0,
        "Diluted NI Availto Com Stockholders": -53333000.0,
        "Net Income Common Stockholders": -53333000.0,
        "Net Income": -53333000.0,
        "Net Income Including Noncontrolling Interests": -53333000.0,
        "Net Income Continuous Operations": -53333000.0,
        "Tax Provision": 671000.0,
        "Pretax Income": -52662000.0,
        "Other Income Expense": -229000.0,
        "Special Income Charges": NaN,
        "Other Special Charges": NaN,
        "Gain On Sale Of Security": -229000.0,
        "Net Non Operating Interest Income Expense": -24018000.0,
        "Interest Expense Non Operating": 27396000.0,
        "Interest Income Non Operating": 3378000.0,
        "Operating Income": -28415000.0,
        "Operating Expense": 96255000.0,
        "Research And Development": 48388000.0,
        "Selling General And Administration": 47867000.0,
        "Gross Profit": 67840000.0,
        "Cost Of Revenue": 938000.0,
        "Total Revenue": 68778000.0,
        "Operating Revenue": 68414000.0
    },
    "2022-12-31": {
        "Tax Effect Of Unusual Items": -294000.0,
        "Tax Rate For Calcs": 0.21,
        "Normalized EBITDA": -43211000.0,
        "Total Unusual Items": -1400000.0,
        "Total Unusual Items Excluding Goodwill": -1400000.0,
        "Net Income From Continuing Operation Net Minority Interest": -71541000.0,
        "Reconciled Depreciation": 396000.0,
        "Reconciled Cost Of Revenue": 2496000.0,
        "EBITDA": -44611000.0,
        "EBIT": -45007000.0,
        "Net Interest Income": -23754000.0,
        "Interest Expense": 26458000.0,
        "Interest Income": 2704000.0,
        "Normalized Income": -70435000.0,
        "Net Income From Continuing And Discontinued Operation": -71541000.0,
        "Total Expenses": 125856000.0,
        "Total Operating Income As Reported": -46311000.0,
        "Diluted NI Availto Com Stockholders": -71541000.0,
        "Net Income Common Stockholders": -71541000.0,
        "Net Income": -71541000.0,
        "Net Income Including Noncontrolling Interests": -71541000.0,
        "Net Income Continuous Operations": -71541000.0,
        "Tax Provision": 76000.0,
        "Pretax Income": -71465000.0,
        "Other Income Expense": -1400000.0,
        "Special Income Charges": NaN,
        "Other Special Charges": NaN,
        "Gain On Sale Of Security": -1400000.0,
        "Net Non Operating Interest Income Expense": -23754000.0,
        "Interest Expense Non Operating": 26458000.0,
        "Interest Income Non Operating": 2704000.0,
        "Operating Income": -46311000.0,
        "Operating Expense": 123360000.0,
        "Research And Development": 73207000.0,
        "Selling General And Administration": 50153000.0,
        "Gross Profit": 77049000.0,
        "Cost Of Revenue": 2496000.0,
        "Total Revenue": 79545000.0,
        "Operating Revenue": 79545000.0
    },
    "2022-09-30": {
        "Tax Effect Of Unusual Items": -112980.0,
        "Tax Rate For Calcs": 0.21,
        "Normalized EBITDA": -15685000.0,
        "Total Unusual Items": -538000.0,
        "Total Unusual Items Excluding Goodwill": -538000.0,
        "Net Income From Continuing Operation Net Minority Interest": -42520000.0,
        "Reconciled Depreciation": 389000.0,
        "Reconciled Cost Of Revenue": 3613000.0,
        "EBITDA": -16223000.0,
        "EBIT": -16223000.0,
        "Net Interest Income": -23015000.0,
        "Interest Expense": 24775000.0,
        "Interest Income": 1760000.0,
        "Normalized Income": -42094980.0,
        "Net Income From Continuing And Discontinued Operation": -42520000.0,
        "Total Expenses": 93272000.0,
        "Total Operating Income As Reported": -17445000.0,
        "Diluted Average Shares": 186180000.0,
        "Basic Average Shares": 186180000.0,
        "Diluted EPS": -0.23,
        "Basic EPS": -0.23,
        "Diluted NI Availto Com Stockholders": -42520000.0,
        "Net Income Common Stockholders": -42520000.0,
        "Net Income": -42520000.0,
        "Net Income Including Noncontrolling Interests": -42520000.0,
        "Net Income Continuous Operations": -42520000.0,
        "Tax Provision": 1522000.0,
        "Pretax Income": -40998000.0,
        "Other Income Expense": -538000.0,
        "Special Income Charges": NaN,
        "Other Special Charges": NaN,
        "Gain On Sale Of Security": -538000.0,
        "Net Non Operating Interest Income Expense": -23015000.0,
        "Interest Expense Non Operating": 24775000.0,
        "Interest Income Non Operating": 1760000.0,
        "Operating Income": -17445000.0,
        "Operating Expense": 89659000.0,
        "Research And Development": 52740000.0,
        "Selling General And Administration": 36919000.0,
        "Gross Profit": 72214000.0,
        "Cost Of Revenue": 3613000.0,
        "Total Revenue": 75827000.0,
        "Operating Revenue": 75827000.0
    },
    "2022-06-30": {
        "Tax Effect Of Unusual Items": 52800.0,
        "Tax Rate For Calcs": 0.4,
        "Normalized EBITDA": -34113000.0,
        "Total Unusual Items": 132000.0,
        "Total Unusual Items Excluding Goodwill": 132000.0,
        "Net Income From Continuing Operation Net Minority Interest": -58859000.0,
        "Reconciled Depreciation": 335000.0,
        "Reconciled Cost Of Revenue": 247000.0,
        "EBITDA": -33981000.0,
        "EBIT": -33981000.0,
        "Net Interest Income": -23413000.0,
        "Interest Expense": 24022000.0,
        "Interest Income": 609000.0,
        "Normalized Income": -58938200.0,
        "Net Income From Continuing And Discontinued Operation": -58859000.0,
        "Total Expenses": 100254000.0,
        "Total Operating Income As Reported": -34722000.0,
        "Diluted Average Shares": 185605000.0,
        "Basic Average Shares": 185605000.0,
        "Diluted EPS": -0.32,
        "Basic EPS": -0.32,
        "Diluted NI Availto Com Stockholders": -58859000.0,
        "Net Income Common Stockholders": -58859000.0,
        "Net Income": -58859000.0,
        "Net Income Including Noncontrolling Interests": -58859000.0,
        "Net Income Continuous Operations": -58859000.0,
        "Tax Provision": 856000.0,
        "Pretax Income": -58003000.0,
        "Other Income Expense": 132000.0,
        "Special Income Charges": NaN,
        "Other Special Charges": NaN,
        "Gain On Sale Of Security": 132000.0,
        "Net Non Operating Interest Income Expense": -23413000.0,
        "Interest Expense Non Operating": 24022000.0,
        "Interest Income Non Operating": 609000.0,
        "Operating Income": -34722000.0,
        "Operating Expense": 100007000.0,
        "Research And Development": 61990000.0,
        "Selling General And Administration": 38017000.0,
        "Gross Profit": 65285000.0,
        "Cost Of Revenue": 247000.0,
        "Total Revenue": 65532000.0,
        "Operating Revenue": 65532000.0
    },
    "2023-06-30": {
        "Tax Effect Of Unusual Items": -6030780.0,
        "Tax Rate For Calcs": 0.21,
        "Normalized EBITDA": -16546000.0,
        "Total Unusual Items": -28718000.0,
        "Total Unusual Items Excluding Goodwill": -28718000.0,
        "Net Income From Continuing Operation Net Minority Interest": -75326000.0,
        "Reconciled Depreciation": 407000.0,
        "Reconciled Cost Of Revenue": 950000.0,
        "EBITDA": -45264000.0,
        "EBIT": -45671000.0,
        "Net Interest Income": -25165000.0,
        "Interest Expense": 28915000.0,
        "Interest Income": 3750000.0,
        "Normalized Income": -52638780.0,
        "Net Income From Continuing And Discontinued Operation": -75326000.0,
        "Total Expenses": 103194000.0,
        "Total Operating Income As Reported": -20703000.0,
        "Diluted NI Availto Com Stockholders": -75326000.0,
        "Net Income Common Stockholders": -75326000.0,
        "Net Income": -75326000.0,
        "Net Income Including Noncontrolling Interests": -75326000.0,
        "Net Income Continuous Operations": -75326000.0,
        "Tax Provision": 740000.0,
        "Pretax Income": -74586000.0,
        "Other Income Expense": -28718000.0,
        "Special Income Charges": -29019000.0,
        "Other Special Charges": 29019000.0,
        "Gain On Sale Of Security": 301000.0,
        "Net Non Operating Interest Income Expense": -25165000.0,
        "Interest Expense Non Operating": 28915000.0,
        "Interest Income Non Operating": 3750000.0,
        "Operating Income": -20703000.0,
        "Operating Expense": 102244000.0,
        "Research And Development": 51247000.0,
        "Selling General And Administration": 50997000.0,
        "Gross Profit": 81541000.0,
        "Cost Of Revenue": 950000.0,
        "Total Revenue": 82491000.0,
        "Operating Revenue": 82491000.0
    },
    "2022-03-31": {
        "Diluted EPS": -0.4,
        "Total Revenue": 50,
        "Gross Profit": 50,
        "Operating Income": -50,
        "EBIT": -50,
        "Net Income": -74
    },
    "2021-12-31": {
        "Diluted EPS": -0.1,
        "Total Revenue": 47,
        "Gross Profit": 47,
        "Operating Income": -52,
        "EBIT": -52,
        "Net Income": -18
    },
    "2021-09-30": {
        "Diluted EPS": -0.33,
        "Total Revenue": 41,
        "Gross Profit": 40,
        "Operating Income": -45,
        "EBIT": -44,
        "Net Income": -59
    },
    "2021-06-30": {
        "Diluted EPS": -0.24,
        "Total Revenue": 50,
        "Gross Profit": 50,
        "Operating Income": -30,
        "EBIT": -29,
        "Net Income": -43
    },
    "2021-03-31": {
        "Diluted EPS": -0.36,
        "Total Revenue": 19,
        "Gross Profit": 13,
        "Operating Income": -51,
        "EBIT": -51,
        "Net Income": -64
    },
    "2020-12-31": {
        "Diluted EPS": -0.35,
        "Total Revenue": 4,
        "Gross Profit": 4,
        "Operating Income": -52,
        "EBIT": -53,
        "Net Income": -60
    },
    "2020-09-30": {
        "Diluted EPS": -0.26,
        "Total Revenue": 6,
        "Gross Profit": 5,
        "Operating Income": -43,
        "EBIT": -42,
        "Net Income": -46
    },
    "2020-06-30": {
        "Diluted EPS": -0.24,
        "Total Revenue": 3,
        "Gross Profit": 3,
        "Operating Income": -39,
        "EBIT": -38,
        "Net Income": -39
    },
    "2020-03-31": {
        "Diluted EPS": -0.24,
        "Total Revenue": 5,
        "Gross Profit": 5,
        "Operating Income": -41,
        "EBIT": -40,
        "Net Income": -38
    },
    "2019-12-31": {
        "Diluted EPS": 0.02,
        "Total Revenue": 40,
        "Gross Profit": 37,
        "Operating Income": 0,
        "EBIT": -1,
        "Net Income": -3
    },
    "2019-09-30": {
        "Diluted EPS": -0.34,
        "Total Revenue": 2,
        "Gross Profit": 2,
        "Operating Income": -35,
        "EBIT": -35,
        "Net Income": -38
    },
    "2019-06-30": {
        "Diluted EPS": -0.34,
        "Total Revenue": 1,
        "Gross Profit": 1,
        "Operating Income": -35,
        "EBIT": -34,
        "Net Income": -38
    },
    "2019-03-31": {
        "Diluted EPS": -0.28,
        "Total Revenue": 6,
        "Gross Profit": 4,
        "Operating Income": -29,
        "EBIT": -29,
        "Net Income": -31
    },
    "2018-12-31": {
        "Diluted EPS": -0.25,
        "Total Revenue": 3,
        "Gross Profit": 3,
        "Operating Income": -25,
        "EBIT": -25,
        "Net Income": -27
    },
    "2018-09-30": {
        "Diluted EPS": -0.28,
        "Total Revenue": 1,
        "Gross Profit": 1,
        "Operating Income": -28,
        "EBIT": -28,
        "Net Income": -30
    },
    "2018-06-30": {
        "Diluted EPS": -0.19,
        "Total Revenue": 12,
        "Gross Profit": 12,
        "Operating Income": -18,
        "EBIT": -18,
        "Net Income": -18
    },
    "2018-03-31": {
        "Diluted EPS": -0.26,
        "Total Revenue": 4,
        "Gross Profit": 4,
        "Operating Income": -22,
        "EBIT": -22,
        "Net Income": -26
    },
    "2017-12-31": {
        "Diluted EPS": -0.2,
        "Total Revenue": 4,
        "Gross Profit": 4,
        "Operating Income": -18,
        "EBIT": -17,
        "Net Income": -20
    },
    "2017-09-30": {
        "Diluted EPS": -0.18,
        "Total Revenue": 9,
        "Gross Profit": 8,
        "Operating Income": -13,
        "EBIT": -13,
        "Net Income": -15
    },
    "2017-06-30": {
        "Diluted EPS": -0.21,
        "Total Revenue": 3,
        "Gross Profit": 3,
        "Operating Income": -16,
        "EBIT": -15,
        "Net Income": -17
    },
    "2017-03-31": {
        "Diluted EPS": -0.19,
        "Total Revenue": 9,
        "Gross Profit": 9,
        "Operating Income": -11,
        "EBIT": -10,
        "Net Income": -14
    },
    "2016-12-31": {
        "Diluted EPS": -0.06,
        "Total Revenue": 9,
        "Gross Profit": 9,
        "Operating Income": -8,
        "EBIT": -8,
        "Net Income": -5
    },
    "2016-09-30": {
        "Diluted EPS": -0.16,
        "Total Revenue": 8,
        "Gross Profit": 8,
        "Operating Income": -9,
        "EBIT": -9,
        "Net Income": -12
    },
    "2016-06-30": {
        "Diluted EPS": -0.22,
        "Total Revenue": 5,
        "Gross Profit": 5,
        "Operating Income": -12,
        "EBIT": -12,
        "Net Income": -16
    },
    "2016-03-31": {
        "Diluted EPS": -0.31,
        "Total Revenue": 5,
        "Gross Profit": 5,
        "Operating Income": -19,
        "EBIT": -19,
        "Net Income": -23
    },
    "2015-12-31": {
        "Diluted EPS": -0.24,
        "Total Revenue": 5,
        "Gross Profit": 5,
        "Operating Income": -17,
        "EBIT": -17,
        "Net Income": -18
    },
    "2015-09-30": {
        "Diluted EPS": -0.2,
        "Total Revenue": 11,
        "Gross Profit": 10,
        "Operating Income": -13,
        "EBIT": -13,
        "Net Income": -15
    },
    "2015-06-30": {
        "Diluted EPS": 0.06,
        "Total Revenue": 26,
        "Gross Profit": 26,
        "Operating Income": 5,
        "EBIT": 6,
        "Net Income": 5
    },
    "2015-03-31": {
        "Diluted EPS": -0.21,
        "Total Revenue": 7,
        "Gross Profit": 7,
        "Operating Income": -14,
        "EBIT": -14,
        "Net Income": -15
    },
    "2014-12-31": {
        "Diluted EPS": -0.16,
        "Total Revenue": 5,
        "Gross Profit": 5,
        "Operating Income": -15,
        "EBIT": -15,
        "Net Income": -12
    },
    "2014-09-30": {
        "Diluted EPS": -0.12,
        "Total Revenue": 3,
        "Gross Profit": 3,
        "Operating Income": -12,
        "EBIT": -11,
        "Net Income": -9
    },
    "2014-06-30": {
        "Diluted EPS": -0.23,
        "Total Revenue": 1,
        "Gross Profit": 1,
        "Operating Income": -12,
        "EBIT": -11,
        "Net Income": -15
    },
    "2014-03-31": {
        "Diluted EPS": -0.17,
        "Total Revenue": 3,
        "Gross Profit": 3,
        "Operating Income": -7,
        "EBIT": -7,
        "Net Income": -10
    },
    "2013-12-31": {
        "Diluted EPS": -0.09,
        "Total Revenue": 11,
        "Gross Profit": 11,
        "Operating Income": -6,
        "EBIT": -6,
        "Net Income": -5
    },
    "2013-09-30": {
        "Diluted EPS": -0.14,
        "Total Revenue": 2,
        "Gross Profit": 2,
        "Operating Income": -7,
        "EBIT": -7,
        "Net Income": -8
    },
    "2013-06-30": {
        "Diluted EPS": -0.23,
        "Total Revenue": 1,
        "Gross Profit": 1,
        "Operating Income": -12,
        "EBIT": -12,
        "Net Income": -12
    },
    "2013-03-31": {
        "Diluted EPS": -0.09,
        "Total Revenue": 4,
        "Gross Profit": 4,
        "Operating Income": -5,
        "EBIT": -5,
        "Net Income": -5
    },
    "2012-12-31": {
        "Diluted EPS": -0.22,
        "Total Revenue": 4,
        "Gross Profit": 4,
        "Operating Income": -11,
        "EBIT": -10,
        "Net Income": -11
    },
    "2012-09-30": {
        "Diluted EPS": -0.19,
        "Total Revenue": 6,
        "Gross Profit": 6,
        "Operating Income": -8,
        "EBIT": -8,
        "Net Income": -10
    },
    "2012-06-30": {
        "Diluted EPS": -0.25,
        "Total Revenue": 4,
        "Gross Profit": 4,
        "Operating Income": -10,
        "EBIT": -10,
        "Net Income": -12
    },
    "2012-03-31": {
        "Diluted EPS": -0.13,
        "Total Revenue": 12,
        "Gross Profit": 12,
        "Operating Income": -5,
        "EBIT": -5,
        "Net Income": -6
    },
    "2011-12-31": {
        "Diluted EPS": -0.29,
        "Total Revenue": 5,
        "Gross Profit": 5,
        "Operating Income": -11,
        "EBIT": -11,
        "Net Income": -13
    },
    "2011-09-30": {
        "Diluted EPS": -0.32,
        "Total Revenue": 5,
        "Gross Profit": 5,
        "Operating Income": -13,
        "EBIT": -13,
        "Net Income": -14
    },
    "2011-06-30": {
        "Diluted EPS": -0.36,
        "Total Revenue": 4,
        "Gross Profit": 4,
        "Operating Income": -14,
        "EBIT": -14,
        "Net Income": -16
    },
    "2011-03-31": {
        "Diluted EPS": -0.29,
        "Total Revenue": 5,
        "Gross Profit": 5,
        "Operating Income": -11,
        "EBIT": -11,
        "Net Income": -13
    },
    "2010-12-31": {
        "Diluted EPS": -0.23,
        "Total Revenue": 17,
        "Gross Profit": 17,
        "Operating Income": -10,
        "EBIT": -9,
        "Net Income": -10
    },
    "2010-09-30": {
        "Diluted EPS": -0.24,
        "Total Revenue": 12,
        "Gross Profit": 12,
        "Operating Income": -11,
        "EBIT": -11,
        "Net Income": -11
    },
    "2010-06-30": {
        "Diluted EPS": -0.23,
        "Total Revenue": 8,
        "Gross Profit": 8,
        "Operating Income": -10,
        "EBIT": -10,
        "Net Income": -10
    },
    "2010-03-31": {
        "Diluted EPS": -0.06,
        "Total Revenue": 26,
        "Gross Profit": 26,
        "Operating Income": -3,
        "EBIT": -2,
        "Net Income": -3
    },
    "2009-12-31": {
        "Diluted EPS": 0.4,
        "Total Revenue": 55,
        "Gross Profit": 55,
        "Operating Income": 15,
        "EBIT": 15,
        "Net Income": 15
    },
    "2009-09-30": {
        "Diluted EPS": -0.28,
        "Total Revenue": 11,
        "Gross Profit": 11,
        "Operating Income": -11,
        "EBIT": -10,
        "Net Income": -11
    },
    "2009-06-30": {
        "Diluted EPS": -0.23,
        "Total Revenue": 5,
        "Gross Profit": 5,
        "Operating Income": -9,
        "EBIT": -8,
        "Net Income": -9
    },
    "2009-03-31": {
        "Diluted EPS": -0.24,
        "Total Revenue": 4,
        "Gross Profit": 4,
        "Operating Income": -9,
        "EBIT": -9,
        "Net Income": -9
    },
    "2023-09-30": {
        "Tax Effect Of Unusual Items": -154770.0,
        "Tax Rate For Calcs": 0.21,
        "Normalized EBITDA": -7317000.0,
        "Total Unusual Items": -737000.0,
        "Total Unusual Items Excluding Goodwill": -737000.0,
        "Net Income From Continuing Operation Net Minority Interest": -36149000.0,
        "Reconciled Depreciation": 420000.0,
        "Reconciled Cost Of Revenue": 1136000.0,
        "EBITDA": -8054000.0,
        "EBIT": -8474000.0,
        "Net Interest Income": -23161000.0,
        "Interest Expense": 27345000.0,
        "Interest Income": 4184000.0,
        "Normalized Income": -35566770.0,
        "Net Income From Continuing And Discontinued Operation": -36149000.0,
        "Total Expenses": 98663000.0,
        "Total Operating Income As Reported": -11921000.0,
        "Diluted NI Availto Com Stockholders": -36149000.0,
        "Net Income Common Stockholders": -36149000.0,
        "Net Income": -36149000.0,
        "Net Income Including Noncontrolling Interests": -36149000.0,
        "Net Income Continuous Operations": -36149000.0,
        "Tax Provision": 330000.0,
        "Pretax Income": -35819000.0,
        "Other Income Expense": -737000.0,
        "Special Income Charges": 0.0,
        "Other Special Charges": NaN,
        "Gain On Sale Of Security": -737000.0,
        "Net Non Operating Interest Income Expense": -23161000.0,
        "Interest Expense Non Operating": 27345000.0,
        "Interest Income Non Operating": 4184000.0,
        "Operating Income": -11921000.0,
        "Operating Expense": 97527000.0,
        "Research And Development": 46879000.0,
        "Selling General And Administration": 50648000.0,
        "Gross Profit": 85606000.0,
        "Cost Of Revenue": 1136000.0,
        "Total Revenue": 86742000.0,
        "Operating Revenue": 86742000.0
    }
}