{
    "2023-06-30": {
        "Tax Effect Of Unusual Items": 856380.0,
        "Tax Rate For Calcs": 0.21,
        "Normalized EBITDA": 27461000.0,
        "Total Unusual Items": 4078000.0,
        "Total Unusual Items Excluding Goodwill": 4078000.0,
        "Net Income From Continuing Operation Net Minority Interest": 27775000.0,
        "Reconciled Depreciation": 3335000.0,
        "Reconciled Cost Of Revenue": 113240000.0,
        "EBITDA": 31539000.0,
        "EBIT": 28204000.0,
        "Net Interest Income": -908000.0,
        "Interest Expense": 908000.0,
        "Interest Income": NaN,
        "Normalized Income": 24553380.0,
        "Net Income From Continuing And Discontinued Operation": 27775000.0,
        "Total Expenses": 144381000.0,
        "Total Operating Income As Reported": 27359000.0,
        "Diluted Average Shares": 12776000.0,
        "Basic Average Shares": 12776000.0,
        "Diluted EPS": 2.19,
        "Basic EPS": 2.19,
        "Diluted NI Availto Com Stockholders": 27775000.0,
        "Net Income Common Stockholders": 27775000.0,
        "Net Income": 27775000.0,
        "Net Income Including Noncontrolling Interests": 27775000.0,
        "Net Income Continuous Operations": 27775000.0,
        "Tax Provision": -479000.0,
        "Pretax Income": 27296000.0,
        "Other Income Expense": 3808000.0,
        "Other Non Operating Income Expenses": -270000.0,
        "Special Income Charges": 4078000.0,
        "Gain On Sale Of Ppe": 3672000.0,
        "Gain On Sale Of Business": 1115000.0,
        "Restructuring And Mergern Acquisition": 709000.0,
        "Net Non Operating Interest Income Expense": -908000.0,
        "Interest Expense Non Operating": 908000.0,
        "Interest Income Non Operating": NaN,
        "Operating Income": 24396000.0,
        "Operating Expense": 31141000.0,
        "Research And Development": 6006000.0,
        "Selling General And Administration": 25135000.0,
        "Gross Profit": 55537000.0,
        "Cost Of Revenue": 113240000.0,
        "Total Revenue": 168777000.0,
        "Operating Revenue": 168777000.0
    },
    "2023-03-31": {
        "Tax Effect Of Unusual Items": NaN,
        "Tax Rate For Calcs": NaN,
        "Normalized EBITDA": NaN,
        "Total Unusual Items": NaN,
        "Total Unusual Items Excluding Goodwill": NaN,
        "Net Income From Continuing Operation Net Minority Interest": NaN,
        "Reconciled Depreciation": NaN,
        "Reconciled Cost Of Revenue": NaN,
        "EBITDA": NaN,
        "EBIT": NaN,
        "Net Interest Income": NaN,
        "Interest Expense": NaN,
        "Interest Income": 107000.0,
        "Normalized Income": NaN,
        "Net Income From Continuing And Discontinued Operation": NaN,
        "Total Expenses": NaN,
        "Total Operating Income As Reported": NaN,
        "Diluted Average Shares": NaN,
        "Basic Average Shares": NaN,
        "Diluted EPS": NaN,
        "Basic EPS": NaN,
        "Diluted NI Availto Com Stockholders": NaN,
        "Net Income Common Stockholders": NaN,
        "Net Income": NaN,
        "Net Income Including Noncontrolling Interests": NaN,
        "Net Income Continuous Operations": NaN,
        "Tax Provision": NaN,
        "Pretax Income": NaN,
        "Other Income Expense": NaN,
        "Other Non Operating Income Expenses": NaN,
        "Special Income Charges": NaN,
        "Gain On Sale Of Ppe": NaN,
        "Gain On Sale Of Business": NaN,
        "Restructuring And Mergern Acquisition": NaN,
        "Net Non Operating Interest Income Expense": NaN,
        "Interest Expense Non Operating": NaN,
        "Interest Income Non Operating": 107000.0,
        "Operating Income": NaN,
        "Operating Expense": NaN,
        "Research And Development": NaN,
        "Selling General And Administration": NaN,
        "Gross Profit": NaN,
        "Cost Of Revenue": NaN,
        "Total Revenue": NaN,
        "Operating Revenue": NaN
    },
    "2022-12-31": {
        "Tax Effect Of Unusual Items": NaN,
        "Tax Rate For Calcs": NaN,
        "Normalized EBITDA": NaN,
        "Total Unusual Items": NaN,
        "Total Unusual Items Excluding Goodwill": NaN,
        "Net Income From Continuing Operation Net Minority Interest": NaN,
        "Reconciled Depreciation": NaN,
        "Reconciled Cost Of Revenue": NaN,
        "EBITDA": NaN,
        "EBIT": NaN,
        "Net Interest Income": NaN,
        "Interest Expense": NaN,
        "Interest Income": NaN,
        "Normalized Income": NaN,
        "Net Income From Continuing And Discontinued Operation": NaN,
        "Total Expenses": NaN,
        "Total Operating Income As Reported": NaN,
        "Diluted Average Shares": NaN,
        "Basic Average Shares": NaN,
        "Diluted EPS": NaN,
        "Basic EPS": NaN,
        "Diluted NI Availto Com Stockholders": NaN,
        "Net Income Common Stockholders": NaN,
        "Net Income": NaN,
        "Net Income Including Noncontrolling Interests": NaN,
        "Net Income Continuous Operations": NaN,
        "Tax Provision": NaN,
        "Pretax Income": NaN,
        "Other Income Expense": NaN,
        "Other Non Operating Income Expenses": NaN,
        "Special Income Charges": NaN,
        "Gain On Sale Of Ppe": 0.0,
        "Gain On Sale Of Business": NaN,
        "Restructuring And Mergern Acquisition": NaN,
        "Net Non Operating Interest Income Expense": NaN,
        "Interest Expense Non Operating": NaN,
        "Interest Income Non Operating": NaN,
        "Operating Income": NaN,
        "Operating Expense": NaN,
        "Research And Development": NaN,
        "Selling General And Administration": NaN,
        "Gross Profit": NaN,
        "Cost Of Revenue": NaN,
        "Total Revenue": NaN,
        "Operating Revenue": NaN
    },
    "2022-09-30": {
        "Tax Effect Of Unusual Items": NaN,
        "Tax Rate For Calcs": NaN,
        "Normalized EBITDA": NaN,
        "Total Unusual Items": NaN,
        "Total Unusual Items Excluding Goodwill": NaN,
        "Net Income From Continuing Operation Net Minority Interest": NaN,
        "Reconciled Depreciation": NaN,
        "Reconciled Cost Of Revenue": NaN,
        "EBITDA": NaN,
        "EBIT": NaN,
        "Net Interest Income": NaN,
        "Interest Expense": NaN,
        "Interest Income": NaN,
        "Normalized Income": NaN,
        "Net Income From Continuing And Discontinued Operation": NaN,
        "Total Expenses": NaN,
        "Total Operating Income As Reported": NaN,
        "Diluted Average Shares": NaN,
        "Basic Average Shares": NaN,
        "Diluted EPS": NaN,
        "Basic EPS": NaN,
        "Diluted NI Availto Com Stockholders": NaN,
        "Net Income Common Stockholders": NaN,
        "Net Income": NaN,
        "Net Income Including Noncontrolling Interests": NaN,
        "Net Income Continuous Operations": NaN,
        "Tax Provision": NaN,
        "Pretax Income": NaN,
        "Other Income Expense": NaN,
        "Other Non Operating Income Expenses": NaN,
        "Special Income Charges": NaN,
        "Gain On Sale Of Ppe": 1596000.0,
        "Gain On Sale Of Business": 0.0,
        "Restructuring And Mergern Acquisition": NaN,
        "Net Non Operating Interest Income Expense": NaN,
        "Interest Expense Non Operating": NaN,
        "Interest Income Non Operating": NaN,
        "Operating Income": NaN,
        "Operating Expense": NaN,
        "Research And Development": NaN,
        "Selling General And Administration": NaN,
        "General And Administrative Expense": 22223000.0,
        "Other Gand A": 22223000.0,
        "Gross Profit": NaN,
        "Cost Of Revenue": NaN,
        "Total Revenue": NaN,
        "Operating Revenue": NaN
    },
    "2022-06-30": {
        "Tax Effect Of Unusual Items": -12400.0,
        "Tax Rate For Calcs": 0.4,
        "Normalized EBITDA": 15102000.0,
        "Total Unusual Items": -31000.0,
        "Total Unusual Items Excluding Goodwill": -31000.0,
        "Net Income From Continuing Operation Net Minority Interest": 17038000.0,
        "Reconciled Depreciation": 4015000.0,
        "Reconciled Cost Of Revenue": 125120000.0,
        "EBITDA": 15071000.0,
        "EBIT": 15071000.0,
        "Net Interest Income": -779000.0,
        "Interest Expense": 779000.0,
        "Normalized Income": 17056600.0,
        "Net Income From Continuing And Discontinued Operation": 17038000.0,
        "Total Expenses": 153746000.0,
        "Total Operating Income As Reported": 16795000.0,
        "Diluted Average Shares": 12506000.0,
        "Basic Average Shares": 12506000.0,
        "Diluted EPS": 1.37,
        "Basic EPS": 1.37,
        "Diluted NI Availto Com Stockholders": 17038000.0,
        "Net Income Common Stockholders": 17038000.0,
        "Net Income": 17038000.0,
        "Net Income Including Noncontrolling Interests": 17038000.0,
        "Net Income Continuous Operations": 17038000.0,
        "Tax Provision": -2746000.0,
        "Pretax Income": 14292000.0,
        "Other Income Expense": -1755000.0,
        "Other Non Operating Income Expenses": -1724000.0,
        "Special Income Charges": -31000.0,
        "Gain On Sale Of Ppe": 0.0,
        "Gain On Sale Of Business": NaN,
        "Restructuring And Mergern Acquisition": 31000.0,
        "Net Non Operating Interest Income Expense": -779000.0,
        "Interest Expense Non Operating": 779000.0,
        "Operating Income": 16826000.0,
        "Operating Expense": 28626000.0,
        "Research And Development": 4661000.0,
        "Selling General And Administration": 23965000.0,
        "General And Administrative Expense": NaN,
        "Other Gand A": NaN,
        "Gross Profit": 45452000.0,
        "Cost Of Revenue": 125120000.0,
        "Total Revenue": 170572000.0,
        "Operating Revenue": 170572000.0
    },
    "2022-03-31": {
        "Diluted EPS": 0.4,
        "Total Revenue": 137,
        "Gross Profit": 34,
        "Operating Income": 8,
        "EBIT": 12,
        "Net Income": 5
    },
    "2021-12-31": {
        "Diluted EPS": 0.64,
        "Total Revenue": 147,
        "Gross Profit": 40,
        "Operating Income": 11,
        "EBIT": 16,
        "Net Income": 8
    },
    "2021-09-30": {
        "Diluted EPS": 0.46,
        "Total Revenue": 147,
        "Gross Profit": 36,
        "Operating Income": 9,
        "EBIT": 14,
        "Net Income": 6
    },
    "2021-06-30": {
        "Diluted EPS": 0.64,
        "Total Revenue": 139,
        "Gross Profit": 34,
        "Operating Income": 7,
        "EBIT": 11,
        "Net Income": 8
    },
    "2021-03-31": {
        "Diluted EPS": 0.26,
        "Total Revenue": 111,
        "Gross Profit": 24,
        "Operating Income": 4,
        "EBIT": 9,
        "Net Income": 3
    },
    "2020-12-31": {
        "Diluted EPS": 0.29,
        "Total Revenue": 116,
        "Gross Profit": 29,
        "Operating Income": 6,
        "EBIT": 10,
        "Net Income": 4
    },
    "2020-09-30": {
        "Diluted EPS": 0.6,
        "Total Revenue": 124,
        "Gross Profit": 33,
        "Operating Income": 8,
        "EBIT": 12,
        "Net Income": 7
    },
    "2020-06-30": {
        "Diluted EPS": 0.45,
        "Total Revenue": 121,
        "Gross Profit": 31,
        "Operating Income": 6,
        "EBIT": 10,
        "Net Income": 6
    },
    "2020-03-31": {
        "Diluted EPS": -0.31,
        "Total Revenue": 104,
        "Gross Profit": 26,
        "Operating Income": -1,
        "EBIT": 3,
        "Net Income": -4
    },
    "2019-12-31": {
        "Diluted EPS": -0.51,
        "Total Revenue": 115,
        "Gross Profit": 24,
        "Operating Income": -4,
        "EBIT": 0,
        "Net Income": -6
    },
    "2019-09-30": {
        "Diluted EPS": -0.53,
        "Total Revenue": 124,
        "Gross Profit": 29,
        "Operating Income": -5,
        "EBIT": 8,
        "Net Income": -6
    },
    "2019-06-30": {
        "Diluted EPS": 0.24,
        "Total Revenue": 127,
        "Gross Profit": 27,
        "Operating Income": 5,
        "EBIT": 9,
        "Net Income": 3
    },
    "2019-03-31": {
        "Diluted EPS": 0.09,
        "Total Revenue": 125,
        "Gross Profit": 31,
        "Operating Income": 3,
        "EBIT": 8,
        "Net Income": 1
    },
    "2018-12-31": {
        "Diluted EPS": 0.34,
        "Total Revenue": 143,
        "Gross Profit": 60,
        "Operating Income": 5,
        "EBIT": 10,
        "Net Income": 4
    },
    "2018-09-30": {
        "Diluted EPS": 0.93,
        "Total Revenue": 146,
        "Gross Profit": 29,
        "Operating Income": 10,
        "EBIT": 15,
        "Net Income": 11
    },
    "2018-06-30": {
        "Diluted EPS": 0.55,
        "Total Revenue": 141,
        "Gross Profit": 29,
        "Operating Income": 11,
        "EBIT": 15,
        "Net Income": 7
    },
    "2018-03-31": {
        "Diluted EPS": -0.11,
        "Total Revenue": 118,
        "Gross Profit": 21,
        "Operating Income": 0,
        "EBIT": 5,
        "Net Income": -1
    },
    "2017-12-31": {
        "Diluted EPS": -1.73,
        "Total Revenue": 120,
        "Gross Profit": 22,
        "Operating Income": 1,
        "EBIT": 7,
        "Net Income": -21
    },
    "2017-09-30": {
        "Diluted EPS": 0.42,
        "Total Revenue": 126,
        "Gross Profit": 28,
        "Operating Income": 7,
        "EBIT": 12,
        "Net Income": 5
    },
    "2017-06-30": {
        "Diluted EPS": 0.26,
        "Total Revenue": 132,
        "Gross Profit": 29,
        "Operating Income": 7,
        "EBIT": 13,
        "Net Income": 3
    },
    "2017-03-31": {
        "Diluted EPS": 0.06,
        "Total Revenue": 114,
        "Gross Profit": 23,
        "Operating Income": 2,
        "EBIT": 8,
        "Net Income": 1
    },
    "2016-12-31": {
        "Diluted EPS": 0.32,
        "Total Revenue": 119,
        "Gross Profit": 25,
        "Operating Income": 8,
        "EBIT": 13,
        "Net Income": 3
    },
    "2016-09-30": {
        "Diluted EPS": 0.81,
        "Total Revenue": 129,
        "Gross Profit": 27,
        "Operating Income": 9,
        "EBIT": 15,
        "Net Income": 10
    },
    "2016-06-30": {
        "Diluted EPS": 1.91,
        "Total Revenue": 132,
        "Gross Profit": 26,
        "Operating Income": 10,
        "EBIT": 13,
        "Net Income": 23
    },
    "2016-03-31": {
        "Diluted EPS": -8.48,
        "Total Revenue": 121,
        "Gross Profit": 23,
        "Operating Income": -103,
        "EBIT": 11,
        "Net Income": -101
    },
    "2015-12-31": {
        "Diluted EPS": 0.25,
        "Total Revenue": 135,
        "Gross Profit": 26,
        "Operating Income": 5,
        "EBIT": 11,
        "Net Income": 3
    },
    "2015-09-30": {
        "Diluted EPS": 0.41,
        "Total Revenue": 144,
        "Gross Profit": 27,
        "Operating Income": 7,
        "EBIT": 13,
        "Net Income": 5
    },
    "2015-06-30": {
        "Diluted EPS": 0.51,
        "Total Revenue": 146,
        "Gross Profit": 29,
        "Operating Income": 7,
        "EBIT": 14,
        "Net Income": 6
    },
    "2015-03-31": {
        "Diluted EPS": 0.45,
        "Total Revenue": 142,
        "Gross Profit": 27,
        "Operating Income": 9,
        "EBIT": 15,
        "Net Income": 5
    },
    "2014-12-31": {
        "Diluted EPS": 0.14,
        "Total Revenue": 149,
        "Gross Profit": 28,
        "Operating Income": 3,
        "EBIT": 10,
        "Net Income": 2
    },
    "2014-09-30": {
        "Diluted EPS": 0.11,
        "Total Revenue": 156,
        "Gross Profit": 28,
        "Operating Income": 4,
        "EBIT": 11,
        "Net Income": 1
    },
    "2014-06-30": {
        "Diluted EPS": 0.27,
        "Total Revenue": 99,
        "Gross Profit": 18,
        "Operating Income": 4,
        "EBIT": 7,
        "Net Income": 3
    },
    "2014-03-31": {
        "Diluted EPS": 0.22,
        "Total Revenue": 83,
        "Gross Profit": 14,
        "Operating Income": 3,
        "EBIT": 6,
        "Net Income": 3
    },
    "2013-12-31": {
        "Diluted EPS": 0.65,
        "Total Revenue": 91,
        "Gross Profit": 18,
        "Operating Income": 7,
        "EBIT": 11,
        "Net Income": 7
    },
    "2013-09-30": {
        "Diluted EPS": 0.65,
        "Total Revenue": 101,
        "Gross Profit": 20,
        "Operating Income": 8,
        "EBIT": 11,
        "Net Income": 7
    },
    "2013-06-30": {
        "Diluted EPS": 0.14,
        "Total Revenue": 94,
        "Gross Profit": 15,
        "Operating Income": 2,
        "EBIT": 5,
        "Net Income": 2
    },
    "2013-03-31": {
        "Diluted EPS": -0.05,
        "Total Revenue": 63,
        "Gross Profit": 9,
        "Operating Income": -1,
        "EBIT": 1,
        "Net Income": -1
    },
    "2012-12-31": {
        "Diluted EPS": -0.2,
        "Total Revenue": 72,
        "Gross Profit": 11,
        "Operating Income": -3,
        "EBIT": -1,
        "Net Income": -2
    },
    "2012-09-30": {
        "Diluted EPS": 0.21,
        "Total Revenue": 76,
        "Gross Profit": 13,
        "Operating Income": 1,
        "EBIT": 3,
        "Net Income": 2
    },
    "2012-06-30": {
        "Diluted EPS": 0.12,
        "Total Revenue": 73,
        "Gross Profit": 12,
        "Operating Income": 2,
        "EBIT": 4,
        "Net Income": 1
    },
    "2012-03-31": {
        "Diluted EPS": 0.07,
        "Total Revenue": 66,
        "Gross Profit": 10,
        "Operating Income": 1,
        "EBIT": 4,
        "Net Income": 1
    },
    "2011-12-31": {
        "Diluted EPS": 0.0,
        "Total Revenue": 69,
        "Gross Profit": 10,
        "Operating Income": 1,
        "EBIT": 3,
        "Net Income": 0
    },
    "2011-09-30": {
        "Diluted EPS": 0.09,
        "Total Revenue": 76,
        "Gross Profit": 12,
        "Operating Income": 2,
        "EBIT": 4,
        "Net Income": 1
    },
    "2011-06-30": {
        "Diluted EPS": -0.05,
        "Total Revenue": 79,
        "Gross Profit": 14,
        "Operating Income": 0,
        "EBIT": 2,
        "Net Income": -1
    },
    "2011-03-31": {
        "Diluted EPS": 0.28,
        "Total Revenue": 71,
        "Gross Profit": 14,
        "Operating Income": 4,
        "EBIT": 6,
        "Net Income": 3
    },
    "2010-12-31": {
        "Diluted EPS": -0.08,
        "Total Revenue": 84,
        "Gross Profit": 18,
        "Operating Income": 0,
        "EBIT": 2,
        "Net Income": -1
    },
    "2010-09-30": {
        "Diluted EPS": 0.85,
        "Total Revenue": 85,
        "Gross Profit": 20,
        "Operating Income": 9,
        "EBIT": 12,
        "Net Income": 10
    },
    "2010-06-30": {
        "Diluted EPS": 0.41,
        "Total Revenue": 78,
        "Gross Profit": 16,
        "Operating Income": 6,
        "EBIT": 8,
        "Net Income": 5
    },
    "2010-03-31": {
        "Diluted EPS": -0.01,
        "Total Revenue": 56,
        "Gross Profit": 9,
        "Operating Income": 0,
        "EBIT": 2,
        "Net Income": 0
    },
    "2009-12-31": {
        "Diluted EPS": 0.26,
        "Total Revenue": 49,
        "Gross Profit": 7,
        "Operating Income": -1,
        "EBIT": -12,
        "Net Income": 3
    },
    "2009-09-30": {
        "Diluted EPS": -0.94,
        "Total Revenue": 45,
        "Gross Profit": 4,
        "Operating Income": -16,
        "EBIT": -1,
        "Net Income": -11
    },
    "2009-06-30": {
        "Diluted EPS": -0.11,
        "Total Revenue": 45,
        "Gross Profit": 5,
        "Operating Income": -3,
        "EBIT": -1,
        "Net Income": -1
    },
    "2009-03-31": {
        "Diluted EPS": 0.07,
        "Total Revenue": 44,
        "Gross Profit": 6,
        "Operating Income": 2,
        "EBIT": 4,
        "Net Income": 1
    },
    "2023-09-30": {
        "Tax Effect Of Unusual Items": -378378.0,
        "Tax Rate For Calcs": 0.182,
        "Normalized EBITDA": 29751000.0,
        "Total Unusual Items": -2079000.0,
        "Total Unusual Items Excluding Goodwill": -2079000.0,
        "Net Income From Continuing Operation Net Minority Interest": 19448000.0,
        "Reconciled Depreciation": 3391000.0,
        "Reconciled Cost Of Revenue": 103217000.0,
        "EBITDA": 27672000.0,
        "EBIT": 24281000.0,
        "Net Interest Income": -512000.0,
        "Interest Expense": 512000.0,
        "Interest Income": NaN,
        "Normalized Income": 21148622.0,
        "Net Income From Continuing And Discontinued Operation": 19448000.0,
        "Total Expenses": 132226000.0,
        "Total Operating Income As Reported": 24512000.0,
        "Diluted Average Shares": 12778000.0,
        "Basic Average Shares": 12778000.0,
        "Diluted EPS": 1.46,
        "Basic EPS": 1.46,
        "Diluted NI Availto Com Stockholders": 19448000.0,
        "Net Income Common Stockholders": 19448000.0,
        "Net Income": 19448000.0,
        "Net Income Including Noncontrolling Interests": 19448000.0,
        "Net Income Continuous Operations": 19448000.0,
        "Tax Provision": 4321000.0,
        "Pretax Income": 23769000.0,
        "Other Income Expense": -2175000.0,
        "Other Non Operating Income Expenses": -96000.0,
        "Special Income Charges": -2079000.0,
        "Gain On Sale Of Ppe": 147000.0,
        "Gain On Sale Of Business": -135000.0,
        "Restructuring And Mergern Acquisition": 2091000.0,
        "Net Non Operating Interest Income Expense": -512000.0,
        "Interest Expense Non Operating": 512000.0,
        "Interest Income Non Operating": NaN,
        "Operating Income": 26456000.0,
        "Operating Expense": 29009000.0,
        "Research And Development": 5292000.0,
        "Selling General And Administration": 23717000.0,
        "Gross Profit": 55465000.0,
        "Cost Of Revenue": 103217000.0,
        "Total Revenue": 158682000.0,
        "Operating Revenue": 158682000.0
    },
    "2023-12-31": {
        "Tax Effect Of Unusual Items": -412704.941107,
        "Tax Rate For Calcs": 0.108378,
        "Normalized EBITDA": 21105000.0,
        "Total Unusual Items": -3808000.0,
        "Total Unusual Items Excluding Goodwill": -3808000.0,
        "Net Income From Continuing Operation Net Minority Interest": 12036000.0,
        "Reconciled Depreciation": 3350000.0,
        "Reconciled Cost Of Revenue": 88827000.0,
        "EBITDA": 17297000.0,
        "EBIT": 13947000.0,
        "Net Interest Income": -448000.0,
        "Interest Expense": 448000.0,
        "Interest Income": NaN,
        "Normalized Income": 15431295.058893,
        "Net Income From Continuing And Discontinued Operation": 12036000.0,
        "Total Expenses": 119735000.0,
        "Total Operating Income As Reported": 16467000.0,
        "Diluted Average Shares": 12770000.0,
        "Basic Average Shares": 12770000.0,
        "Diluted EPS": 0.95,
        "Basic EPS": 0.95,
        "Diluted NI Availto Com Stockholders": 12036000.0,
        "Net Income Common Stockholders": 12036000.0,
        "Net Income": 12036000.0,
        "Net Income Including Noncontrolling Interests": 12036000.0,
        "Net Income Continuous Operations": 12036000.0,
        "Tax Provision": 1463000.0,
        "Pretax Income": 13499000.0,
        "Other Income Expense": -6328000.0,
        "Other Non Operating Income Expenses": -2520000.0,
        "Special Income Charges": -3808000.0,
        "Gain On Sale Of Ppe": 0.0,
        "Gain On Sale Of Business": 0.0,
        "Restructuring And Mergern Acquisition": 3808000.0,
        "Net Non Operating Interest Income Expense": -448000.0,
        "Interest Expense Non Operating": 448000.0,
        "Interest Income Non Operating": NaN,
        "Operating Income": 20275000.0,
        "Operating Expense": 30908000.0,
        "Research And Development": 5966000.0,
        "Selling General And Administration": 24942000.0,
        "Gross Profit": 51183000.0,
        "Cost Of Revenue": 88827000.0,
        "Total Revenue": 140010000.0,
        "Operating Revenue": 140010000.0
    },
    "2024-03-31": {
        "Tax Effect Of Unusual Items": -14300.0,
        "Tax Rate For Calcs": 0.22,
        "Normalized EBITDA": 24535000.0,
        "Total Unusual Items": -65000.0,
        "Total Unusual Items Excluding Goodwill": -65000.0,
        "Net Income From Continuing Operation Net Minority Interest": 15874000.0,
        "Reconciled Depreciation": 3684000.0,
        "Reconciled Cost Of Revenue": 80012000.0,
        "EBITDA": 24470000.0,
        "EBIT": 20786000.0,
        "Net Interest Income": 681000.0,
        "Interest Expense": 434000.0,
        "Interest Income": 1115000.0,
        "Normalized Income": 15924700.0,
        "Net Income From Continuing And Discontinued Operation": 15874000.0,
        "Total Expenses": 110171000.0,
        "Total Operating Income As Reported": 17854000.0,
        "Diluted Average Shares": 12749000.0,
        "Basic Average Shares": 12749000.0,
        "Diluted EPS": 1.19,
        "Basic EPS": 1.19,
        "Diluted NI Availto Com Stockholders": 15874000.0,
        "Net Income Common Stockholders": 15874000.0,
        "Net Income": 15874000.0,
        "Net Income Including Noncontrolling Interests": 15874000.0,
        "Net Income Continuous Operations": 15874000.0,
        "Tax Provision": 4478000.0,
        "Pretax Income": 20352000.0,
        "Other Income Expense": 1752000.0,
        "Other Non Operating Income Expenses": 1817000.0,
        "Special Income Charges": -65000.0,
        "Gain On Sale Of Ppe": NaN,
        "Gain On Sale Of Business": NaN,
        "Restructuring And Mergern Acquisition": 65000.0,
        "Net Non Operating Interest Income Expense": 681000.0,
        "Interest Expense Non Operating": 434000.0,
        "Interest Income Non Operating": 1115000.0,
        "Operating Income": 17919000.0,
        "Operating Expense": 30159000.0,
        "Research And Development": 5215000.0,
        "Selling General And Administration": 24944000.0,
        "Gross Profit": 48078000.0,
        "Cost Of Revenue": 80012000.0,
        "Total Revenue": 128090000.0,
        "Operating Revenue": 128090000.0
    },
    "2024-06-30": {
        "Tax Effect Of Unusual Items": -113564.0,
        "Tax Rate For Calcs": 0.178,
        "Normalized EBITDA": 27375000.0,
        "Total Unusual Items": -638000.0,
        "Total Unusual Items Excluding Goodwill": -638000.0,
        "Net Income From Continuing Operation Net Minority Interest": 18806000.0,
        "Reconciled Depreciation": 3439000.0,
        "Reconciled Cost Of Revenue": 79809000.0,
        "EBITDA": 26737000.0,
        "EBIT": 23298000.0,
        "Net Interest Income": 731000.0,
        "Interest Expense": 415000.0,
        "Interest Income": 1146000.0,
        "Normalized Income": 19330436.0,
        "Net Income From Continuing And Discontinued Operation": 18806000.0,
        "Total Expenses": 109944000.0,
        "Total Operating Income As Reported": 22623000.0,
        "Diluted Average Shares": 12616000.0,
        "Basic Average Shares": 12616000.0,
        "Diluted EPS": 1.5,
        "Basic EPS": 1.5,
        "Diluted NI Availto Com Stockholders": 18806000.0,
        "Net Income Common Stockholders": 18806000.0,
        "Net Income": 18806000.0,
        "Net Income Including Noncontrolling Interests": 18806000.0,
        "Net Income Continuous Operations": 18806000.0,
        "Tax Provision": 4077000.0,
        "Pretax Income": 22883000.0,
        "Other Income Expense": -1109000.0,
        "Other Non Operating Income Expenses": -471000.0,
        "Special Income Charges": -638000.0,
        "Gain On Sale Of Ppe": 0.0,
        "Gain On Sale Of Business": 0.0,
        "Restructuring And Mergern Acquisition": 638000.0,
        "Net Non Operating Interest Income Expense": 731000.0,
        "Interest Expense Non Operating": 415000.0,
        "Interest Income Non Operating": 1146000.0,
        "Operating Income": 23261000.0,
        "Operating Expense": 30135000.0,
        "Research And Development": 5994000.0,
        "Selling General And Administration": 24141000.0,
        "Gross Profit": 53396000.0,
        "Cost Of Revenue": 79809000.0,
        "Total Revenue": 133205000.0,
        "Operating Revenue": 133205000.0
    }
}