{
    "2023-06-30": {
        "Tax Effect Of Unusual Items": -122739.0,
        "Tax Rate For Calcs": 0.251,
        "Total Unusual Items": -489000.0,
        "Total Unusual Items Excluding Goodwill": -489000.0,
        "Net Income From Continuing Operation Net Minority Interest": 14132000.0,
        "Reconciled Depreciation": 2195000.0,
        "Net Interest Income": 34272000.0,
        "Interest Expense": 11657000.0,
        "Interest Income": 45929000.0,
        "Normalized Income": 14498261.0,
        "Net Income From Continuing And Discontinued Operation": 14132000.0,
        "Diluted Average Shares": 10346575.0,
        "Basic Average Shares": 10331725.0,
        "Diluted EPS": 1.37,
        "Basic EPS": 1.37,
        "Diluted NI Availto Com Stockholders": 14132000.0,
        "Net Income Common Stockholders": 14132000.0,
        "Otherunder Preferred Stock Dividend": NaN,
        "Net Income": 14132000.0,
        "Net Income Including Noncontrolling Interests": 14132000.0,
        "Net Income Continuous Operations": 14132000.0,
        "Tax Provision": 4748000.0,
        "Pretax Income": 18880000.0,
        "Special Income Charges": -228000.0,
        "Other Special Charges": 228000.0,
        "Gain On Sale Of Security": -548000.0,
        "Depreciation Amortization Depletion Income Statement": 1672000.0,
        "Depreciation And Amortization In Income Statement": 1672000.0,
        "Amortization": 1672000.0,
        "Amortization Of Intangibles Income Statement": 1672000.0,
        "Selling General And Administration": 12273000.0,
        "Selling And Marketing Expense": 85000.0,
        "General And Administrative Expense": 12188000.0,
        "Other Gand A": 2318000.0,
        "Salaries And Wages": 9870000.0,
        "Total Revenue": 36617000.0,
        "Operating Revenue": 36617000.0,
        "Occupancy And Equipment": 1317000.0,
        "Other Non Interest Expense": 4195000.0
    },
    "2023-03-31": {
        "Tax Effect Of Unusual Items": 0.0,
        "Tax Rate For Calcs": 0.25,
        "Total Unusual Items": 0.0,
        "Total Unusual Items Excluding Goodwill": 0.0,
        "Net Income From Continuing Operation Net Minority Interest": 10680000.0,
        "Reconciled Depreciation": 1916000.0,
        "Net Interest Income": 32234000.0,
        "Interest Expense": 8668000.0,
        "Interest Income": 40902000.0,
        "Normalized Income": 10680000.0,
        "Net Income From Continuing And Discontinued Operation": 10680000.0,
        "Diluted Average Shares": 9737879.0,
        "Basic Average Shares": 9714184.0,
        "Diluted EPS": 1.09,
        "Basic EPS": 1.09,
        "Diluted NI Availto Com Stockholders": 10616000.0,
        "Net Income Common Stockholders": 10616000.0,
        "Otherunder Preferred Stock Dividend": 64000.0,
        "Net Income": 10680000.0,
        "Net Income Including Noncontrolling Interests": 10680000.0,
        "Net Income Continuous Operations": 10680000.0,
        "Tax Provision": 3557000.0,
        "Pretax Income": 14237000.0,
        "Special Income Charges": -223000.0,
        "Other Special Charges": 223000.0,
        "Gain On Sale Of Security": 704000.0,
        "Depreciation Amortization Depletion Income Statement": 1422000.0,
        "Depreciation And Amortization In Income Statement": 1422000.0,
        "Amortization": 1422000.0,
        "Amortization Of Intangibles Income Statement": 1422000.0,
        "Selling General And Administration": 9993000.0,
        "Selling And Marketing Expense": 81000.0,
        "General And Administrative Expense": 9912000.0,
        "Other Gand A": 2244000.0,
        "Salaries And Wages": 9912000.0,
        "Total Revenue": 36047000.0,
        "Operating Revenue": 36047000.0,
        "Occupancy And Equipment": 1591000.0,
        "Other Non Interest Expense": 6583000.0
    },
    "2022-12-31": {
        "Tax Effect Of Unusual Items": NaN,
        "Tax Rate For Calcs": NaN,
        "Total Unusual Items": NaN,
        "Total Unusual Items Excluding Goodwill": NaN,
        "Net Income From Continuing Operation Net Minority Interest": NaN,
        "Reconciled Depreciation": NaN,
        "Net Interest Income": NaN,
        "Interest Expense": NaN,
        "Interest Income": NaN,
        "Normalized Income": NaN,
        "Net Income From Continuing And Discontinued Operation": NaN,
        "Diluted Average Shares": NaN,
        "Basic Average Shares": NaN,
        "Diluted EPS": NaN,
        "Basic EPS": NaN,
        "Diluted NI Availto Com Stockholders": NaN,
        "Net Income Common Stockholders": NaN,
        "Otherunder Preferred Stock Dividend": NaN,
        "Net Income": NaN,
        "Net Income Including Noncontrolling Interests": NaN,
        "Net Income Continuous Operations": NaN,
        "Tax Provision": NaN,
        "Pretax Income": NaN,
        "Special Income Charges": -165000.0,
        "Other Special Charges": 165000.0,
        "Gain On Sale Of Security": NaN,
        "Depreciation Amortization Depletion Income Statement": NaN,
        "Depreciation And Amortization In Income Statement": NaN,
        "Amortization": NaN,
        "Amortization Of Intangibles Income Statement": NaN,
        "Selling General And Administration": NaN,
        "Selling And Marketing Expense": NaN,
        "General And Administrative Expense": NaN,
        "Other Gand A": 2200000.0,
        "Salaries And Wages": NaN,
        "Total Revenue": NaN,
        "Operating Revenue": NaN,
        "Occupancy And Equipment": NaN,
        "Other Non Interest Expense": NaN
    },
    "2022-09-30": {
        "Tax Effect Of Unusual Items": NaN,
        "Tax Rate For Calcs": NaN,
        "Total Unusual Items": NaN,
        "Total Unusual Items Excluding Goodwill": NaN,
        "Net Income From Continuing Operation Net Minority Interest": NaN,
        "Reconciled Depreciation": NaN,
        "Net Interest Income": NaN,
        "Interest Expense": NaN,
        "Interest Income": NaN,
        "Normalized Income": NaN,
        "Net Income From Continuing And Discontinued Operation": NaN,
        "Diluted Average Shares": NaN,
        "Basic Average Shares": NaN,
        "Diluted EPS": NaN,
        "Basic EPS": NaN,
        "Diluted NI Availto Com Stockholders": NaN,
        "Net Income Common Stockholders": NaN,
        "Otherunder Preferred Stock Dividend": 76000.0,
        "Net Income": NaN,
        "Net Income Including Noncontrolling Interests": NaN,
        "Net Income Continuous Operations": NaN,
        "Tax Provision": NaN,
        "Pretax Income": NaN,
        "Special Income Charges": -150000.0,
        "Other Special Charges": 150000.0,
        "Gain On Sale Of Security": NaN,
        "Depreciation Amortization Depletion Income Statement": NaN,
        "Depreciation And Amortization In Income Statement": NaN,
        "Amortization": NaN,
        "Amortization Of Intangibles Income Statement": NaN,
        "Selling General And Administration": NaN,
        "Selling And Marketing Expense": NaN,
        "General And Administrative Expense": NaN,
        "Other Gand A": 1792000.0,
        "Salaries And Wages": NaN,
        "Total Revenue": NaN,
        "Operating Revenue": NaN
    },
    "2022-06-30": {
        "Tax Effect Of Unusual Items": -62140.0,
        "Tax Rate For Calcs": 0.239,
        "Total Unusual Items": -260000.0,
        "Total Unusual Items Excluding Goodwill": -260000.0,
        "Net Income From Continuing Operation Net Minority Interest": 11654000.0,
        "Reconciled Depreciation": 694000.0,
        "Net Interest Income": 23480000.0,
        "Interest Expense": 2340000.0,
        "Interest Income": 25820000.0,
        "Normalized Income": 11851860.0,
        "Net Income From Continuing And Discontinued Operation": 11654000.0,
        "Diluted Average Shares": 7472561.0,
        "Basic Average Shares": 7457443.0,
        "Diluted EPS": 1.55,
        "Basic EPS": 1.55,
        "Diluted NI Availto Com Stockholders": 11561000.0,
        "Net Income Common Stockholders": 11561000.0,
        "Otherunder Preferred Stock Dividend": 93000.0,
        "Net Income": 11654000.0,
        "Net Income Including Noncontrolling Interests": 11654000.0,
        "Net Income Continuous Operations": 11654000.0,
        "Tax Provision": 3658000.0,
        "Pretax Income": 15312000.0,
        "Special Income Charges": -235000.0,
        "Other Special Charges": 235000.0,
        "Gain On Sale Of Security": NaN,
        "Depreciation Amortization Depletion Income Statement": 294000.0,
        "Depreciation And Amortization In Income Statement": 294000.0,
        "Amortization": 294000.0,
        "Amortization Of Intangibles Income Statement": 294000.0,
        "Selling General And Administration": 8636000.0,
        "Selling And Marketing Expense": 55000.0,
        "General And Administrative Expense": 8581000.0,
        "Other Gand A": 1575000.0,
        "Salaries And Wages": 7006000.0,
        "Total Revenue": 27649000.0,
        "Operating Revenue": 27649000.0
    },
    "2022-03-31": {
        "Diluted EPS": 1.34,
        "Total Revenue": 29,
        "Gross Profit": 28,
        "Operating Income": 14,
        "EBIT": NaN,
        "Net Income": 10
    },
    "2021-12-31": {
        "Diluted EPS": 1.47,
        "Total Revenue": 31,
        "Gross Profit": 29,
        "Operating Income": 15,
        "EBIT": NaN,
        "Net Income": 11
    },
    "2021-09-30": {
        "Diluted EPS": 1.46,
        "Total Revenue": 30,
        "Gross Profit": 28,
        "Operating Income": 15,
        "EBIT": NaN,
        "Net Income": 11
    },
    "2021-06-30": {
        "Diluted EPS": 1.5,
        "Total Revenue": 31,
        "Gross Profit": 28,
        "Operating Income": 15,
        "EBIT": NaN,
        "Net Income": 12
    },
    "2021-03-31": {
        "Diluted EPS": 1.49,
        "Total Revenue": 31,
        "Gross Profit": 28,
        "Operating Income": 15,
        "EBIT": NaN,
        "Net Income": 12
    },
    "2020-12-31": {
        "Diluted EPS": 1.52,
        "Total Revenue": 29,
        "Gross Profit": 27,
        "Operating Income": 16,
        "EBIT": NaN,
        "Net Income": 11
    },
    "2020-09-30": {
        "Diluted EPS": 1.42,
        "Total Revenue": 31,
        "Gross Profit": 28,
        "Operating Income": 14,
        "EBIT": NaN,
        "Net Income": 11
    },
    "2020-06-30": {
        "Diluted EPS": 1.11,
        "Total Revenue": 32,
        "Gross Profit": 29,
        "Operating Income": 11,
        "EBIT": NaN,
        "Net Income": 8
    },
    "2020-03-31": {
        "Diluted EPS": 1.02,
        "Total Revenue": 27,
        "Gross Profit": 23,
        "Operating Income": 9,
        "EBIT": NaN,
        "Net Income": 7
    },
    "2019-12-31": {
        "Diluted EPS": 1.08,
        "Total Revenue": 27,
        "Gross Profit": 22,
        "Operating Income": 10,
        "EBIT": NaN,
        "Net Income": 7
    },
    "2019-09-30": {
        "Diluted EPS": 0.93,
        "Total Revenue": 29,
        "Gross Profit": 23,
        "Operating Income": 8,
        "EBIT": NaN,
        "Net Income": 7
    },
    "2019-06-30": {
        "Diluted EPS": 0.9,
        "Total Revenue": 23,
        "Gross Profit": 18,
        "Operating Income": 8,
        "EBIT": NaN,
        "Net Income": 6
    },
    "2019-03-31": {
        "Diluted EPS": 1.0,
        "Total Revenue": 23,
        "Gross Profit": 19,
        "Operating Income": 9,
        "EBIT": NaN,
        "Net Income": 7
    },
    "2018-12-31": {
        "Diluted EPS": 0.91,
        "Total Revenue": 22,
        "Gross Profit": 18,
        "Operating Income": 7,
        "EBIT": NaN,
        "Net Income": 6
    },
    "2018-09-30": {
        "Diluted EPS": 0.89,
        "Total Revenue": 22,
        "Gross Profit": 18,
        "Operating Income": 8,
        "EBIT": NaN,
        "Net Income": 6
    },
    "2018-06-30": {
        "Diluted EPS": 0.96,
        "Total Revenue": 22,
        "Gross Profit": 19,
        "Operating Income": 8,
        "EBIT": NaN,
        "Net Income": 6
    },
    "2018-03-31": {
        "Diluted EPS": 1.05,
        "Total Revenue": 23,
        "Gross Profit": 20,
        "Operating Income": 9,
        "EBIT": NaN,
        "Net Income": 7
    },
    "2017-12-31": {
        "Diluted EPS": 0.0,
        "Total Revenue": NaN,
        "Gross Profit": NaN,
        "Operating Income": NaN,
        "EBIT": NaN,
        "Net Income": NaN
    },
    "2017-09-30": {
        "Diluted EPS": 0.62,
        "Total Revenue": 15,
        "Gross Profit": 13,
        "Operating Income": 6,
        "EBIT": NaN,
        "Net Income": 4
    },
    "2016-12-31": {
        "Diluted EPS": 0.0,
        "Total Revenue": NaN,
        "Gross Profit": NaN,
        "Operating Income": NaN,
        "EBIT": NaN,
        "Net Income": NaN
    },
    "2015-12-31": {
        "Diluted EPS": 0.0,
        "Total Revenue": NaN,
        "Gross Profit": NaN,
        "Operating Income": NaN,
        "EBIT": NaN,
        "Net Income": NaN
    },
    "2023-09-30": {
        "Tax Effect Of Unusual Items": -13091.0,
        "Tax Rate For Calcs": 0.247,
        "Total Unusual Items": -53000.0,
        "Total Unusual Items Excluding Goodwill": -53000.0,
        "Net Income From Continuing Operation Net Minority Interest": 14804000.0,
        "Reconciled Depreciation": 2007000.0,
        "Net Interest Income": 34058000.0,
        "Interest Expense": 12931000.0,
        "Interest Income": 46989000.0,
        "Normalized Income": 14843909.0,
        "Net Income From Continuing And Discontinued Operation": 14804000.0,
        "Diluted Average Shares": 10353621.0,
        "Basic Average Shares": 10330779.0,
        "Diluted EPS": 1.43,
        "Basic EPS": 1.43,
        "Diluted NI Availto Com Stockholders": 14721000.0,
        "Net Income Common Stockholders": 14721000.0,
        "Otherunder Preferred Stock Dividend": 83000.0,
        "Net Income": 14804000.0,
        "Net Income Including Noncontrolling Interests": 14804000.0,
        "Net Income Continuous Operations": 14804000.0,
        "Tax Provision": 4861000.0,
        "Pretax Income": 19665000.0,
        "Special Income Charges": -229000.0,
        "Other Special Charges": 229000.0,
        "Gain On Sale Of Security": 229000.0,
        "Depreciation Amortization Depletion Income Statement": 1626000.0,
        "Depreciation And Amortization In Income Statement": 1626000.0,
        "Amortization": 1626000.0,
        "Amortization Of Intangibles Income Statement": 1626000.0,
        "Selling General And Administration": 12673000.0,
        "Selling And Marketing Expense": 60000.0,
        "General And Administrative Expense": 12613000.0,
        "Other Gand A": 2397000.0,
        "Salaries And Wages": 10216000.0,
        "Total Revenue": 37684000.0,
        "Operating Revenue": 37684000.0,
        "Occupancy And Equipment": 1455000.0,
        "Other Non Interest Expense": 3840000.0
    },
    "2023-12-31": {
        "Tax Effect Of Unusual Items": 9012794.097192,
        "Tax Rate For Calcs": 0.241546,
        "Total Unusual Items": 37313000.0,
        "Total Unusual Items Excluding Goodwill": 37313000.0,
        "Net Income From Continuing Operation Net Minority Interest": 34898000.0,
        "Reconciled Depreciation": 2279000.0,
        "Net Interest Income": 32916000.0,
        "Interest Expense": 15747000.0,
        "Interest Income": 48663000.0,
        "Normalized Income": 6597794.097192,
        "Net Income From Continuing And Discontinued Operation": 34898000.0,
        "Diluted Average Shares": 10338715.0,
        "Basic Average Shares": 10308275.0,
        "Diluted EPS": 3.39,
        "Basic EPS": 3.39,
        "Diluted NI Availto Com Stockholders": 34701000.0,
        "Net Income Common Stockholders": 34701000.0,
        "Otherunder Preferred Stock Dividend": 197000.0,
        "Net Income": 34898000.0,
        "Net Income Including Noncontrolling Interests": 34898000.0,
        "Net Income Continuous Operations": 34898000.0,
        "Tax Provision": 11114000.0,
        "Pretax Income": 46012000.0,
        "Special Income Charges": NaN,
        "Other Special Charges": NaN,
        "Gain On Sale Of Security": -7891000.0,
        "Depreciation Amortization Depletion Income Statement": 1604000.0,
        "Depreciation And Amortization In Income Statement": 1604000.0,
        "Amortization": 1604000.0,
        "Amortization Of Intangibles Income Statement": 1604000.0,
        "Selling General And Administration": 3498000.0,
        "Selling And Marketing Expense": 100000.0,
        "General And Administrative Expense": 3398000.0,
        "Other Gand A": NaN,
        "Salaries And Wages": 10357000.0,
        "Total Revenue": 27122000.0,
        "Operating Revenue": 27122000.0,
        "Occupancy And Equipment": 1307000.0,
        "Other Non Interest Expense": 13036000.0
    },
    "2024-03-31": {
        "Tax Effect Of Unusual Items": 4935.0,
        "Tax Rate For Calcs": 0.105,
        "Total Unusual Items": 47000.0,
        "Total Unusual Items Excluding Goodwill": 47000.0,
        "Net Income From Continuing Operation Net Minority Interest": 15412000.0,
        "Reconciled Depreciation": 2064000.0,
        "Net Interest Income": 33349000.0,
        "Interest Expense": 15923000.0,
        "Interest Income": 49272000.0,
        "Normalized Income": 15369935.0,
        "Net Income From Continuing And Discontinued Operation": 15412000.0,
        "Diluted Average Shares": 10201373.0,
        "Basic Average Shares": 10177932.0,
        "Diluted EPS": 1.51,
        "Basic EPS": 1.51,
        "Diluted NI Availto Com Stockholders": 15328000.0,
        "Net Income Common Stockholders": 15328000.0,
        "Otherunder Preferred Stock Dividend": 84000.0,
        "Net Income": 15412000.0,
        "Net Income Including Noncontrolling Interests": 15412000.0,
        "Net Income Continuous Operations": 15412000.0,
        "Tax Provision": 1810000.0,
        "Pretax Income": 17222000.0,
        "Special Income Charges": NaN,
        "Other Special Charges": NaN,
        "Gain On Sale Of Security": -346000.0,
        "Depreciation Amortization Depletion Income Statement": 1500000.0,
        "Depreciation And Amortization In Income Statement": 1500000.0,
        "Amortization": 1500000.0,
        "Amortization Of Intangibles Income Statement": 1500000.0,
        "Selling General And Administration": 10988000.0,
        "Selling And Marketing Expense": 95000.0,
        "General And Administrative Expense": 10893000.0,
        "Other Gand A": NaN,
        "Salaries And Wages": 10893000.0,
        "Total Revenue": 36780000.0,
        "Operating Revenue": 36780000.0,
        "Occupancy And Equipment": 1584000.0,
        "Other Non Interest Expense": 6265000.0
    }
}