{
    "2023-03-31": {
        "Tax Effect Of Unusual Items": 0.0,
        "Tax Rate For Calcs": 0.287,
        "Total Unusual Items": 230000000.0,
        "Total Unusual Items Excluding Goodwill": 230000000.0,
        "Net Income From Continuing Operation Net Minority Interest": 455000000.0,
        "Reconciled Depreciation": 34000000.0,
        "Net Interest Income": 1117000000.0,
        "Interest Expense": 218000000.0,
        "Interest Income": 1335000000.0,
        "Normalized Income": 455000000.0,
        "Net Income From Continuing And Discontinued Operation": 455000000.0,
        "Diluted Average Shares": 50100000.0,
        "Basic Average Shares": 50000000.0,
        "Diluted EPS": 9.08,
        "Basic EPS": 9.1,
        "Diluted NI Availto Com Stockholders": 455000000.0,
        "Net Income Common Stockholders": 455000000.0,
        "Net Income": 455000000.0,
        "Net Income Including Noncontrolling Interests": 455000000.0,
        "Net Income Discontinuous Operations": 0.0,
        "Net Income Continuous Operations": 455000000.0,
        "Tax Provision": 183000000.0,
        "Pretax Income": 638000000.0,
        "Special Income Charges": 230000000.0,
        "Other Special Charges": -230000000.0,
        "Depreciation Amortization Depletion Income Statement": 34000000.0,
        "Depreciation And Amortization In Income Statement": 34000000.0,
        "Selling General And Administration": 259000000.0,
        "Selling And Marketing Expense": 39000000.0,
        "General And Administrative Expense": 220000000.0,
        "Salaries And Wages": 220000000.0,
        "Total Revenue": 1295000000.0,
        "Operating Revenue": 1295000000.0,
        "Occupancy And Equipment": 5000000.0,
        "Professional Expense And Contract Services Expense": 38000000.0,
        "Other Non Interest Expense": 208000000.0
    },
    "2022-12-31": {
        "Tax Effect Of Unusual Items": 0.0,
        "Tax Rate For Calcs": 0.355769,
        "Total Unusual Items": NaN,
        "Total Unusual Items Excluding Goodwill": NaN,
        "Net Income From Continuing Operation Net Minority Interest": -134000000.0,
        "Reconciled Depreciation": 33000000.0,
        "Net Interest Income": 1130000000.0,
        "Interest Expense": 195000000.0,
        "Interest Income": 1325000000.0,
        "Normalized Income": -134000000.0,
        "Net Income From Continuing And Discontinued Operation": -134000000.0,
        "Diluted Average Shares": NaN,
        "Basic Average Shares": NaN,
        "Diluted EPS": NaN,
        "Basic EPS": NaN,
        "Diluted NI Availto Com Stockholders": -134000000.0,
        "Net Income Common Stockholders": -134000000.0,
        "Net Income": -134000000.0,
        "Net Income Including Noncontrolling Interests": -134000000.0,
        "Net Income Discontinuous Operations": 0.0,
        "Net Income Continuous Operations": -134000000.0,
        "Tax Provision": -74000000.0,
        "Pretax Income": -208000000.0,
        "Special Income Charges": NaN,
        "Other Special Charges": NaN,
        "Depreciation Amortization Depletion Income Statement": 33000000.0,
        "Depreciation And Amortization In Income Statement": 33000000.0,
        "Selling General And Administration": 263000000.0,
        "Selling And Marketing Expense": 56000000.0,
        "General And Administrative Expense": 207000000.0,
        "Salaries And Wages": 207000000.0,
        "Total Revenue": 1033000000.0,
        "Operating Revenue": 1033000000.0
    },
    "2022-09-30": {
        "Tax Effect Of Unusual Items": NaN,
        "Tax Rate For Calcs": NaN,
        "Total Unusual Items": 0.0,
        "Total Unusual Items Excluding Goodwill": 0.0,
        "Net Income From Continuing Operation Net Minority Interest": NaN,
        "Reconciled Depreciation": NaN,
        "Net Interest Income": NaN,
        "Interest Expense": NaN,
        "Interest Income": NaN,
        "Normalized Income": NaN,
        "Net Income From Continuing And Discontinued Operation": NaN,
        "Diluted Average Shares": 49900000.0,
        "Basic Average Shares": 49800000.0,
        "Diluted EPS": 2.69,
        "Basic EPS": 2.69,
        "Diluted NI Availto Com Stockholders": NaN,
        "Net Income Common Stockholders": NaN,
        "Net Income": NaN,
        "Net Income Including Noncontrolling Interests": NaN,
        "Net Income Discontinuous Operations": NaN,
        "Net Income Continuous Operations": NaN,
        "Tax Provision": NaN,
        "Pretax Income": NaN,
        "Special Income Charges": 0.0,
        "Other Special Charges": NaN,
        "Depreciation Amortization Depletion Income Statement": NaN,
        "Depreciation And Amortization In Income Statement": NaN,
        "Selling General And Administration": NaN,
        "Selling And Marketing Expense": NaN,
        "General And Administrative Expense": NaN,
        "Salaries And Wages": NaN,
        "Total Revenue": NaN,
        "Operating Revenue": NaN
    },
    "2022-06-30": {
        "Tax Effect Of Unusual Items": 0.0,
        "Tax Rate For Calcs": 0.227,
        "Total Unusual Items": NaN,
        "Total Unusual Items Excluding Goodwill": NaN,
        "Net Income From Continuing Operation Net Minority Interest": 12000000.0,
        "Reconciled Depreciation": 30000000.0,
        "Net Interest Income": 978000000.0,
        "Interest Expense": 95000000.0,
        "Interest Income": 1073000000.0,
        "Normalized Income": 12000000.0,
        "Net Income From Continuing And Discontinued Operation": 12000000.0,
        "Diluted Average Shares": 50300000.0,
        "Basic Average Shares": 50100000.0,
        "Diluted EPS": 0.25,
        "Basic EPS": 0.25,
        "Diluted NI Availto Com Stockholders": 12000000.0,
        "Net Income Common Stockholders": 12000000.0,
        "Net Income": 12000000.0,
        "Net Income Including Noncontrolling Interests": 12000000.0,
        "Net Income Discontinuous Operations": 0.0,
        "Net Income Continuous Operations": 12000000.0,
        "Tax Provision": 4000000.0,
        "Pretax Income": 16000000.0,
        "Special Income Charges": NaN,
        "Other Special Charges": NaN,
        "Depreciation Amortization Depletion Income Statement": 30000000.0,
        "Depreciation And Amortization In Income Statement": 30000000.0,
        "Selling General And Administration": 241000000.0,
        "Selling And Marketing Expense": 50000000.0,
        "General And Administrative Expense": 191000000.0,
        "Salaries And Wages": 191000000.0,
        "Total Revenue": 914000000.0,
        "Operating Revenue": 914000000.0
    },
    "2023-06-30": {
        "Tax Effect Of Unusual Items": 0.0,
        "Tax Rate For Calcs": 0.26,
        "Total Unusual Items": 0.0,
        "Total Unusual Items Excluding Goodwill": 0.0,
        "Net Income From Continuing Operation Net Minority Interest": 64000000.0,
        "Reconciled Depreciation": 35000000.0,
        "Net Interest Income": 992000000.0,
        "Interest Expense": 205000000.0,
        "Interest Income": 1197000000.0,
        "Normalized Income": 64000000.0,
        "Net Income From Continuing And Discontinued Operation": 48000000.0,
        "Diluted Average Shares": 50300000.0,
        "Basic Average Shares": 50100000.0,
        "Diluted EPS": 0.95,
        "Basic EPS": 0.95,
        "Diluted NI Availto Com Stockholders": 48000000.0,
        "Net Income Common Stockholders": 48000000.0,
        "Net Income": 48000000.0,
        "Net Income Including Noncontrolling Interests": 48000000.0,
        "Net Income Discontinuous Operations": -16000000.0,
        "Net Income Continuous Operations": 64000000.0,
        "Tax Provision": 22000000.0,
        "Pretax Income": 86000000.0,
        "Special Income Charges": 0.0,
        "Other Special Charges": NaN,
        "Depreciation Amortization Depletion Income Statement": 35000000.0,
        "Depreciation And Amortization In Income Statement": 35000000.0,
        "Selling General And Administration": 257000000.0,
        "Selling And Marketing Expense": 40000000.0,
        "General And Administrative Expense": 217000000.0,
        "Salaries And Wages": 217000000.0,
        "Total Revenue": 952000000.0,
        "Operating Revenue": 952000000.0,
        "Occupancy And Equipment": 5000000.0,
        "Professional Expense And Contract Services Expense": 34000000.0,
        "Other Non Interest Expense": 199000000.0
    },
    "2022-03-31": {
        "Diluted EPS": 4.2,
        "Total Revenue": NaN,
        "Gross Profit": NaN,
        "Operating Income": 769,
        "EBIT": 817,
        "Net Income": 210
    },
    "2021-12-31": {
        "Diluted EPS": 0.34,
        "Total Revenue": 940,
        "Gross Profit": 940,
        "Operating Income": 688,
        "EBIT": 743,
        "Net Income": 17
    },
    "2021-09-30": {
        "Diluted EPS": 4.47,
        "Total Revenue": 942,
        "Gross Profit": 942,
        "Operating Income": 716,
        "EBIT": 774,
        "Net Income": 224
    },
    "2021-06-30": {
        "Diluted EPS": 5.47,
        "Total Revenue": 864,
        "Gross Profit": 864,
        "Operating Income": 645,
        "EBIT": 703,
        "Net Income": 274
    },
    "2021-03-31": {
        "Diluted EPS": 5.74,
        "Total Revenue": 909,
        "Gross Profit": 909,
        "Operating Income": 683,
        "EBIT": 741,
        "Net Income": 286
    },
    "2020-12-31": {
        "Diluted EPS": 0.23,
        "Total Revenue": 385,
        "Gross Profit": 385,
        "Operating Income": NaN,
        "EBIT": NaN,
        "Net Income": 12
    },
    "2020-09-30": {
        "Diluted EPS": 2.79,
        "Total Revenue": NaN,
        "Gross Profit": 568,
        "Operating Income": 291,
        "EBIT": 340,
        "Net Income": 133
    },
    "2020-06-30": {
        "Diluted EPS": 0.81,
        "Total Revenue": 979,
        "Gross Profit": 487,
        "Operating Income": 175,
        "EBIT": 225,
        "Net Income": 38
    },
    "2020-03-31": {
        "Diluted EPS": 0.63,
        "Total Revenue": NaN,
        "Gross Profit": 883,
        "Operating Income": 164,
        "EBIT": 212,
        "Net Income": 30
    },
    "2019-12-31": {
        "Diluted EPS": 2.15,
        "Total Revenue": 568,
        "Gross Profit": 568,
        "Operating Income": NaN,
        "EBIT": NaN,
        "Net Income": 89
    },
    "2019-09-30": {
        "Diluted EPS": -2.13,
        "Total Revenue": NaN,
        "Gross Profit": 750,
        "Operating Income": 304,
        "EBIT": 360,
        "Net Income": -109
    },
    "2019-06-30": {
        "Diluted EPS": 2.64,
        "Total Revenue": NaN,
        "Gross Profit": 694,
        "Operating Income": 337,
        "EBIT": 391,
        "Net Income": 139
    },
    "2019-03-31": {
        "Diluted EPS": 2.8,
        "Total Revenue": NaN,
        "Gross Profit": 694,
        "Operating Income": 357,
        "EBIT": 487,
        "Net Income": 149
    },
    "2018-12-31": {
        "Diluted EPS": 5.22,
        "Total Revenue": NaN,
        "Gross Profit": 767,
        "Operating Income": 509,
        "EBIT": 641,
        "Net Income": 285
    },
    "2018-09-30": {
        "Diluted EPS": 5.39,
        "Total Revenue": NaN,
        "Gross Profit": 769,
        "Operating Income": 480,
        "EBIT": 613,
        "Net Income": 297
    },
    "2018-06-30": {
        "Diluted EPS": 3.93,
        "Total Revenue": NaN,
        "Gross Profit": 804,
        "Operating Income": 397,
        "EBIT": 533,
        "Net Income": 218
    },
    "2018-03-31": {
        "Diluted EPS": 2.95,
        "Total Revenue": NaN,
        "Gross Profit": 790,
        "Operating Income": 372,
        "EBIT": 505,
        "Net Income": 164
    },
    "2017-12-31": {
        "Diluted EPS": 4.85,
        "Total Revenue": -139,
        "Gross Profit": 515,
        "Operating Income": 335,
        "EBIT": 470,
        "Net Income": 271
    },
    "2017-09-30": {
        "Diluted EPS": 4.2,
        "Total Revenue": NaN,
        "Gross Profit": 846,
        "Operating Income": 479,
        "EBIT": 614,
        "Net Income": 233
    },
    "2017-06-30": {
        "Diluted EPS": 2.47,
        "Total Revenue": NaN,
        "Gross Profit": 807,
        "Operating Income": 351,
        "EBIT": 489,
        "Net Income": 138
    },
    "2017-03-31": {
        "Diluted EPS": 2.58,
        "Total Revenue": NaN,
        "Gross Profit": 837,
        "Operating Income": 352,
        "EBIT": 487,
        "Net Income": 146
    },
    "2016-12-31": {
        "Diluted EPS": 0.2,
        "Total Revenue": NaN,
        "Gross Profit": 628,
        "Operating Income": 180,
        "EBIT": 316,
        "Net Income": 94
    },
    "2016-09-30": {
        "Diluted EPS": 3.55,
        "Total Revenue": NaN,
        "Gross Profit": 840,
        "Operating Income": 421,
        "EBIT": 556,
        "Net Income": 208
    },
    "2016-06-30": {
        "Diluted EPS": 1.24,
        "Total Revenue": NaN,
        "Gross Profit": 721,
        "Operating Income": 321,
        "EBIT": 459,
        "Net Income": 73
    },
    "2016-03-31": {
        "Diluted EPS": 2.35,
        "Total Revenue": NaN,
        "Gross Profit": 672,
        "Operating Income": 344,
        "EBIT": 481,
        "Net Income": 141
    },
    "2015-12-31": {
        "Diluted EPS": 2.34,
        "Total Revenue": NaN,
        "Gross Profit": 722,
        "Operating Income": 364,
        "EBIT": 497,
        "Net Income": 129
    },
    "2015-09-30": {
        "Diluted EPS": 2.08,
        "Total Revenue": NaN,
        "Gross Profit": 688,
        "Operating Income": 288,
        "EBIT": 419,
        "Net Income": 128
    },
    "2015-06-30": {
        "Diluted EPS": 2.11,
        "Total Revenue": NaN,
        "Gross Profit": 604,
        "Operating Income": 286,
        "EBIT": 416,
        "Net Income": 131
    },
    "2015-03-31": {
        "Diluted EPS": 2.32,
        "Total Revenue": NaN,
        "Gross Profit": 611,
        "Operating Income": 325,
        "EBIT": 454,
        "Net Income": 163
    },
    "2014-12-31": {
        "Diluted EPS": 0.86,
        "Total Revenue": NaN,
        "Gross Profit": 590,
        "Operating Income": 212,
        "EBIT": 295,
        "Net Income": 53
    },
    "2014-09-30": {
        "Diluted EPS": 2.74,
        "Total Revenue": NaN,
        "Gross Profit": 552,
        "Operating Income": 322,
        "EBIT": 404,
        "Net Income": 164
    },
    "2014-06-30": {
        "Diluted EPS": 2.19,
        "Total Revenue": NaN,
        "Gross Profit": 482,
        "Operating Income": 283,
        "EBIT": 367,
        "Net Income": 137
    },
    "2014-03-31": {
        "Diluted EPS": 2.08,
        "Total Revenue": NaN,
        "Gross Profit": 460,
        "Operating Income": 282,
        "EBIT": 370,
        "Net Income": 137
    },
    "2013-12-31": {
        "Diluted EPS": 1.78,
        "Total Revenue": NaN,
        "Gross Profit": 460,
        "Operating Income": 250,
        "EBIT": 317,
        "Net Income": 118
    },
    "2013-09-30": {
        "Diluted EPS": 2.01,
        "Total Revenue": NaN,
        "Gross Profit": 468,
        "Operating Income": 289,
        "EBIT": 364,
        "Net Income": 133
    },
    "2013-06-30": {
        "Diluted EPS": 1.71,
        "Total Revenue": NaN,
        "Gross Profit": 409,
        "Operating Income": 269,
        "EBIT": 352,
        "Net Income": 116
    },
    "2013-03-31": {
        "Diluted EPS": 1.92,
        "Total Revenue": NaN,
        "Gross Profit": 433,
        "Operating Income": 291,
        "EBIT": 373,
        "Net Income": 129
    },
    "2012-12-31": {
        "Diluted EPS": 1.25,
        "Total Revenue": 972,
        "Gross Profit": 398,
        "Operating Income": 217,
        "EBIT": 310,
        "Net Income": 84
    },
    "2012-09-30": {
        "Diluted EPS": 1.84,
        "Total Revenue": 911,
        "Gross Profit": 412,
        "Operating Income": 264,
        "EBIT": 327,
        "Net Income": 120
    },
    "2012-06-30": {
        "Diluted EPS": 1.63,
        "Total Revenue": 866,
        "Gross Profit": 360,
        "Operating Income": 241,
        "EBIT": 300,
        "Net Income": 104
    },
    "2012-03-31": {
        "Diluted EPS": 1.86,
        "Total Revenue": 892,
        "Gross Profit": 365,
        "Operating Income": 253,
        "EBIT": 311,
        "Net Income": 115
    },
    "2011-12-31": {
        "Diluted EPS": 1.1,
        "Total Revenue": 848,
        "Gross Profit": 348,
        "Operating Income": 181,
        "EBIT": 257,
        "Net Income": 66
    },
    "2011-09-30": {
        "Diluted EPS": 1.6,
        "Total Revenue": 845,
        "Gross Profit": 368,
        "Operating Income": 228,
        "EBIT": 290,
        "Net Income": 94
    },
    "2011-06-30": {
        "Diluted EPS": 1.19,
        "Total Revenue": 740,
        "Gross Profit": 309,
        "Operating Income": 192,
        "EBIT": 246,
        "Net Income": 69
    },
    "2011-03-31": {
        "Diluted EPS": 1.56,
        "Total Revenue": 740,
        "Gross Profit": 336,
        "Operating Income": 212,
        "EBIT": 265,
        "Net Income": 86
    },
    "2010-12-31": {
        "Diluted EPS": 0.85,
        "Total Revenue": 756,
        "Gross Profit": 315,
        "Operating Income": 141,
        "EBIT": 195,
        "Net Income": 47
    },
    "2010-09-30": {
        "Diluted EPS": 0.96,
        "Total Revenue": 702,
        "Gross Profit": 317,
        "Operating Income": 170,
        "EBIT": 225,
        "Net Income": 53
    },
    "2010-06-30": {
        "Diluted EPS": 0.83,
        "Total Revenue": 670,
        "Gross Profit": 311,
        "Operating Income": 160,
        "EBIT": 211,
        "Net Income": 47
    },
    "2010-03-31": {
        "Diluted EPS": 0.84,
        "Total Revenue": 664,
        "Gross Profit": 303,
        "Operating Income": 158,
        "EBIT": 208,
        "Net Income": 47
    },
    "2009-12-31": {
        "Diluted EPS": 0.7,
        "Total Revenue": 546,
        "Gross Profit": 166,
        "Operating Income": 132,
        "EBIT": 199,
        "Net Income": 41
    },
    "2009-09-30": {
        "Diluted EPS": 0.83,
        "Total Revenue": 481,
        "Gross Profit": 155,
        "Operating Income": 94,
        "EBIT": 140,
        "Net Income": 46
    },
    "2009-06-30": {
        "Diluted EPS": 0.51,
        "Total Revenue": 458,
        "Gross Profit": 131,
        "Operating Income": 81,
        "EBIT": 124,
        "Net Income": 29
    },
    "2009-03-31": {
        "Diluted EPS": 0.45,
        "Total Revenue": 479,
        "Gross Profit": 158,
        "Operating Income": 102,
        "EBIT": 141,
        "Net Income": 28
    },
    "2023-09-30": {
        "Tax Effect Of Unusual Items": 0.0,
        "Tax Rate For Calcs": 0.23,
        "Total Unusual Items": 0.0,
        "Total Unusual Items Excluding Goodwill": 0.0,
        "Net Income From Continuing Operation Net Minority Interest": 173000000.0,
        "Reconciled Depreciation": 23000000.0,
        "Net Interest Income": 1082000000.0,
        "Interest Expense": 219000000.0,
        "Interest Income": 1301000000.0,
        "Normalized Income": 173000000.0,
        "Net Income From Continuing And Discontinued Operation": 171000000.0,
        "Diluted Average Shares": 50100000.0,
        "Basic Average Shares": 49900000.0,
        "Diluted EPS": 3.42,
        "Basic EPS": 3.44,
        "Diluted NI Availto Com Stockholders": 171000000.0,
        "Net Income Common Stockholders": 171000000.0,
        "Net Income": 171000000.0,
        "Net Income Including Noncontrolling Interests": 171000000.0,
        "Net Income Discontinuous Operations": -2000000.0,
        "Net Income Continuous Operations": 173000000.0,
        "Tax Provision": 52000000.0,
        "Pretax Income": 225000000.0,
        "Special Income Charges": 0.0,
        "Other Special Charges": NaN,
        "Depreciation Amortization Depletion Income Statement": 23000000.0,
        "Depreciation And Amortization In Income Statement": 23000000.0,
        "Selling General And Administration": 246000000.0,
        "Selling And Marketing Expense": 36000000.0,
        "General And Administrative Expense": 210000000.0,
        "Salaries And Wages": 210000000.0,
        "Total Revenue": 1031000000.0,
        "Operating Revenue": 1031000000.0,
        "Occupancy And Equipment": 5000000.0,
        "Professional Expense And Contract Services Expense": 29000000.0,
        "Other Non Interest Expense": 199000000.0
    },
    "2023-12-31": {
        "Tax Effect Of Unusual Items": 0.0,
        "Tax Rate For Calcs": 0.21,
        "Total Unusual Items": NaN,
        "Total Unusual Items Excluding Goodwill": NaN,
        "Net Income From Continuing Operation Net Minority Interest": 44000000.0,
        "Reconciled Depreciation": 24000000.0,
        "Net Interest Income": 1075000000.0,
        "Interest Expense": 238000000.0,
        "Interest Income": 1313000000.0,
        "Normalized Income": 44000000.0,
        "Net Income From Continuing And Discontinued Operation": 43000000.0,
        "Diluted Average Shares": NaN,
        "Basic Average Shares": NaN,
        "Diluted EPS": NaN,
        "Basic EPS": NaN,
        "Diluted NI Availto Com Stockholders": 43000000.0,
        "Net Income Common Stockholders": 43000000.0,
        "Net Income": 43000000.0,
        "Net Income Including Noncontrolling Interests": 43000000.0,
        "Net Income Discontinuous Operations": -1000000.0,
        "Net Income Continuous Operations": 44000000.0,
        "Tax Provision": -26000000.0,
        "Pretax Income": 18000000.0,
        "Special Income Charges": NaN,
        "Other Special Charges": NaN,
        "Depreciation Amortization Depletion Income Statement": 24000000.0,
        "Depreciation And Amortization In Income Statement": 24000000.0,
        "Selling General And Administration": 266000000.0,
        "Selling And Marketing Expense": 46000000.0,
        "General And Administrative Expense": 220000000.0,
        "Salaries And Wages": 220000000.0,
        "Total Revenue": 1017000000.0,
        "Operating Revenue": 1017000000.0,
        "Occupancy And Equipment": 6000000.0,
        "Professional Expense And Contract Services Expense": 27000000.0,
        "Other Non Interest Expense": 193000000.0
    },
    "2024-03-31": {
        "Tax Effect Of Unusual Items": 0.0,
        "Tax Rate For Calcs": 0.281,
        "Total Unusual Items": NaN,
        "Total Unusual Items Excluding Goodwill": NaN,
        "Net Income From Continuing Operation Net Minority Interest": 135000000.0,
        "Reconciled Depreciation": 23000000.0,
        "Net Interest Income": 1052000000.0,
        "Interest Expense": 248000000.0,
        "Interest Income": 1300000000.0,
        "Normalized Income": 135000000.0,
        "Net Income From Continuing And Discontinued Operation": 134000000.0,
        "Diluted Average Shares": 49700000.0,
        "Basic Average Shares": 49500000.0,
        "Diluted EPS": 2.7,
        "Basic EPS": 2.71,
        "Diluted NI Availto Com Stockholders": 134000000.0,
        "Net Income Common Stockholders": 134000000.0,
        "Net Income": 134000000.0,
        "Net Income Including Noncontrolling Interests": 134000000.0,
        "Net Income Discontinuous Operations": -1000000.0,
        "Net Income Continuous Operations": 135000000.0,
        "Tax Provision": 53000000.0,
        "Pretax Income": 188000000.0,
        "Special Income Charges": NaN,
        "Other Special Charges": NaN,
        "Depreciation Amortization Depletion Income Statement": 23000000.0,
        "Depreciation And Amortization In Income Statement": 23000000.0,
        "Selling General And Administration": 241000000.0,
        "Selling And Marketing Expense": 28000000.0,
        "General And Administrative Expense": 213000000.0,
        "Salaries And Wages": 213000000.0,
        "Total Revenue": 991000000.0,
        "Operating Revenue": 991000000.0,
        "Occupancy And Equipment": 6000000.0,
        "Professional Expense And Contract Services Expense": 29000000.0,
        "Other Non Interest Expense": 183000000.0
    }
}