{
    "2023-06-30": {
        "Tax Effect Of Unusual Items": -5054.0,
        "Tax Rate For Calcs": 0.266,
        "Total Unusual Items": -19000.0,
        "Total Unusual Items Excluding Goodwill": -19000.0,
        "Net Income From Continuing Operation Net Minority Interest": 2312000.0,
        "Reconciled Depreciation": 428000.0,
        "Net Interest Income": 12943000.0,
        "Interest Expense": 3235000.0,
        "Interest Income": 16178000.0,
        "Normalized Income": 2325946.0,
        "Net Income From Continuing And Discontinued Operation": 2312000.0,
        "Diluted NI Availto Com Stockholders": 2312000.0,
        "Net Income Common Stockholders": 2312000.0,
        "Net Income": 2312000.0,
        "Net Income Including Noncontrolling Interests": 2312000.0,
        "Net Income Continuous Operations": 2312000.0,
        "Tax Provision": 838000.0,
        "Pretax Income": 3150000.0,
        "Special Income Charges": 13000.0,
        "Other Special Charges": -13000.0,
        "Gain On Sale Of Security": 0.0,
        "Selling General And Administration": 6180000.0,
        "Selling And Marketing Expense": 269000.0,
        "General And Administrative Expense": 5911000.0,
        "Insurance And Claims": 282000.0,
        "Salaries And Wages": 5629000.0,
        "Total Revenue": 14169000.0,
        "Operating Revenue": 14169000.0
    },
    "2023-03-31": {
        "Tax Effect Of Unusual Items": -133826.0,
        "Tax Rate For Calcs": 0.242,
        "Total Unusual Items": -553000.0,
        "Total Unusual Items Excluding Goodwill": -553000.0,
        "Net Income From Continuing Operation Net Minority Interest": 2633000.0,
        "Reconciled Depreciation": 216000.0,
        "Net Interest Income": 13500000.0,
        "Interest Expense": 2660000.0,
        "Interest Income": 16160000.0,
        "Normalized Income": 3052174.0,
        "Net Income From Continuing And Discontinued Operation": 2633000.0,
        "Diluted NI Availto Com Stockholders": 2633000.0,
        "Net Income Common Stockholders": 2633000.0,
        "Net Income": 2633000.0,
        "Net Income Including Noncontrolling Interests": 2633000.0,
        "Net Income Continuous Operations": 2633000.0,
        "Tax Provision": 840000.0,
        "Pretax Income": 3473000.0,
        "Special Income Charges": NaN,
        "Other Special Charges": NaN,
        "Gain On Sale Of Security": -454000.0,
        "Selling General And Administration": 5899000.0,
        "Selling And Marketing Expense": 190000.0,
        "General And Administrative Expense": 5709000.0,
        "Insurance And Claims": 154000.0,
        "Salaries And Wages": 5555000.0,
        "Total Revenue": 13813000.0,
        "Operating Revenue": 13813000.0
    },
    "2022-12-31": {
        "Tax Effect Of Unusual Items": 0.0,
        "Tax Rate For Calcs": 0.254553,
        "Total Unusual Items": NaN,
        "Total Unusual Items Excluding Goodwill": NaN,
        "Net Income From Continuing Operation Net Minority Interest": 3438000.0,
        "Reconciled Depreciation": 180000.0,
        "Net Interest Income": 13988000.0,
        "Interest Expense": 2076000.0,
        "Interest Income": 16064000.0,
        "Normalized Income": 3438000.0,
        "Net Income From Continuing And Discontinued Operation": 3438000.0,
        "Diluted NI Availto Com Stockholders": 3438000.0,
        "Net Income Common Stockholders": 3438000.0,
        "Net Income": 3438000.0,
        "Net Income Including Noncontrolling Interests": 3438000.0,
        "Net Income Continuous Operations": 3438000.0,
        "Tax Provision": 1174000.0,
        "Pretax Income": 4612000.0,
        "Special Income Charges": NaN,
        "Other Special Charges": NaN,
        "Gain On Sale Of Security": NaN,
        "Selling General And Administration": 1988000.0,
        "Selling And Marketing Expense": 202000.0,
        "General And Administrative Expense": 1786000.0,
        "Insurance And Claims": 111000.0,
        "Salaries And Wages": 5366000.0,
        "Total Revenue": 15394000.0,
        "Operating Revenue": 15394000.0
    },
    "2022-09-30": {
        "Tax Effect Of Unusual Items": 0.0,
        "Tax Rate For Calcs": 0.244,
        "Total Unusual Items": NaN,
        "Total Unusual Items Excluding Goodwill": NaN,
        "Net Income From Continuing Operation Net Minority Interest": 3221000.0,
        "Reconciled Depreciation": 194000.0,
        "Net Interest Income": 13922000.0,
        "Interest Expense": 1008000.0,
        "Interest Income": 14930000.0,
        "Normalized Income": 3221000.0,
        "Net Income From Continuing And Discontinued Operation": 3221000.0,
        "Diluted Average Shares": 13060266.0,
        "Basic Average Shares": 13060266.0,
        "Diluted EPS": 0.25,
        "Basic EPS": 0.25,
        "Diluted NI Availto Com Stockholders": 3221000.0,
        "Net Income Common Stockholders": 3221000.0,
        "Net Income": 3221000.0,
        "Net Income Including Noncontrolling Interests": 3221000.0,
        "Net Income Continuous Operations": 3221000.0,
        "Tax Provision": 1037000.0,
        "Pretax Income": 4258000.0,
        "Special Income Charges": NaN,
        "Other Special Charges": NaN,
        "Gain On Sale Of Security": NaN,
        "Selling General And Administration": 6749000.0,
        "Selling And Marketing Expense": 138000.0,
        "General And Administrative Expense": 6611000.0,
        "Other Gand A": 1236000.0,
        "Insurance And Claims": 134000.0,
        "Salaries And Wages": 5241000.0,
        "Total Revenue": 15209000.0,
        "Operating Revenue": 15209000.0
    },
    "2022-06-30": {
        "Tax Effect Of Unusual Items": 0.0,
        "Tax Rate For Calcs": 0.225,
        "Total Unusual Items": NaN,
        "Total Unusual Items Excluding Goodwill": NaN,
        "Net Income From Continuing Operation Net Minority Interest": 2567000.0,
        "Reconciled Depreciation": 399000.0,
        "Net Interest Income": 12130000.0,
        "Interest Expense": 754000.0,
        "Interest Income": 12884000.0,
        "Normalized Income": 2567000.0,
        "Net Income From Continuing And Discontinued Operation": 2567000.0,
        "Diluted Average Shares": 13165023.0,
        "Basic Average Shares": 13165023.0,
        "Diluted EPS": 0.19,
        "Basic EPS": 0.19,
        "Diluted NI Availto Com Stockholders": 2567000.0,
        "Net Income Common Stockholders": 2567000.0,
        "Net Income": 2567000.0,
        "Net Income Including Noncontrolling Interests": 2567000.0,
        "Net Income Continuous Operations": 2567000.0,
        "Tax Provision": 744000.0,
        "Pretax Income": 3311000.0,
        "Special Income Charges": NaN,
        "Other Special Charges": NaN,
        "Gain On Sale Of Security": NaN,
        "Selling General And Administration": 7060000.0,
        "Selling And Marketing Expense": 208000.0,
        "General And Administrative Expense": 6852000.0,
        "Other Gand A": 1257000.0,
        "Insurance And Claims": 106000.0,
        "Salaries And Wages": 5489000.0,
        "Total Revenue": 13969000.0,
        "Operating Revenue": 13969000.0
    },
    "2022-03-31": {
        "Diluted EPS": 0.1,
        "Total Revenue": 13,
        "Gross Profit": 12,
        "Operating Income": 2,
        "EBIT": NaN,
        "Net Income": 1
    },
    "2021-12-31": {
        "Diluted EPS": 0.18,
        "Total Revenue": 14,
        "Gross Profit": 13,
        "Operating Income": 3,
        "EBIT": NaN,
        "Net Income": 2
    },
    "2021-09-30": {
        "Diluted EPS": 0.12,
        "Total Revenue": 13,
        "Gross Profit": 12,
        "Operating Income": 2,
        "EBIT": NaN,
        "Net Income": 2
    },
    "2021-06-30": {
        "Diluted EPS": 0.13,
        "Total Revenue": 13,
        "Gross Profit": 12,
        "Operating Income": 3,
        "EBIT": NaN,
        "Net Income": 2
    },
    "2021-03-31": {
        "Diluted EPS": 0.1,
        "Total Revenue": 13,
        "Gross Profit": 12,
        "Operating Income": 2,
        "EBIT": NaN,
        "Net Income": 1
    },
    "2020-12-31": {
        "Diluted EPS": 0.16,
        "Total Revenue": 14,
        "Gross Profit": 13,
        "Operating Income": 4,
        "EBIT": NaN,
        "Net Income": 2
    },
    "2020-09-30": {
        "Diluted EPS": 0.13,
        "Total Revenue": 14,
        "Gross Profit": 12,
        "Operating Income": 3,
        "EBIT": NaN,
        "Net Income": 2
    },
    "2020-06-30": {
        "Diluted EPS": 0.16,
        "Total Revenue": 14,
        "Gross Profit": 12,
        "Operating Income": 3,
        "EBIT": NaN,
        "Net Income": 2
    },
    "2020-03-31": {
        "Diluted EPS": 0.16,
        "Total Revenue": 16,
        "Gross Profit": 13,
        "Operating Income": 3,
        "EBIT": NaN,
        "Net Income": 2
    },
    "2019-12-31": {
        "Diluted EPS": 0.22,
        "Total Revenue": 17,
        "Gross Profit": 14,
        "Operating Income": 5,
        "EBIT": NaN,
        "Net Income": 3
    },
    "2019-09-30": {
        "Diluted EPS": 0.26,
        "Total Revenue": 18,
        "Gross Profit": 15,
        "Operating Income": 5,
        "EBIT": NaN,
        "Net Income": 4
    },
    "2019-06-30": {
        "Diluted EPS": 0.05,
        "Total Revenue": 18,
        "Gross Profit": 15,
        "Operating Income": 1,
        "EBIT": NaN,
        "Net Income": 1
    },
    "2019-03-31": {
        "Diluted EPS": 0.22,
        "Total Revenue": 18,
        "Gross Profit": 15,
        "Operating Income": 5,
        "EBIT": NaN,
        "Net Income": 4
    },
    "2018-12-31": {
        "Diluted EPS": 0.43,
        "Total Revenue": 25,
        "Gross Profit": 22,
        "Operating Income": 10,
        "EBIT": NaN,
        "Net Income": 7
    },
    "2018-09-30": {
        "Diluted EPS": 0.22,
        "Total Revenue": 17,
        "Gross Profit": 15,
        "Operating Income": 5,
        "EBIT": NaN,
        "Net Income": 4
    },
    "2018-06-30": {
        "Diluted EPS": 0.26,
        "Total Revenue": 18,
        "Gross Profit": 16,
        "Operating Income": 6,
        "EBIT": NaN,
        "Net Income": 5
    },
    "2018-03-31": {
        "Diluted EPS": 0.2,
        "Total Revenue": 16,
        "Gross Profit": 15,
        "Operating Income": 5,
        "EBIT": NaN,
        "Net Income": 4
    },
    "2017-12-31": {
        "Diluted EPS": 0.05,
        "Total Revenue": 17,
        "Gross Profit": 15,
        "Operating Income": 6,
        "EBIT": NaN,
        "Net Income": 1
    },
    "2017-09-30": {
        "Diluted EPS": 0.2,
        "Total Revenue": 16,
        "Gross Profit": 14,
        "Operating Income": 4,
        "EBIT": NaN,
        "Net Income": 4
    },
    "2017-06-30": {
        "Diluted EPS": 0.14,
        "Total Revenue": 15,
        "Gross Profit": 14,
        "Operating Income": 4,
        "EBIT": NaN,
        "Net Income": 3
    },
    "2017-03-31": {
        "Diluted EPS": 0.1,
        "Total Revenue": 15,
        "Gross Profit": 14,
        "Operating Income": 2,
        "EBIT": NaN,
        "Net Income": 2
    },
    "2016-12-31": {
        "Diluted EPS": 0.12,
        "Total Revenue": 15,
        "Gross Profit": 13,
        "Operating Income": 4,
        "EBIT": NaN,
        "Net Income": 2
    },
    "2016-09-30": {
        "Diluted EPS": 0.13,
        "Total Revenue": 14,
        "Gross Profit": 13,
        "Operating Income": 4,
        "EBIT": NaN,
        "Net Income": 3
    },
    "2016-06-30": {
        "Diluted EPS": 0.04,
        "Total Revenue": 14,
        "Gross Profit": 13,
        "Operating Income": 1,
        "EBIT": NaN,
        "Net Income": 1
    },
    "2016-03-31": {
        "Diluted EPS": 0.1,
        "Total Revenue": 14,
        "Gross Profit": 13,
        "Operating Income": 3,
        "EBIT": NaN,
        "Net Income": 2
    },
    "2015-12-31": {
        "Diluted EPS": 0.11,
        "Total Revenue": 14,
        "Gross Profit": 13,
        "Operating Income": 3,
        "EBIT": NaN,
        "Net Income": 2
    },
    "2015-09-30": {
        "Diluted EPS": 0.12,
        "Total Revenue": 14,
        "Gross Profit": 13,
        "Operating Income": 4,
        "EBIT": NaN,
        "Net Income": 2
    },
    "2015-06-30": {
        "Diluted EPS": 0.11,
        "Total Revenue": 14,
        "Gross Profit": 13,
        "Operating Income": 4,
        "EBIT": NaN,
        "Net Income": 2
    },
    "2015-03-31": {
        "Diluted EPS": 0.1,
        "Total Revenue": 14,
        "Gross Profit": 13,
        "Operating Income": 3,
        "EBIT": NaN,
        "Net Income": 2
    },
    "2014-12-31": {
        "Diluted EPS": 1.72,
        "Total Revenue": 14,
        "Gross Profit": 13,
        "Operating Income": 3,
        "EBIT": NaN,
        "Net Income": 35
    },
    "2014-09-30": {
        "Diluted EPS": 0.17,
        "Total Revenue": 14,
        "Gross Profit": 13,
        "Operating Income": 4,
        "EBIT": NaN,
        "Net Income": 4
    },
    "2014-06-30": {
        "Diluted EPS": 0.07,
        "Total Revenue": 14,
        "Gross Profit": 13,
        "Operating Income": 1,
        "EBIT": NaN,
        "Net Income": 1
    },
    "2014-03-31": {
        "Diluted EPS": 0.05,
        "Total Revenue": 14,
        "Gross Profit": 13,
        "Operating Income": 1,
        "EBIT": NaN,
        "Net Income": 1
    },
    "2013-12-31": {
        "Diluted EPS": 0.08,
        "Total Revenue": 14,
        "Gross Profit": 13,
        "Operating Income": 2,
        "EBIT": NaN,
        "Net Income": 2
    },
    "2013-09-30": {
        "Diluted EPS": 0.05,
        "Total Revenue": 14,
        "Gross Profit": 13,
        "Operating Income": 1,
        "EBIT": NaN,
        "Net Income": 1
    },
    "2013-06-30": {
        "Diluted EPS": 0.0,
        "Total Revenue": 14,
        "Gross Profit": 13,
        "Operating Income": 0,
        "EBIT": NaN,
        "Net Income": 0
    },
    "2013-03-31": {
        "Diluted EPS": 0.03,
        "Total Revenue": 16,
        "Gross Profit": 15,
        "Operating Income": 1,
        "EBIT": NaN,
        "Net Income": 1
    },
    "2012-12-31": {
        "Diluted EPS": -1.26,
        "Total Revenue": 16,
        "Gross Profit": 15,
        "Operating Income": -25,
        "EBIT": NaN,
        "Net Income": -25
    },
    "2012-09-30": {
        "Diluted EPS": -0.26,
        "Total Revenue": 16,
        "Gross Profit": 15,
        "Operating Income": -5,
        "EBIT": NaN,
        "Net Income": -5
    },
    "2012-06-30": {
        "Diluted EPS": 0.04,
        "Total Revenue": 17,
        "Gross Profit": 16,
        "Operating Income": 0,
        "EBIT": NaN,
        "Net Income": 1
    },
    "2012-03-31": {
        "Diluted EPS": 0.12,
        "Total Revenue": 18,
        "Gross Profit": 17,
        "Operating Income": 3,
        "EBIT": NaN,
        "Net Income": 2
    },
    "2011-12-31": {
        "Diluted EPS": -2.37,
        "Total Revenue": 20,
        "Gross Profit": 19,
        "Operating Income": -32,
        "EBIT": NaN,
        "Net Income": -47
    },
    "2011-09-30": {
        "Diluted EPS": -0.1,
        "Total Revenue": 20,
        "Gross Profit": 18,
        "Operating Income": -4,
        "EBIT": NaN,
        "Net Income": -2
    },
    "2011-06-30": {
        "Diluted EPS": 0.05,
        "Total Revenue": 21,
        "Gross Profit": 19,
        "Operating Income": 1,
        "EBIT": NaN,
        "Net Income": 1
    },
    "2011-03-31": {
        "Diluted EPS": -0.04,
        "Total Revenue": 17,
        "Gross Profit": 15,
        "Operating Income": 0,
        "EBIT": NaN,
        "Net Income": -1
    },
    "2010-12-31": {
        "Diluted EPS": -0.29,
        "Total Revenue": 17,
        "Gross Profit": 15,
        "Operating Income": -9,
        "EBIT": NaN,
        "Net Income": -5
    },
    "2010-09-30": {
        "Diluted EPS": 0.04,
        "Total Revenue": 18,
        "Gross Profit": 15,
        "Operating Income": 1,
        "EBIT": NaN,
        "Net Income": 1
    },
    "2010-06-30": {
        "Diluted EPS": -0.01,
        "Total Revenue": 18,
        "Gross Profit": 15,
        "Operating Income": 0,
        "EBIT": NaN,
        "Net Income": 0
    },
    "2010-03-31": {
        "Diluted EPS": 0.04,
        "Total Revenue": 19,
        "Gross Profit": 15,
        "Operating Income": 1,
        "EBIT": NaN,
        "Net Income": 1
    },
    "2009-12-31": {
        "Diluted EPS": -0.09,
        "Total Revenue": 20,
        "Gross Profit": 16,
        "Operating Income": -3,
        "EBIT": NaN,
        "Net Income": -2
    },
    "2009-09-30": {
        "Diluted EPS": 0.07,
        "Total Revenue": 20,
        "Gross Profit": 15,
        "Operating Income": 3,
        "EBIT": NaN,
        "Net Income": 1
    },
    "2009-06-30": {
        "Diluted EPS": -0.03,
        "Total Revenue": 21,
        "Gross Profit": 15,
        "Operating Income": -1,
        "EBIT": NaN,
        "Net Income": -1
    },
    "2009-03-31": {
        "Diluted EPS": 0.01,
        "Total Revenue": 21,
        "Gross Profit": 15,
        "Operating Income": 0,
        "EBIT": NaN,
        "Net Income": 0
    },
    "2023-09-30": {
        "Tax Effect Of Unusual Items": 0.0,
        "Tax Rate For Calcs": 0.275,
        "Total Unusual Items": 0.0,
        "Total Unusual Items Excluding Goodwill": 0.0,
        "Net Income From Continuing Operation Net Minority Interest": 2369000.0,
        "Reconciled Depreciation": 449000.0,
        "Net Interest Income": 12954000.0,
        "Interest Expense": 3940000.0,
        "Interest Income": 16894000.0,
        "Normalized Income": 2369000.0,
        "Net Income From Continuing And Discontinued Operation": 2369000.0,
        "Diluted NI Availto Com Stockholders": 2369000.0,
        "Net Income Common Stockholders": 2369000.0,
        "Net Income": 2369000.0,
        "Net Income Including Noncontrolling Interests": 2369000.0,
        "Net Income Continuous Operations": 2369000.0,
        "Tax Provision": 899000.0,
        "Pretax Income": 3268000.0,
        "Special Income Charges": 0.0,
        "Other Special Charges": NaN,
        "Gain On Sale Of Security": 0.0,
        "Selling General And Administration": 5762000.0,
        "Selling And Marketing Expense": 171000.0,
        "General And Administrative Expense": 5591000.0,
        "Insurance And Claims": 222000.0,
        "Salaries And Wages": 5369000.0,
        "Total Revenue": 14194000.0,
        "Operating Revenue": 14194000.0
    }
}