{
    "2023-03-31": {
        "Tax Effect Of Unusual Items": NaN,
        "Tax Rate For Calcs": NaN,
        "Normalized EBITDA": NaN,
        "Total Unusual Items": NaN,
        "Total Unusual Items Excluding Goodwill": NaN,
        "Net Income From Continuing Operation Net Minority Interest": NaN,
        "Reconciled Depreciation": NaN,
        "Reconciled Cost Of Revenue": NaN,
        "EBITDA": NaN,
        "EBIT": NaN,
        "Net Interest Income": NaN,
        "Interest Expense": NaN,
        "Interest Income": NaN,
        "Normalized Income": NaN,
        "Net Income From Continuing And Discontinued Operation": NaN,
        "Total Expenses": NaN,
        "Total Operating Income As Reported": NaN,
        "Diluted Average Shares": 202565877.0,
        "Basic Average Shares": 202565877.0,
        "Diluted EPS": -0.17,
        "Basic EPS": -0.17,
        "Diluted NI Availto Com Stockholders": NaN,
        "Net Income Common Stockholders": NaN,
        "Net Income": NaN,
        "Net Income Including Noncontrolling Interests": NaN,
        "Net Income Continuous Operations": NaN,
        "Tax Provision": NaN,
        "Pretax Income": NaN,
        "Other Income Expense": NaN,
        "Other Non Operating Income Expenses": NaN,
        "Gain On Sale Of Security": NaN,
        "Net Non Operating Interest Income Expense": NaN,
        "Interest Expense Non Operating": NaN,
        "Interest Income Non Operating": NaN,
        "Operating Income": NaN,
        "Operating Expense": NaN,
        "Other Operating Expenses": 6432000.0,
        "Research And Development": NaN,
        "Selling General And Administration": NaN,
        "Selling And Marketing Expense": NaN,
        "General And Administrative Expense": NaN,
        "Other Gand A": NaN,
        "Salaries And Wages": 3618000.0,
        "Gross Profit": NaN,
        "Cost Of Revenue": NaN,
        "Total Revenue": NaN,
        "Operating Revenue": NaN
    },
    "2022-12-31": {
        "Tax Effect Of Unusual Items": NaN,
        "Tax Rate For Calcs": NaN,
        "Normalized EBITDA": NaN,
        "Total Unusual Items": NaN,
        "Total Unusual Items Excluding Goodwill": NaN,
        "Net Income From Continuing Operation Net Minority Interest": NaN,
        "Reconciled Depreciation": NaN,
        "Reconciled Cost Of Revenue": NaN,
        "EBITDA": NaN,
        "EBIT": NaN,
        "Net Interest Income": NaN,
        "Interest Expense": 0.0,
        "Interest Income": NaN,
        "Normalized Income": NaN,
        "Net Income From Continuing And Discontinued Operation": NaN,
        "Total Expenses": NaN,
        "Total Operating Income As Reported": NaN,
        "Diluted Average Shares": NaN,
        "Basic Average Shares": NaN,
        "Diluted EPS": NaN,
        "Basic EPS": NaN,
        "Diluted NI Availto Com Stockholders": NaN,
        "Net Income Common Stockholders": NaN,
        "Net Income": NaN,
        "Net Income Including Noncontrolling Interests": NaN,
        "Net Income Continuous Operations": NaN,
        "Tax Provision": NaN,
        "Pretax Income": NaN,
        "Other Income Expense": NaN,
        "Other Non Operating Income Expenses": NaN,
        "Gain On Sale Of Security": NaN,
        "Net Non Operating Interest Income Expense": NaN,
        "Interest Expense Non Operating": 0.0,
        "Interest Income Non Operating": NaN,
        "Operating Income": NaN,
        "Operating Expense": NaN,
        "Other Operating Expenses": NaN,
        "Research And Development": NaN,
        "Selling General And Administration": NaN,
        "Selling And Marketing Expense": NaN,
        "General And Administrative Expense": NaN,
        "Other Gand A": NaN,
        "Salaries And Wages": NaN,
        "Gross Profit": NaN,
        "Cost Of Revenue": NaN,
        "Total Revenue": NaN,
        "Operating Revenue": NaN
    },
    "2022-09-30": {
        "Tax Effect Of Unusual Items": NaN,
        "Tax Rate For Calcs": NaN,
        "Normalized EBITDA": NaN,
        "Total Unusual Items": NaN,
        "Total Unusual Items Excluding Goodwill": NaN,
        "Net Income From Continuing Operation Net Minority Interest": NaN,
        "Reconciled Depreciation": NaN,
        "Reconciled Cost Of Revenue": NaN,
        "EBITDA": NaN,
        "EBIT": NaN,
        "Net Interest Income": NaN,
        "Interest Expense": NaN,
        "Interest Income": NaN,
        "Normalized Income": NaN,
        "Net Income From Continuing And Discontinued Operation": NaN,
        "Total Expenses": NaN,
        "Total Operating Income As Reported": NaN,
        "Diluted Average Shares": NaN,
        "Basic Average Shares": NaN,
        "Diluted EPS": NaN,
        "Basic EPS": NaN,
        "Diluted NI Availto Com Stockholders": NaN,
        "Net Income Common Stockholders": NaN,
        "Net Income": NaN,
        "Net Income Including Noncontrolling Interests": NaN,
        "Net Income Continuous Operations": NaN,
        "Tax Provision": NaN,
        "Pretax Income": NaN,
        "Other Income Expense": NaN,
        "Other Non Operating Income Expenses": NaN,
        "Gain On Sale Of Security": NaN,
        "Net Non Operating Interest Income Expense": NaN,
        "Interest Expense Non Operating": NaN,
        "Interest Income Non Operating": NaN,
        "Operating Income": NaN,
        "Operating Expense": NaN,
        "Other Operating Expenses": 2897000.0,
        "Research And Development": NaN,
        "Selling General And Administration": NaN,
        "Selling And Marketing Expense": NaN,
        "General And Administrative Expense": NaN,
        "Other Gand A": NaN,
        "Salaries And Wages": NaN,
        "Gross Profit": NaN,
        "Cost Of Revenue": NaN,
        "Total Revenue": NaN,
        "Operating Revenue": NaN
    },
    "2022-06-30": {
        "Tax Effect Of Unusual Items": 5122000.0,
        "Tax Rate For Calcs": 0.4,
        "Normalized EBITDA": -47232000.0,
        "Total Unusual Items": 12805000.0,
        "Total Unusual Items Excluding Goodwill": 12805000.0,
        "Net Income From Continuing Operation Net Minority Interest": -35801000.0,
        "Reconciled Depreciation": 1351000.0,
        "Reconciled Cost Of Revenue": 8643000.0,
        "EBITDA": -34427000.0,
        "EBIT": -35778000.0,
        "Net Interest Income": 260000.0,
        "Interest Expense": 0.0,
        "Interest Income": 260000.0,
        "Normalized Income": -43484000.0,
        "Net Income From Continuing And Discontinued Operation": -35801000.0,
        "Total Expenses": 67670000.0,
        "Total Operating Income As Reported": -48455000.0,
        "Diluted Average Shares": 199399356.0,
        "Basic Average Shares": 199399356.0,
        "Diluted EPS": -0.18,
        "Basic EPS": -0.18,
        "Diluted NI Availto Com Stockholders": -35801000.0,
        "Net Income Common Stockholders": -35801000.0,
        "Net Income": -35801000.0,
        "Net Income Including Noncontrolling Interests": -35801000.0,
        "Net Income Continuous Operations": -35801000.0,
        "Tax Provision": 23000.0,
        "Pretax Income": -35778000.0,
        "Other Income Expense": 12417000.0,
        "Other Non Operating Income Expenses": -388000.0,
        "Gain On Sale Of Security": 12805000.0,
        "Net Non Operating Interest Income Expense": 260000.0,
        "Interest Expense Non Operating": 0.0,
        "Interest Income Non Operating": 260000.0,
        "Operating Income": -48455000.0,
        "Operating Expense": 59027000.0,
        "Other Operating Expenses": NaN,
        "Research And Development": 23220000.0,
        "Selling General And Administration": 35807000.0,
        "Selling And Marketing Expense": 16438000.0,
        "General And Administrative Expense": 19369000.0,
        "Other Gand A": 19369000.0,
        "Gross Profit": 10572000.0,
        "Cost Of Revenue": 8643000.0,
        "Total Revenue": 19215000.0,
        "Operating Revenue": 19215000.0
    },
    "2023-06-30": {
        "Tax Effect Of Unusual Items": 129.720682,
        "Tax Rate For Calcs": 0.000209,
        "Normalized EBITDA": -27103000.0,
        "Total Unusual Items": 620000.0,
        "Total Unusual Items Excluding Goodwill": 620000.0,
        "Net Income From Continuing Operation Net Minority Interest": -28671000.0,
        "Reconciled Depreciation": 2194000.0,
        "Reconciled Cost Of Revenue": 7565000.0,
        "EBITDA": -26483000.0,
        "EBIT": -28677000.0,
        "Net Interest Income": 2027000.0,
        "Interest Expense": 0.0,
        "Interest Income": 2027000.0,
        "Normalized Income": -29290870.279318,
        "Net Income From Continuing And Discontinued Operation": -28671000.0,
        "Total Expenses": 49751000.0,
        "Total Operating Income As Reported": -31264000.0,
        "Diluted Average Shares": 204895341.0,
        "Basic Average Shares": 204895341.0,
        "Diluted EPS": -0.14,
        "Basic EPS": -0.14,
        "Diluted NI Availto Com Stockholders": -28671000.0,
        "Net Income Common Stockholders": -28671000.0,
        "Net Income": -28671000.0,
        "Net Income Including Noncontrolling Interests": -28671000.0,
        "Net Income Continuous Operations": -28671000.0,
        "Tax Provision": -6000.0,
        "Pretax Income": -28677000.0,
        "Other Income Expense": 560000.0,
        "Other Non Operating Income Expenses": -60000.0,
        "Gain On Sale Of Security": 620000.0,
        "Net Non Operating Interest Income Expense": 2027000.0,
        "Interest Expense Non Operating": 0.0,
        "Interest Income Non Operating": 2027000.0,
        "Operating Income": -31264000.0,
        "Operating Expense": 42186000.0,
        "Other Operating Expenses": 2172000.0,
        "Research And Development": 15626000.0,
        "Selling General And Administration": 26560000.0,
        "Selling And Marketing Expense": 9728000.0,
        "General And Administrative Expense": 16832000.0,
        "Other Gand A": 16571000.0,
        "Salaries And Wages": 261000.0,
        "Gross Profit": 10922000.0,
        "Cost Of Revenue": 7565000.0,
        "Total Revenue": 18487000.0,
        "Operating Revenue": 18487000.0
    },
    "2022-03-31": {
        "Diluted EPS": -0.22,
        "Total Revenue": 16,
        "Gross Profit": 8,
        "Operating Income": -50,
        "EBIT": -49,
        "Net Income": -44
    },
    "2021-12-31": {
        "Diluted EPS": -0.09,
        "Total Revenue": 19,
        "Gross Profit": 8,
        "Operating Income": -45,
        "EBIT": -45,
        "Net Income": -15
    },
    "2021-09-30": {
        "Diluted EPS": -0.07,
        "Total Revenue": 15,
        "Gross Profit": -5,
        "Operating Income": -57,
        "EBIT": -56,
        "Net Income": -14
    },
    "2021-06-30": {
        "Diluted EPS": -0.02,
        "Total Revenue": 17,
        "Gross Profit": 8,
        "Operating Income": -37,
        "EBIT": -36,
        "Net Income": -3
    },
    "2021-03-31": {
        "Diluted EPS": -0.01,
        "Total Revenue": 12,
        "Gross Profit": 6,
        "Operating Income": -54,
        "EBIT": -53,
        "Net Income": -1
    },
    "2020-12-31": {
        "Diluted EPS": -3.75,
        "Total Revenue": 16,
        "Gross Profit": 9,
        "Operating Income": -22,
        "EBIT": -22,
        "Net Income": -23
    },
    "2020-09-30": {
        "Diluted EPS": -15.2,
        "Total Revenue": 10,
        "Gross Profit": -69,
        "Operating Income": -92,
        "EBIT": -92,
        "Net Income": -92
    },
    "2020-06-30": {
        "Diluted EPS": -3.85,
        "Total Revenue": 12,
        "Gross Profit": 0,
        "Operating Income": -23,
        "EBIT": -23,
        "Net Income": -23
    },
    "2020-03-31": {
        "Diluted EPS": -4.07,
        "Total Revenue": 9,
        "Gross Profit": -1,
        "Operating Income": -25,
        "EBIT": -24,
        "Net Income": -24
    },
    "2019-12-31": {
        "Diluted EPS": 0.0,
        "Total Revenue": NaN,
        "Gross Profit": NaN,
        "Operating Income": NaN,
        "EBIT": NaN,
        "Net Income": NaN
    },
    "2023-09-30": {
        "Tax Effect Of Unusual Items": 737310.0,
        "Tax Rate For Calcs": 0.21,
        "Normalized EBITDA": -26850000.0,
        "Total Unusual Items": 3511000.0,
        "Total Unusual Items Excluding Goodwill": 3511000.0,
        "Net Income From Continuing Operation Net Minority Interest": -27368000.0,
        "Reconciled Depreciation": 4027000.0,
        "Reconciled Cost Of Revenue": 6039000.0,
        "EBITDA": -23339000.0,
        "EBIT": -27366000.0,
        "Net Interest Income": 1903000.0,
        "Interest Expense": 0.0,
        "Interest Income": 1903000.0,
        "Normalized Income": -30141690.0,
        "Net Income From Continuing And Discontinued Operation": -27368000.0,
        "Total Expenses": 47984000.0,
        "Total Operating Income As Reported": -32563000.0,
        "Diluted Average Shares": 206740234.0,
        "Basic Average Shares": 206740234.0,
        "Diluted EPS": -0.13,
        "Basic EPS": -0.13,
        "Diluted NI Availto Com Stockholders": -27368000.0,
        "Net Income Common Stockholders": -27368000.0,
        "Net Income": -27368000.0,
        "Net Income Including Noncontrolling Interests": -27368000.0,
        "Net Income Continuous Operations": -27368000.0,
        "Tax Provision": 2000.0,
        "Pretax Income": -27366000.0,
        "Other Income Expense": 3294000.0,
        "Other Non Operating Income Expenses": -217000.0,
        "Gain On Sale Of Security": 3511000.0,
        "Net Non Operating Interest Income Expense": 1903000.0,
        "Interest Expense Non Operating": 0.0,
        "Interest Income Non Operating": 1903000.0,
        "Operating Income": -32563000.0,
        "Operating Expense": 41945000.0,
        "Other Operating Expenses": 9243000.0,
        "Research And Development": 12130000.0,
        "Selling General And Administration": 20572000.0,
        "Selling And Marketing Expense": 9012000.0,
        "General And Administrative Expense": 11560000.0,
        "Other Gand A": 11560000.0,
        "Salaries And Wages": NaN,
        "Gross Profit": 9382000.0,
        "Cost Of Revenue": 6039000.0,
        "Total Revenue": 15421000.0,
        "Operating Revenue": 15421000.0
    },
    "2023-12-31": {
        "Tax Effect Of Unusual Items": 0.0,
        "Tax Rate For Calcs": 0.0,
        "Normalized EBITDA": -42499000.0,
        "Total Unusual Items": 620000.0,
        "Total Unusual Items Excluding Goodwill": 620000.0,
        "Net Income From Continuing Operation Net Minority Interest": -44121000.0,
        "Reconciled Depreciation": 2242000.0,
        "Reconciled Cost Of Revenue": 29053000.0,
        "EBITDA": -41879000.0,
        "EBIT": -44121000.0,
        "Net Interest Income": 1736000.0,
        "Interest Expense": 0.0,
        "Interest Income": 1736000.0,
        "Normalized Income": -44741000.0,
        "Net Income From Continuing And Discontinued Operation": -44121000.0,
        "Total Expenses": 63247000.0,
        "Total Operating Income As Reported": -46731000.0,
        "Diluted Average Shares": 207274099.0,
        "Basic Average Shares": 207274099.0,
        "Diluted EPS": -0.21,
        "Basic EPS": -0.21,
        "Diluted NI Availto Com Stockholders": -44121000.0,
        "Net Income Common Stockholders": -44121000.0,
        "Net Income": -44121000.0,
        "Net Income Including Noncontrolling Interests": -44121000.0,
        "Net Income Continuous Operations": -44121000.0,
        "Tax Provision": 0.0,
        "Pretax Income": -44121000.0,
        "Other Income Expense": 874000.0,
        "Other Non Operating Income Expenses": 254000.0,
        "Gain On Sale Of Security": 620000.0,
        "Net Non Operating Interest Income Expense": 1736000.0,
        "Interest Expense Non Operating": 0.0,
        "Interest Income Non Operating": 1736000.0,
        "Operating Income": -46731000.0,
        "Operating Expense": 34194000.0,
        "Other Operating Expenses": 316000.0,
        "Research And Development": 11207000.0,
        "Selling General And Administration": 22671000.0,
        "Selling And Marketing Expense": 10297000.0,
        "General And Administrative Expense": 12374000.0,
        "Other Gand A": 12374000.0,
        "Salaries And Wages": NaN,
        "Gross Profit": -12537000.0,
        "Cost Of Revenue": 29053000.0,
        "Total Revenue": 16516000.0,
        "Operating Revenue": 16516000.0
    },
    "2024-03-31": {
        "Tax Effect Of Unusual Items": -43470.0,
        "Tax Rate For Calcs": 0.21,
        "Normalized EBITDA": -18667000.0,
        "Total Unusual Items": -207000.0,
        "Total Unusual Items Excluding Goodwill": -207000.0,
        "Net Income From Continuing Operation Net Minority Interest": -21761000.0,
        "Reconciled Depreciation": 2584000.0,
        "Reconciled Cost Of Revenue": 7380000.0,
        "EBITDA": -18874000.0,
        "EBIT": -21458000.0,
        "Net Interest Income": 1211000.0,
        "Interest Expense": 300000.0,
        "Interest Income": 1511000.0,
        "Normalized Income": -21597470.0,
        "Net Income From Continuing And Discontinued Operation": -21761000.0,
        "Total Expenses": 40277000.0,
        "Total Operating Income As Reported": -22621000.0,
        "Diluted Average Shares": 208873449.0,
        "Basic Average Shares": 208873449.0,
        "Diluted EPS": -0.1,
        "Basic EPS": -0.1,
        "Diluted NI Availto Com Stockholders": -21761000.0,
        "Net Income Common Stockholders": -21761000.0,
        "Net Income": -21761000.0,
        "Net Income Including Noncontrolling Interests": -21761000.0,
        "Net Income Continuous Operations": -21761000.0,
        "Tax Provision": 3000.0,
        "Pretax Income": -21758000.0,
        "Other Income Expense": -348000.0,
        "Other Non Operating Income Expenses": -141000.0,
        "Gain On Sale Of Security": -207000.0,
        "Net Non Operating Interest Income Expense": 1211000.0,
        "Interest Expense Non Operating": 300000.0,
        "Interest Income Non Operating": 1511000.0,
        "Operating Income": -22621000.0,
        "Operating Expense": 32897000.0,
        "Other Operating Expenses": NaN,
        "Research And Development": 10720000.0,
        "Selling General And Administration": 22177000.0,
        "Selling And Marketing Expense": 10378000.0,
        "General And Administrative Expense": 11799000.0,
        "Other Gand A": 11855000.0,
        "Salaries And Wages": -56000.0,
        "Gross Profit": 10276000.0,
        "Cost Of Revenue": 7380000.0,
        "Total Revenue": 17656000.0,
        "Operating Revenue": 17656000.0
    },
    "2024-06-30": {
        "Tax Effect Of Unusual Items": 130200.0,
        "Tax Rate For Calcs": 0.21,
        "Normalized EBITDA": -13367000.0,
        "Total Unusual Items": 620000.0,
        "Total Unusual Items Excluding Goodwill": 620000.0,
        "Net Income From Continuing Operation Net Minority Interest": -15706000.0,
        "Reconciled Depreciation": 2633000.0,
        "Reconciled Cost Of Revenue": 8901000.0,
        "EBITDA": -12747000.0,
        "EBIT": -15380000.0,
        "Net Interest Income": 982000.0,
        "Interest Expense": 309000.0,
        "Interest Income": 1291000.0,
        "Normalized Income": -16195800.0,
        "Net Income From Continuing And Discontinued Operation": -15706000.0,
        "Total Expenses": 38719000.0,
        "Total Operating Income As Reported": -17232000.0,
        "Diluted Average Shares": NaN,
        "Basic Average Shares": NaN,
        "Diluted EPS": NaN,
        "Basic EPS": NaN,
        "Diluted NI Availto Com Stockholders": -15706000.0,
        "Net Income Common Stockholders": -15706000.0,
        "Net Income": -15706000.0,
        "Net Income Including Noncontrolling Interests": -15706000.0,
        "Net Income Continuous Operations": -15706000.0,
        "Tax Provision": 17000.0,
        "Pretax Income": -15689000.0,
        "Other Income Expense": 561000.0,
        "Other Non Operating Income Expenses": -59000.0,
        "Gain On Sale Of Security": 620000.0,
        "Net Non Operating Interest Income Expense": 982000.0,
        "Interest Expense Non Operating": 309000.0,
        "Interest Income Non Operating": 1291000.0,
        "Operating Income": -17232000.0,
        "Operating Expense": 29818000.0,
        "Other Operating Expenses": NaN,
        "Research And Development": 9411000.0,
        "Selling General And Administration": 20407000.0,
        "Selling And Marketing Expense": 9728000.0,
        "General And Administrative Expense": 10679000.0,
        "Other Gand A": 10653000.0,
        "Salaries And Wages": 26000.0,
        "Gross Profit": 12586000.0,
        "Cost Of Revenue": 8901000.0,
        "Total Revenue": 21487000.0,
        "Operating Revenue": 21487000.0
    }
}