{
    "2023-06-30": {
        "Tax Effect Of Unusual Items": 191012.0,
        "Tax Rate For Calcs": 0.212,
        "Total Unusual Items": 901000.0,
        "Total Unusual Items Excluding Goodwill": 901000.0,
        "Net Income From Continuing Operation Net Minority Interest": 19739000.0,
        "Reconciled Depreciation": 1194000.0,
        "Net Interest Income": 53326000.0,
        "Interest Expense": 32522000.0,
        "Interest Income": 85848000.0,
        "Normalized Income": 19029012.0,
        "Net Income From Continuing And Discontinued Operation": 19739000.0,
        "Diluted Average Shares": 25333372.0,
        "Basic Average Shares": 25101683.0,
        "Diluted EPS": 0.73,
        "Basic EPS": 0.73,
        "Diluted NI Availto Com Stockholders": 18389000.0,
        "Net Income Common Stockholders": 18389000.0,
        "Preferred Stock Dividends": 1350000.0,
        "Net Income": 19739000.0,
        "Net Income Including Noncontrolling Interests": 19739000.0,
        "Net Income Continuous Operations": 19739000.0,
        "Tax Provision": 5305000.0,
        "Pretax Income": 25044000.0,
        "Special Income Charges": 873000.0,
        "Gain On Sale Of Business": NaN,
        "Restructuring And Mergern Acquisition": 68000.0,
        "Gain On Sale Of Security": -61000.0,
        "Depreciation Amortization Depletion Income Statement": 1720000.0,
        "Depreciation And Amortization In Income Statement": 1720000.0,
        "Selling General And Administration": 24927000.0,
        "Selling And Marketing Expense": 1226000.0,
        "General And Administrative Expense": 23701000.0,
        "Other Gand A": 720000.0,
        "Insurance And Claims": 1092000.0,
        "Salaries And Wages": 22609000.0,
        "Total Revenue": 61531000.0,
        "Operating Revenue": 61531000.0
    },
    "2023-03-31": {
        "Tax Effect Of Unusual Items": 23214.0,
        "Tax Rate For Calcs": 0.219,
        "Total Unusual Items": 106000.0,
        "Total Unusual Items Excluding Goodwill": 106000.0,
        "Net Income From Continuing Operation Net Minority Interest": 15025000.0,
        "Reconciled Depreciation": 1187000.0,
        "Net Interest Income": 52749000.0,
        "Interest Expense": 26743000.0,
        "Interest Income": 79492000.0,
        "Normalized Income": 14942214.0,
        "Net Income From Continuing And Discontinued Operation": 15025000.0,
        "Diluted Average Shares": 25222308.0,
        "Basic Average Shares": 24979955.0,
        "Diluted EPS": 0.54,
        "Basic EPS": 0.55,
        "Diluted NI Availto Com Stockholders": 13675000.0,
        "Net Income Common Stockholders": 13675000.0,
        "Preferred Stock Dividends": 1350000.0,
        "Net Income": 15025000.0,
        "Net Income Including Noncontrolling Interests": 15025000.0,
        "Net Income Continuous Operations": 15025000.0,
        "Tax Provision": 4211000.0,
        "Pretax Income": 19236000.0,
        "Special Income Charges": -103000.0,
        "Gain On Sale Of Business": NaN,
        "Restructuring And Mergern Acquisition": 103000.0,
        "Gain On Sale Of Security": -1000.0,
        "Depreciation Amortization Depletion Income Statement": 1710000.0,
        "Depreciation And Amortization In Income Statement": 1710000.0,
        "Selling General And Administration": 25526000.0,
        "Selling And Marketing Expense": 1148000.0,
        "General And Administrative Expense": 24378000.0,
        "Other Gand A": 2206000.0,
        "Insurance And Claims": 933000.0,
        "Salaries And Wages": 23445000.0,
        "Total Revenue": 60964000.0,
        "Operating Revenue": 60964000.0
    },
    "2022-12-31": {
        "Tax Effect Of Unusual Items": NaN,
        "Tax Rate For Calcs": NaN,
        "Total Unusual Items": NaN,
        "Total Unusual Items Excluding Goodwill": NaN,
        "Net Income From Continuing Operation Net Minority Interest": NaN,
        "Reconciled Depreciation": NaN,
        "Net Interest Income": NaN,
        "Interest Expense": NaN,
        "Interest Income": NaN,
        "Normalized Income": NaN,
        "Net Income From Continuing And Discontinued Operation": NaN,
        "Diluted Average Shares": NaN,
        "Basic Average Shares": NaN,
        "Diluted EPS": NaN,
        "Basic EPS": NaN,
        "Diluted NI Availto Com Stockholders": NaN,
        "Net Income Common Stockholders": NaN,
        "Preferred Stock Dividends": NaN,
        "Net Income": NaN,
        "Net Income Including Noncontrolling Interests": NaN,
        "Net Income Continuous Operations": NaN,
        "Tax Provision": NaN,
        "Pretax Income": NaN,
        "Special Income Charges": NaN,
        "Gain On Sale Of Business": NaN,
        "Restructuring And Mergern Acquisition": NaN,
        "Gain On Sale Of Security": NaN,
        "Depreciation Amortization Depletion Income Statement": NaN,
        "Depreciation And Amortization In Income Statement": NaN,
        "Selling General And Administration": NaN,
        "Selling And Marketing Expense": NaN,
        "General And Administrative Expense": NaN,
        "Other Gand A": -233000.0,
        "Insurance And Claims": NaN,
        "Salaries And Wages": NaN,
        "Total Revenue": NaN,
        "Operating Revenue": NaN
    },
    "2022-09-30": {
        "Tax Effect Of Unusual Items": NaN,
        "Tax Rate For Calcs": NaN,
        "Total Unusual Items": NaN,
        "Total Unusual Items Excluding Goodwill": NaN,
        "Net Income From Continuing Operation Net Minority Interest": NaN,
        "Reconciled Depreciation": NaN,
        "Net Interest Income": NaN,
        "Interest Expense": NaN,
        "Interest Income": NaN,
        "Normalized Income": NaN,
        "Net Income From Continuing And Discontinued Operation": NaN,
        "Diluted Average Shares": NaN,
        "Basic Average Shares": NaN,
        "Diluted EPS": NaN,
        "Basic EPS": NaN,
        "Diluted NI Availto Com Stockholders": NaN,
        "Net Income Common Stockholders": NaN,
        "Preferred Stock Dividends": NaN,
        "Net Income": NaN,
        "Net Income Including Noncontrolling Interests": NaN,
        "Net Income Continuous Operations": NaN,
        "Tax Provision": NaN,
        "Pretax Income": NaN,
        "Special Income Charges": NaN,
        "Gain On Sale Of Business": 0.0,
        "Restructuring And Mergern Acquisition": NaN,
        "Gain On Sale Of Security": NaN,
        "Depreciation Amortization Depletion Income Statement": 1850000.0,
        "Depreciation And Amortization In Income Statement": 1850000.0,
        "Selling General And Administration": NaN,
        "Selling And Marketing Expense": NaN,
        "General And Administrative Expense": NaN,
        "Other Gand A": 2988000.0,
        "Insurance And Claims": NaN,
        "Salaries And Wages": NaN,
        "Total Revenue": NaN,
        "Operating Revenue": NaN
    },
    "2022-06-30": {
        "Tax Effect Of Unusual Items": -122256.249637,
        "Tax Rate For Calcs": 0.202076,
        "Total Unusual Items": -605000.0,
        "Total Unusual Items Excluding Goodwill": -605000.0,
        "Net Income From Continuing Operation Net Minority Interest": 13757000.0,
        "Reconciled Depreciation": 1734000.0,
        "Net Interest Income": 49562000.0,
        "Interest Expense": 4452000.0,
        "Interest Income": 54014000.0,
        "Normalized Income": 14239743.750363,
        "Net Income From Continuing And Discontinued Operation": 13757000.0,
        "Diluted Average Shares": 22656174.0,
        "Basic Average Shares": 22459603.0,
        "Diluted EPS": 0.61,
        "Basic EPS": 0.61,
        "Diluted NI Availto Com Stockholders": 13757000.0,
        "Net Income Common Stockholders": 13757000.0,
        "Preferred Stock Dividends": NaN,
        "Net Income": 13757000.0,
        "Net Income Including Noncontrolling Interests": 13757000.0,
        "Net Income Continuous Operations": 13757000.0,
        "Tax Provision": 3484000.0,
        "Pretax Income": 17241000.0,
        "Special Income Charges": -615000.0,
        "Gain On Sale Of Business": NaN,
        "Restructuring And Mergern Acquisition": 615000.0,
        "Gain On Sale Of Security": -8000.0,
        "Depreciation Amortization Depletion Income Statement": 1734000.0,
        "Depreciation And Amortization In Income Statement": 1734000.0,
        "Selling General And Administration": 25692000.0,
        "Selling And Marketing Expense": 703000.0,
        "General And Administrative Expense": 24989000.0,
        "Other Gand A": 2708000.0,
        "Insurance And Claims": 661000.0,
        "Salaries And Wages": 21620000.0,
        "Total Revenue": 56531000.0,
        "Operating Revenue": 56531000.0
    },
    "2022-03-31": {
        "Diluted EPS": 0.41,
        "Total Revenue": 50,
        "Gross Profit": 46,
        "Operating Income": 11,
        "EBIT": NaN,
        "Net Income": 9
    },
    "2021-12-31": {
        "Diluted EPS": 0.59,
        "Total Revenue": 50,
        "Gross Profit": 46,
        "Operating Income": 15,
        "EBIT": NaN,
        "Net Income": 12
    },
    "2021-09-30": {
        "Diluted EPS": 0.51,
        "Total Revenue": 48,
        "Gross Profit": 43,
        "Operating Income": 13,
        "EBIT": NaN,
        "Net Income": 10
    },
    "2021-06-30": {
        "Diluted EPS": 0.84,
        "Total Revenue": 60,
        "Gross Profit": 55,
        "Operating Income": 22,
        "EBIT": NaN,
        "Net Income": 17
    },
    "2021-03-31": {
        "Diluted EPS": 0.59,
        "Total Revenue": 49,
        "Gross Profit": 45,
        "Operating Income": 15,
        "EBIT": NaN,
        "Net Income": 12
    },
    "2020-12-31": {
        "Diluted EPS": 0.73,
        "Total Revenue": 54,
        "Gross Profit": 49,
        "Operating Income": 17,
        "EBIT": NaN,
        "Net Income": 14
    },
    "2020-09-30": {
        "Diluted EPS": 0.46,
        "Total Revenue": 47,
        "Gross Profit": 41,
        "Operating Income": 12,
        "EBIT": NaN,
        "Net Income": 10
    },
    "2020-06-30": {
        "Diluted EPS": 0.11,
        "Total Revenue": 42,
        "Gross Profit": 36,
        "Operating Income": 3,
        "EBIT": NaN,
        "Net Income": 2
    },
    "2020-03-31": {
        "Diluted EPS": 0.34,
        "Total Revenue": 29,
        "Gross Profit": 23,
        "Operating Income": 5,
        "EBIT": NaN,
        "Net Income": 4
    },
    "2019-12-31": {
        "Diluted EPS": 0.43,
        "Total Revenue": 29,
        "Gross Profit": 23,
        "Operating Income": 7,
        "EBIT": NaN,
        "Net Income": 6
    },
    "2019-09-30": {
        "Diluted EPS": 0.4,
        "Total Revenue": 28,
        "Gross Profit": 22,
        "Operating Income": 7,
        "EBIT": NaN,
        "Net Income": 6
    },
    "2019-06-30": {
        "Diluted EPS": 0.5,
        "Total Revenue": 30,
        "Gross Profit": 24,
        "Operating Income": 9,
        "EBIT": NaN,
        "Net Income": 7
    },
    "2019-03-31": {
        "Diluted EPS": 0.41,
        "Total Revenue": 27,
        "Gross Profit": 21,
        "Operating Income": 7,
        "EBIT": NaN,
        "Net Income": 6
    },
    "2018-12-31": {
        "Diluted EPS": 0.27,
        "Total Revenue": 24,
        "Gross Profit": 20,
        "Operating Income": 4,
        "EBIT": NaN,
        "Net Income": 3
    },
    "2018-09-30": {
        "Diluted EPS": 0.33,
        "Total Revenue": 21,
        "Gross Profit": 17,
        "Operating Income": 5,
        "EBIT": NaN,
        "Net Income": 4
    },
    "2018-06-30": {
        "Diluted EPS": 0.33,
        "Total Revenue": 20,
        "Gross Profit": 17,
        "Operating Income": 4,
        "EBIT": NaN,
        "Net Income": 4
    },
    "2018-03-31": {
        "Diluted EPS": 0.29,
        "Total Revenue": 19,
        "Gross Profit": 16,
        "Operating Income": 4,
        "EBIT": NaN,
        "Net Income": 3
    },
    "2017-12-31": {
        "Diluted EPS": -0.17,
        "Total Revenue": 15,
        "Gross Profit": 13,
        "Operating Income": 1,
        "EBIT": NaN,
        "Net Income": -1
    },
    "2017-09-30": {
        "Diluted EPS": 0.23,
        "Total Revenue": 14,
        "Gross Profit": 12,
        "Operating Income": 2,
        "EBIT": NaN,
        "Net Income": 2
    },
    "2017-06-30": {
        "Diluted EPS": 0.28,
        "Total Revenue": 15,
        "Gross Profit": 13,
        "Operating Income": 3,
        "EBIT": NaN,
        "Net Income": 2
    },
    "2017-03-31": {
        "Diluted EPS": 0.27,
        "Total Revenue": 13,
        "Gross Profit": 12,
        "Operating Income": 3,
        "EBIT": NaN,
        "Net Income": 2
    },
    "2016-12-31": {
        "Diluted EPS": 0.21,
        "Total Revenue": 12,
        "Gross Profit": 11,
        "Operating Income": 2,
        "EBIT": NaN,
        "Net Income": 1
    },
    "2016-09-30": {
        "Diluted EPS": 0.19,
        "Total Revenue": 13,
        "Gross Profit": 11,
        "Operating Income": 2,
        "EBIT": NaN,
        "Net Income": 1
    },
    "2016-06-30": {
        "Diluted EPS": 0.11,
        "Total Revenue": 12,
        "Gross Profit": 10,
        "Operating Income": 1,
        "EBIT": NaN,
        "Net Income": 1
    },
    "2016-03-31": {
        "Diluted EPS": 0.19,
        "Total Revenue": 12,
        "Gross Profit": 11,
        "Operating Income": 2,
        "EBIT": NaN,
        "Net Income": 1
    },
    "2015-12-31": {
        "Diluted EPS": 0.13,
        "Total Revenue": 12,
        "Gross Profit": 10,
        "Operating Income": 1,
        "EBIT": NaN,
        "Net Income": 1
    },
    "2015-09-30": {
        "Diluted EPS": 0.12,
        "Total Revenue": 12,
        "Gross Profit": 11,
        "Operating Income": 1,
        "EBIT": NaN,
        "Net Income": 1
    },
    "2015-06-30": {
        "Diluted EPS": 0.14,
        "Total Revenue": 11,
        "Gross Profit": 10,
        "Operating Income": 1,
        "EBIT": NaN,
        "Net Income": 1
    },
    "2015-03-31": {
        "Diluted EPS": 0.2,
        "Total Revenue": 8,
        "Gross Profit": 7,
        "Operating Income": 2,
        "EBIT": NaN,
        "Net Income": 1
    },
    "2014-12-31": {
        "Diluted EPS": 0.13,
        "Total Revenue": 7,
        "Gross Profit": 6,
        "Operating Income": 0,
        "EBIT": NaN,
        "Net Income": 1
    },
    "2014-09-30": {
        "Diluted EPS": 0.19,
        "Total Revenue": 7,
        "Gross Profit": 6,
        "Operating Income": 1,
        "EBIT": NaN,
        "Net Income": 1
    },
    "2014-06-30": {
        "Diluted EPS": 0.19,
        "Total Revenue": 7,
        "Gross Profit": 6,
        "Operating Income": 1,
        "EBIT": NaN,
        "Net Income": 1
    },
    "2014-03-31": {
        "Diluted EPS": 0.21,
        "Total Revenue": 7,
        "Gross Profit": 6,
        "Operating Income": 2,
        "EBIT": NaN,
        "Net Income": 1
    },
    "2013-12-31": {
        "Diluted EPS": 0.0,
        "Total Revenue": NaN,
        "Gross Profit": NaN,
        "Operating Income": NaN,
        "EBIT": NaN,
        "Net Income": NaN
    },
    "2023-09-30": {
        "Tax Effect Of Unusual Items": 324784.0,
        "Tax Rate For Calcs": 0.212,
        "Total Unusual Items": 1532000.0,
        "Total Unusual Items Excluding Goodwill": 1532000.0,
        "Net Income From Continuing Operation Net Minority Interest": 20455000.0,
        "Reconciled Depreciation": 1165000.0,
        "Net Interest Income": 55294000.0,
        "Interest Expense": 38028000.0,
        "Interest Income": 93322000.0,
        "Normalized Income": 19247784.0,
        "Net Income From Continuing And Discontinued Operation": 20455000.0,
        "Diluted Average Shares": 25288660.0,
        "Basic Average Shares": 25111548.0,
        "Diluted EPS": 0.76,
        "Basic EPS": 0.76,
        "Diluted NI Availto Com Stockholders": 19104000.0,
        "Net Income Common Stockholders": 19104000.0,
        "Preferred Stock Dividends": 1351000.0,
        "Net Income": 20455000.0,
        "Net Income Including Noncontrolling Interests": 20455000.0,
        "Net Income Continuous Operations": 20455000.0,
        "Tax Provision": 5511000.0,
        "Pretax Income": 25966000.0,
        "Special Income Charges": 1447000.0,
        "Gain On Sale Of Business": 932000.0,
        "Restructuring And Mergern Acquisition": 2000.0,
        "Gain On Sale Of Security": 0.0,
        "Depreciation Amortization Depletion Income Statement": 1690000.0,
        "Depreciation And Amortization In Income Statement": 1690000.0,
        "Selling General And Administration": 27528000.0,
        "Selling And Marketing Expense": 1202000.0,
        "General And Administrative Expense": 26326000.0,
        "Other Gand A": 2782000.0,
        "Insurance And Claims": 779000.0,
        "Salaries And Wages": 22765000.0,
        "Total Revenue": 63739000.0,
        "Operating Revenue": 63739000.0
    },
    "2023-12-31": {
        "Tax Effect Of Unusual Items": -76376.794494,
        "Tax Rate For Calcs": 0.222026,
        "Total Unusual Items": -344000.0,
        "Total Unusual Items Excluding Goodwill": -344000.0,
        "Net Income From Continuing Operation Net Minority Interest": 15824000.0,
        "Reconciled Depreciation": 1124000.0,
        "Net Interest Income": 53760000.0,
        "Interest Expense": 40905000.0,
        "Interest Income": 94665000.0,
        "Normalized Income": 16091623.205506,
        "Net Income From Continuing And Discontinued Operation": 15824000.0,
        "Diluted Average Shares": 25333913.0,
        "Basic Average Shares": 25116688.0,
        "Diluted EPS": 0.57,
        "Basic EPS": 0.58,
        "Diluted NI Availto Com Stockholders": 14474000.0,
        "Net Income Common Stockholders": 14474000.0,
        "Preferred Stock Dividends": 1350000.0,
        "Net Income": 15824000.0,
        "Net Income Including Noncontrolling Interests": 15824000.0,
        "Net Income Continuous Operations": 15824000.0,
        "Tax Provision": 4516000.0,
        "Pretax Income": 20340000.0,
        "Special Income Charges": -50000.0,
        "Gain On Sale Of Business": 13000.0,
        "Restructuring And Mergern Acquisition": 63000.0,
        "Gain On Sale Of Security": -2503000.0,
        "Depreciation Amortization Depletion Income Statement": NaN,
        "Depreciation And Amortization In Income Statement": NaN,
        "Selling General And Administration": 14404000.0,
        "Selling And Marketing Expense": 1052000.0,
        "General And Administrative Expense": 13352000.0,
        "Other Gand A": NaN,
        "Insurance And Claims": -776000.0,
        "Salaries And Wages": 22871000.0,
        "Total Revenue": 61188000.0,
        "Operating Revenue": 61188000.0
    },
    "2024-03-31": {
        "Tax Effect Of Unusual Items": -58447.0,
        "Tax Rate For Calcs": 0.211,
        "Total Unusual Items": -277000.0,
        "Total Unusual Items Excluding Goodwill": -277000.0,
        "Net Income From Continuing Operation Net Minority Interest": 13570000.0,
        "Reconciled Depreciation": 1153000.0,
        "Net Interest Income": 51531000.0,
        "Interest Expense": 44480000.0,
        "Interest Income": 96011000.0,
        "Normalized Income": 13788553.0,
        "Net Income From Continuing And Discontinued Operation": 13570000.0,
        "Diluted Average Shares": 25429194.0,
        "Basic Average Shares": 25127187.0,
        "Diluted EPS": 0.48,
        "Basic EPS": 0.49,
        "Diluted NI Availto Com Stockholders": 12220000.0,
        "Net Income Common Stockholders": 12220000.0,
        "Preferred Stock Dividends": 1350000.0,
        "Net Income": 13570000.0,
        "Net Income Including Noncontrolling Interests": 13570000.0,
        "Net Income Continuous Operations": 13570000.0,
        "Tax Provision": 3639000.0,
        "Pretax Income": 17209000.0,
        "Special Income Charges": -340000.0,
        "Gain On Sale Of Business": NaN,
        "Restructuring And Mergern Acquisition": 340000.0,
        "Gain On Sale Of Security": -1000.0,
        "Depreciation Amortization Depletion Income Statement": 1676000.0,
        "Depreciation And Amortization In Income Statement": 1676000.0,
        "Selling General And Administration": 27671000.0,
        "Selling And Marketing Expense": 1145000.0,
        "General And Administrative Expense": 26526000.0,
        "Other Gand A": NaN,
        "Insurance And Claims": 828000.0,
        "Salaries And Wages": 25698000.0,
        "Total Revenue": 60623000.0,
        "Operating Revenue": 60623000.0
    }
}