{
    "2023-03-31": {
        "Tax Effect Of Unusual Items": 0.0,
        "Tax Rate For Calcs": 0.362944,
        "Normalized EBITDA": 68032000.0,
        "Total Unusual Items": NaN,
        "Total Unusual Items Excluding Goodwill": NaN,
        "Net Income From Continuing Operation Net Minority Interest": 18978000.0,
        "Reconciled Depreciation": 19059000.0,
        "Reconciled Cost Of Revenue": 290919000.0,
        "EBITDA": 68032000.0,
        "EBIT": 48973000.0,
        "Net Interest Income": -10427000.0,
        "Interest Expense": 15742000.0,
        "Interest Income": 5315000.0,
        "Normalized Income": 18978000.0,
        "Net Income From Continuing And Discontinued Operation": 18978000.0,
        "Total Expenses": 471713000.0,
        "Rent Expense Supplemental": 41165000.0,
        "Diluted Average Shares": 501067000.0,
        "Basic Average Shares": 375220000.0,
        "Diluted EPS": 0.05,
        "Basic EPS": 0.05,
        "Diluted NI Availto Com Stockholders": 24155000.0,
        "Average Dilution Earnings": 5177000.0,
        "Net Income Common Stockholders": 18978000.0,
        "Net Income": 18978000.0,
        "Minority Interests": -2192000.0,
        "Net Income Including Noncontrolling Interests": 21170000.0,
        "Net Income Continuous Operations": 21170000.0,
        "Tax Provision": 12061000.0,
        "Pretax Income": 33231000.0,
        "Other Income Expense": -12181000.0,
        "Other Non Operating Income Expenses": -14243000.0,
        "Special Income Charges": NaN,
        "Gain On Sale Of Business": NaN,
        "Earnings From Equity Interest": 2062000.0,
        "Net Non Operating Interest Income Expense": -10427000.0,
        "Interest Expense Non Operating": 15742000.0,
        "Interest Income Non Operating": 5315000.0,
        "Operating Income": 55839000.0,
        "Operating Expense": 180794000.0,
        "Selling General And Administration": 180794000.0,
        "Selling And Marketing Expense": 14616000.0,
        "General And Administrative Expense": 166178000.0,
        "Other Gand A": 43640000.0,
        "Rent And Landing Fees": 41165000.0,
        "Salaries And Wages": 81373000.0,
        "Gross Profit": 236633000.0,
        "Cost Of Revenue": 290919000.0,
        "Total Revenue": 527552000.0,
        "Operating Revenue": 523296000.0
    },
    "2022-12-31": {
        "Tax Effect Of Unusual Items": -177660.0,
        "Tax Rate For Calcs": 0.21,
        "Normalized EBITDA": 36509000.0,
        "Total Unusual Items": -846000.0,
        "Total Unusual Items Excluding Goodwill": -846000.0,
        "Net Income From Continuing Operation Net Minority Interest": 2216000.0,
        "Reconciled Depreciation": 19268000.0,
        "Reconciled Cost Of Revenue": 202639000.0,
        "EBITDA": 35663000.0,
        "EBIT": 16395000.0,
        "Net Interest Income": -9287000.0,
        "Interest Expense": 14788000.0,
        "Interest Income": 5501000.0,
        "Normalized Income": 2884340.0,
        "Net Income From Continuing And Discontinued Operation": 2216000.0,
        "Total Expenses": 397152000.0,
        "Rent Expense Supplemental": 40197000.0,
        "Diluted Average Shares": 492549000.0,
        "Basic Average Shares": 371174000.0,
        "Diluted EPS": 0.01,
        "Basic EPS": 0.01,
        "Diluted NI Availto Com Stockholders": 2761000.0,
        "Average Dilution Earnings": 545000.0,
        "Net Income Common Stockholders": 2216000.0,
        "Net Income": 2216000.0,
        "Minority Interests": -1382000.0,
        "Net Income Including Noncontrolling Interests": 3598000.0,
        "Net Income Continuous Operations": 3598000.0,
        "Tax Provision": -1991000.0,
        "Pretax Income": 1607000.0,
        "Other Income Expense": -22968000.0,
        "Other Non Operating Income Expenses": -24280000.0,
        "Special Income Charges": -846000.0,
        "Gain On Sale Of Business": -846000.0,
        "Earnings From Equity Interest": 2158000.0,
        "Net Non Operating Interest Income Expense": -9287000.0,
        "Interest Expense Non Operating": 14788000.0,
        "Interest Income Non Operating": 5501000.0,
        "Operating Income": 33862000.0,
        "Operating Expense": 194513000.0,
        "Selling General And Administration": 194513000.0,
        "Selling And Marketing Expense": 14461000.0,
        "General And Administrative Expense": 180052000.0,
        "Other Gand A": 50523000.0,
        "Rent And Landing Fees": 40197000.0,
        "Salaries And Wages": 89332000.0,
        "Gross Profit": 228375000.0,
        "Cost Of Revenue": 202639000.0,
        "Total Revenue": 431014000.0,
        "Operating Revenue": 426786000.0
    },
    "2022-09-30": {
        "Tax Effect Of Unusual Items": -38430.0,
        "Tax Rate For Calcs": 0.21,
        "Normalized EBITDA": 33720000.0,
        "Total Unusual Items": -183000.0,
        "Total Unusual Items Excluding Goodwill": -183000.0,
        "Net Income From Continuing Operation Net Minority Interest": 5762000.0,
        "Reconciled Depreciation": 18632000.0,
        "Reconciled Cost Of Revenue": 222008000.0,
        "EBITDA": 33537000.0,
        "EBIT": 33537000.0,
        "Net Interest Income": -14499000.0,
        "Interest Expense": 14499000.0,
        "Normalized Income": 5906570.0,
        "Net Income From Continuing And Discontinued Operation": 5762000.0,
        "Total Expenses": 371671000.0,
        "Rent Expense Supplemental": 38710000.0,
        "Diluted Average Shares": 496985000.0,
        "Basic Average Shares": 371108000.0,
        "Diluted EPS": 0.01,
        "Basic EPS": 0.02,
        "Diluted NI Availto Com Stockholders": 7370000.0,
        "Average Dilution Earnings": 1608000.0,
        "Net Income Common Stockholders": 5762000.0,
        "Net Income": 5762000.0,
        "Minority Interests": -2463000.0,
        "Net Income Including Noncontrolling Interests": 8225000.0,
        "Net Income Continuous Operations": 8225000.0,
        "Tax Provision": 10813000.0,
        "Pretax Income": 19038000.0,
        "Other Income Expense": -11359000.0,
        "Other Non Operating Income Expenses": -14406000.0,
        "Special Income Charges": -183000.0,
        "Gain On Sale Of Business": -183000.0,
        "Earnings From Equity Interest": 3230000.0,
        "Net Non Operating Interest Income Expense": -14499000.0,
        "Interest Expense Non Operating": 14499000.0,
        "Operating Income": 44896000.0,
        "Operating Expense": 149663000.0,
        "Selling General And Administration": 149663000.0,
        "Selling And Marketing Expense": 11373000.0,
        "General And Administrative Expense": 138290000.0,
        "Other Gand A": 41850000.0,
        "Rent And Landing Fees": 38710000.0,
        "Salaries And Wages": 57730000.0,
        "Gross Profit": 194559000.0,
        "Cost Of Revenue": 222008000.0,
        "Total Revenue": 416567000.0,
        "Operating Revenue": 410812000.0
    },
    "2022-06-30": {
        "Tax Effect Of Unusual Items": 0.0,
        "Tax Rate For Calcs": 0.4,
        "Normalized EBITDA": 45790000.0,
        "Total Unusual Items": 0.0,
        "Total Unusual Items Excluding Goodwill": 0.0,
        "Net Income From Continuing Operation Net Minority Interest": 14762000.0,
        "Reconciled Depreciation": 18755000.0,
        "Reconciled Cost Of Revenue": 232121000.0,
        "EBITDA": 45790000.0,
        "EBIT": 45790000.0,
        "Net Interest Income": -14342000.0,
        "Interest Expense": 14342000.0,
        "Normalized Income": 14762000.0,
        "Net Income From Continuing And Discontinued Operation": 14762000.0,
        "Total Expenses": 371594000.0,
        "Rent Expense Supplemental": 39921000.0,
        "Diluted Average Shares": 507005000.0,
        "Basic Average Shares": 375613000.0,
        "Diluted EPS": 0.04,
        "Basic EPS": 0.04,
        "Diluted NI Availto Com Stockholders": 19710000.0,
        "Average Dilution Earnings": 4948000.0,
        "Net Income Common Stockholders": 14762000.0,
        "Net Income": 14762000.0,
        "Minority Interests": -1581000.0,
        "Net Income Including Noncontrolling Interests": 16343000.0,
        "Net Income Continuous Operations": 16343000.0,
        "Tax Provision": 15105000.0,
        "Pretax Income": 31448000.0,
        "Other Income Expense": -18372000.0,
        "Other Non Operating Income Expenses": -21101000.0,
        "Special Income Charges": 0.0,
        "Gain On Sale Of Business": 0.0,
        "Earnings From Equity Interest": 2729000.0,
        "Net Non Operating Interest Income Expense": -14342000.0,
        "Interest Expense Non Operating": 14342000.0,
        "Operating Income": 64162000.0,
        "Operating Expense": 139473000.0,
        "Selling General And Administration": 139473000.0,
        "Selling And Marketing Expense": 12443000.0,
        "General And Administrative Expense": 127030000.0,
        "Other Gand A": 40976000.0,
        "Rent And Landing Fees": 39921000.0,
        "Salaries And Wages": 46133000.0,
        "Gross Profit": 203635000.0,
        "Cost Of Revenue": 232121000.0,
        "Total Revenue": 435756000.0,
        "Operating Revenue": 433688000.0
    },
    "2023-06-30": {
        "Tax Effect Of Unusual Items": 0.0,
        "Tax Rate For Calcs": 0.289894,
        "Normalized EBITDA": 7831000.0,
        "Total Unusual Items": NaN,
        "Total Unusual Items Excluding Goodwill": NaN,
        "Net Income From Continuing Operation Net Minority Interest": -19704000.0,
        "Reconciled Depreciation": 19194000.0,
        "Reconciled Cost Of Revenue": 267539000.0,
        "EBITDA": 7831000.0,
        "EBIT": -11363000.0,
        "Net Interest Income": -6543000.0,
        "Interest Expense": 19914000.0,
        "Interest Income": 13371000.0,
        "Normalized Income": -19704000.0,
        "Net Income From Continuing And Discontinued Operation": -19704000.0,
        "Total Expenses": 492623000.0,
        "Rent Expense Supplemental": 40488000.0,
        "Diluted Average Shares": 391745000.0,
        "Basic Average Shares": 391745000.0,
        "Diluted EPS": -0.05,
        "Basic EPS": -0.05,
        "Diluted NI Availto Com Stockholders": -19704000.0,
        "Average Dilution Earnings": 0.0,
        "Net Income Common Stockholders": -19704000.0,
        "Net Income": -19704000.0,
        "Minority Interests": 2506000.0,
        "Net Income Including Noncontrolling Interests": -22210000.0,
        "Net Income Continuous Operations": -22210000.0,
        "Tax Provision": -9067000.0,
        "Pretax Income": -31277000.0,
        "Other Income Expense": -11820000.0,
        "Other Non Operating Income Expenses": -14232000.0,
        "Special Income Charges": NaN,
        "Gain On Sale Of Business": NaN,
        "Earnings From Equity Interest": 2412000.0,
        "Net Non Operating Interest Income Expense": -6543000.0,
        "Interest Expense Non Operating": 19914000.0,
        "Interest Income Non Operating": 13371000.0,
        "Operating Income": -12914000.0,
        "Operating Expense": 225084000.0,
        "Selling General And Administration": 225084000.0,
        "Selling And Marketing Expense": 15320000.0,
        "General And Administrative Expense": 209764000.0,
        "Other Gand A": 42632000.0,
        "Rent And Landing Fees": 40488000.0,
        "Salaries And Wages": 126644000.0,
        "Gross Profit": 212170000.0,
        "Cost Of Revenue": 267539000.0,
        "Total Revenue": 479709000.0,
        "Operating Revenue": 474665000.0
    },
    "2022-03-31": {
        "Diluted EPS": 0.07,
        "Total Revenue": 506,
        "Gross Profit": 489,
        "Operating Income": 57,
        "EBIT": 86,
        "Net Income": 26
    },
    "2021-12-31": {
        "Diluted EPS": 0.2,
        "Total Revenue": 462,
        "Gross Profit": 445,
        "Operating Income": -202,
        "EBIT": -11,
        "Net Income": 76
    },
    "2021-09-30": {
        "Diluted EPS": -0.03,
        "Total Revenue": 474,
        "Gross Profit": 458,
        "Operating Income": -10,
        "EBIT": 22,
        "Net Income": -11
    },
    "2021-06-30": {
        "Diluted EPS": 0.04,
        "Total Revenue": 512,
        "Gross Profit": 498,
        "Operating Income": 34,
        "EBIT": 76,
        "Net Income": 16
    },
    "2021-03-31": {
        "Diluted EPS": 0.11,
        "Total Revenue": 568,
        "Gross Profit": 550,
        "Operating Income": 84,
        "EBIT": 123,
        "Net Income": 43
    },
    "2020-12-31": {
        "Diluted EPS": -0.01,
        "Total Revenue": 479,
        "Gross Profit": 466,
        "Operating Income": -6,
        "EBIT": 41,
        "Net Income": -5
    },
    "2020-09-30": {
        "Diluted EPS": 0.02,
        "Total Revenue": 455,
        "Gross Profit": 442,
        "Operating Income": 31,
        "EBIT": 65,
        "Net Income": 9
    },
    "2020-06-30": {
        "Diluted EPS": 0.07,
        "Total Revenue": 519,
        "Gross Profit": 506,
        "Operating Income": 63,
        "EBIT": 101,
        "Net Income": 28
    },
    "2020-03-31": {
        "Diluted EPS": 0.04,
        "Total Revenue": 603,
        "Gross Profit": 584,
        "Operating Income": 54,
        "EBIT": 91,
        "Net Income": 14
    },
    "2019-12-31": {
        "Diluted EPS": -0.09,
        "Total Revenue": 488,
        "Gross Profit": 471,
        "Operating Income": 94,
        "EBIT": 130,
        "Net Income": -28
    },
    "2019-09-30": {
        "Diluted EPS": -0.01,
        "Total Revenue": 521,
        "Gross Profit": 505,
        "Operating Income": 20,
        "EBIT": 51,
        "Net Income": -4
    },
    "2019-06-30": {
        "Diluted EPS": 0.04,
        "Total Revenue": 551,
        "Gross Profit": 534,
        "Operating Income": 51,
        "EBIT": 79,
        "Net Income": 14
    },
    "2019-03-31": {
        "Diluted EPS": 0.18,
        "Total Revenue": 545,
        "Gross Profit": 530,
        "Operating Income": 108,
        "EBIT": 134,
        "Net Income": 62
    },
    "2018-12-31": {
        "Diluted EPS": -0.03,
        "Total Revenue": 466,
        "Gross Profit": 449,
        "Operating Income": -17,
        "EBIT": 16,
        "Net Income": -17
    },
    "2018-09-30": {
        "Diluted EPS": 0.28,
        "Total Revenue": 456,
        "Gross Profit": 441,
        "Operating Income": 57,
        "EBIT": 73,
        "Net Income": 120
    },
    "2018-06-30": {
        "Diluted EPS": 0.11,
        "Total Revenue": 491,
        "Gross Profit": 476,
        "Operating Income": 54,
        "EBIT": 74,
        "Net Income": 35
    },
    "2018-03-31": {
        "Diluted EPS": 0.14,
        "Total Revenue": 525,
        "Gross Profit": 511,
        "Operating Income": 70,
        "EBIT": 88,
        "Net Income": 59
    },
    "2017-12-31": {
        "Diluted EPS": -0.41,
        "Total Revenue": 432,
        "Gross Profit": 419,
        "Operating Income": -50,
        "EBIT": -112,
        "Net Income": -120
    },
    "2017-09-30": {
        "Diluted EPS": 0.28,
        "Total Revenue": 827,
        "Gross Profit": 817,
        "Operating Income": 76,
        "EBIT": 141,
        "Net Income": 82
    },
    "2017-06-30": {
        "Diluted EPS": 0.18,
        "Total Revenue": 849,
        "Gross Profit": 838,
        "Operating Income": 114,
        "EBIT": 165,
        "Net Income": 53
    },
    "2017-03-31": {
        "Diluted EPS": 0.13,
        "Total Revenue": 783,
        "Gross Profit": 773,
        "Operating Income": 71,
        "EBIT": 112,
        "Net Income": 37
    },
    "2016-12-31": {
        "Diluted EPS": -0.43,
        "Total Revenue": -475,
        "Gross Profit": -485,
        "Operating Income": -53,
        "EBIT": -101,
        "Net Income": 71
    },
    "2016-09-30": {
        "Diluted EPS": 0.31,
        "Total Revenue": 735,
        "Gross Profit": 726,
        "Operating Income": 71,
        "EBIT": 163,
        "Net Income": 87
    },
    "2016-06-30": {
        "Diluted EPS": 0.05,
        "Total Revenue": 654,
        "Gross Profit": 644,
        "Operating Income": 33,
        "EBIT": 63,
        "Net Income": 14
    },
    "2016-03-31": {
        "Diluted EPS": 0.05,
        "Total Revenue": 641,
        "Gross Profit": 632,
        "Operating Income": 35,
        "EBIT": 64,
        "Net Income": 13
    },
    "2015-12-31": {
        "Diluted EPS": 0.37,
        "Total Revenue": 882,
        "Gross Profit": 872,
        "Operating Income": -95,
        "EBIT": 40,
        "Net Income": 98
    },
    "2015-09-30": {
        "Diluted EPS": 0.15,
        "Total Revenue": 685,
        "Gross Profit": 676,
        "Operating Income": 39,
        "EBIT": 74,
        "Net Income": 38
    },
    "2015-06-30": {
        "Diluted EPS": 0.04,
        "Total Revenue": 669,
        "Gross Profit": 659,
        "Operating Income": 34,
        "EBIT": 70,
        "Net Income": 9
    },
    "2015-03-31": {
        "Diluted EPS": 0.06,
        "Total Revenue": 548,
        "Gross Profit": 541,
        "Operating Income": 20,
        "EBIT": 46,
        "Net Income": 14
    },
    "2014-12-31": {
        "Diluted EPS": -0.08,
        "Total Revenue": 489,
        "Gross Profit": 485,
        "Operating Income": -54,
        "EBIT": -32,
        "Net Income": -19
    },
    "2014-09-30": {
        "Diluted EPS": 0.03,
        "Total Revenue": 436,
        "Gross Profit": 431,
        "Operating Income": -4,
        "EBIT": 12,
        "Net Income": 7
    },
    "2014-06-30": {
        "Diluted EPS": 0.03,
        "Total Revenue": 417,
        "Gross Profit": 412,
        "Operating Income": 24,
        "EBIT": 43,
        "Net Income": 8
    },
    "2014-03-31": {
        "Diluted EPS": 0.04,
        "Total Revenue": 445,
        "Gross Profit": 441,
        "Operating Income": 25,
        "EBIT": 44,
        "Net Income": 8
    },
    "2013-12-31": {
        "Diluted EPS": 0.02,
        "Total Revenue": 421,
        "Gross Profit": 416,
        "Operating Income": 5,
        "EBIT": 25,
        "Net Income": 4
    },
    "2013-09-30": {
        "Diluted EPS": 0.11,
        "Total Revenue": 404,
        "Gross Profit": 399,
        "Operating Income": 23,
        "EBIT": 203,
        "Net Income": 25
    },
    "2013-06-30": {
        "Diluted EPS": 0.18,
        "Total Revenue": NaN,
        "Gross Profit": NaN,
        "Operating Income": 218,
        "EBIT": 242,
        "Net Income": 34
    },
    "2013-03-31": {
        "Diluted EPS": 0.04,
        "Total Revenue": 445,
        "Gross Profit": 439,
        "Operating Income": 23,
        "EBIT": 47,
        "Net Income": 7
    },
    "2012-12-31": {
        "Diluted EPS": 0.09,
        "Total Revenue": 441,
        "Gross Profit": 436,
        "Operating Income": 51,
        "EBIT": 76,
        "Net Income": 14
    },
    "2012-09-30": {
        "Diluted EPS": 0.0,
        "Total Revenue": 440,
        "Gross Profit": 435,
        "Operating Income": 13,
        "EBIT": 38,
        "Net Income": 0
    },
    "2012-06-30": {
        "Diluted EPS": 0.01,
        "Total Revenue": 450,
        "Gross Profit": 444,
        "Operating Income": 12,
        "EBIT": 33,
        "Net Income": 2
    },
    "2012-03-31": {
        "Diluted EPS": 0.06,
        "Total Revenue": 395,
        "Gross Profit": 389,
        "Operating Income": 26,
        "EBIT": 47,
        "Net Income": 8
    },
    "2011-12-31": {
        "Diluted EPS": 0.01,
        "Total Revenue": 355,
        "Gross Profit": 349,
        "Operating Income": 20,
        "EBIT": 41,
        "Net Income": 4
    },
    "2011-09-30": {
        "Diluted EPS": -0.02,
        "Total Revenue": 380,
        "Gross Profit": 373,
        "Operating Income": 2,
        "EBIT": 23,
        "Net Income": -2
    },
    "2011-06-30": {
        "Diluted EPS": 0.09,
        "Total Revenue": 365,
        "Gross Profit": 358,
        "Operating Income": 28,
        "EBIT": 47,
        "Net Income": 10
    },
    "2011-03-31": {
        "Diluted EPS": 0.09,
        "Total Revenue": 365,
        "Gross Profit": 359,
        "Operating Income": 29,
        "EBIT": 50,
        "Net Income": 9
    },
    "2010-12-31": {
        "Diluted EPS": 0.13,
        "Total Revenue": 322,
        "Gross Profit": 316,
        "Operating Income": 31,
        "EBIT": 56,
        "Net Income": 12
    },
    "2010-09-30": {
        "Diluted EPS": 0.07,
        "Total Revenue": 327,
        "Gross Profit": 322,
        "Operating Income": 30,
        "EBIT": 52,
        "Net Income": 6
    },
    "2010-06-30": {
        "Diluted EPS": 0.09,
        "Total Revenue": 336,
        "Gross Profit": 331,
        "Operating Income": 21,
        "EBIT": 44,
        "Net Income": 7
    },
    "2010-03-31": {
        "Diluted EPS": -0.05,
        "Total Revenue": 347,
        "Gross Profit": 342,
        "Operating Income": -11,
        "EBIT": 10,
        "Net Income": -4
    },
    "2009-12-31": {
        "Diluted EPS": 0.01,
        "Total Revenue": 297,
        "Gross Profit": 292,
        "Operating Income": 16,
        "EBIT": 41,
        "Net Income": 2
    },
    "2009-09-30": {
        "Diluted EPS": 0.03,
        "Total Revenue": 289,
        "Gross Profit": 285,
        "Operating Income": 11,
        "EBIT": 31,
        "Net Income": 2
    },
    "2009-06-30": {
        "Diluted EPS": 0.1,
        "Total Revenue": 292,
        "Gross Profit": 288,
        "Operating Income": 24,
        "EBIT": 45,
        "Net Income": 8
    },
    "2009-03-31": {
        "Diluted EPS": 0.1,
        "Total Revenue": 284,
        "Gross Profit": 280,
        "Operating Income": 24,
        "EBIT": 44,
        "Net Income": 8
    },
    "2023-09-30": {
        "Tax Effect Of Unusual Items": 0.0,
        "Tax Rate For Calcs": 0.22266,
        "Normalized EBITDA": 66510000.0,
        "Total Unusual Items": 0.0,
        "Total Unusual Items Excluding Goodwill": 0.0,
        "Net Income From Continuing Operation Net Minority Interest": 17046000.0,
        "Reconciled Depreciation": 21864000.0,
        "Reconciled Cost Of Revenue": 254888000.0,
        "EBITDA": 66510000.0,
        "EBIT": 44646000.0,
        "Net Interest Income": -10630000.0,
        "Interest Expense": 20780000.0,
        "Interest Income": 10150000.0,
        "Normalized Income": 17046000.0,
        "Net Income From Continuing And Discontinued Operation": 17046000.0,
        "Total Expenses": 422079000.0,
        "Rent Expense Supplemental": 40028000.0,
        "Diluted Average Shares": 477545000.0,
        "Basic Average Shares": 468544000.0,
        "Diluted EPS": 0.03,
        "Basic EPS": 0.03,
        "Diluted NI Availto Com Stockholders": 15989000.0,
        "Average Dilution Earnings": -1057000.0,
        "Net Income Common Stockholders": 17046000.0,
        "Net Income": 17046000.0,
        "Minority Interests": -1506000.0,
        "Net Income Including Noncontrolling Interests": 18552000.0,
        "Net Income Continuous Operations": 18552000.0,
        "Tax Provision": 5314000.0,
        "Pretax Income": 23866000.0,
        "Other Income Expense": -15969000.0,
        "Other Non Operating Income Expenses": -18063000.0,
        "Special Income Charges": 0.0,
        "Gain On Sale Of Business": 0.0,
        "Earnings From Equity Interest": 2094000.0,
        "Net Non Operating Interest Income Expense": -10630000.0,
        "Interest Expense Non Operating": 20780000.0,
        "Interest Income Non Operating": 10150000.0,
        "Operating Income": 50465000.0,
        "Operating Expense": 167191000.0,
        "Selling General And Administration": 167191000.0,
        "Selling And Marketing Expense": 14939000.0,
        "General And Administrative Expense": 152252000.0,
        "Other Gand A": 42956000.0,
        "Rent And Landing Fees": 40028000.0,
        "Salaries And Wages": 69268000.0,
        "Gross Profit": 217656000.0,
        "Cost Of Revenue": 254888000.0,
        "Total Revenue": 472544000.0,
        "Operating Revenue": 466550000.0
    },
    "2023-12-31": {
        "Tax Effect Of Unusual Items": 0.0,
        "Tax Rate For Calcs": 0.333218,
        "Normalized EBITDA": 72984000.0,
        "Total Unusual Items": 0.0,
        "Total Unusual Items Excluding Goodwill": 0.0,
        "Net Income From Continuing Operation Net Minority Interest": 19945000.0,
        "Reconciled Depreciation": 20300000.0,
        "Reconciled Cost Of Revenue": 273429000.0,
        "EBITDA": 72984000.0,
        "EBIT": 52684000.0,
        "Net Interest Income": -4209000.0,
        "Interest Expense": 20795000.0,
        "Interest Income": 16586000.0,
        "Normalized Income": 19945000.0,
        "Net Income From Continuing And Discontinued Operation": 19945000.0,
        "Total Expenses": 454906000.0,
        "Rent Expense Supplemental": 41062000.0,
        "Diluted Average Shares": 476452000.0,
        "Basic Average Shares": 468747000.0,
        "Diluted EPS": 0.04,
        "Basic EPS": 0.04,
        "Diluted NI Availto Com Stockholders": 18836000.0,
        "Average Dilution Earnings": 1086000.0,
        "Net Income Common Stockholders": 17750000.0,
        "Net Income": 19945000.0,
        "Minority Interests": -1318000.0,
        "Net Income Including Noncontrolling Interests": 21263000.0,
        "Net Income Continuous Operations": 21263000.0,
        "Tax Provision": 10626000.0,
        "Pretax Income": 31889000.0,
        "Other Income Expense": -9170000.0,
        "Other Non Operating Income Expenses": -11754000.0,
        "Special Income Charges": 0.0,
        "Gain On Sale Of Business": 0.0,
        "Earnings From Equity Interest": 2584000.0,
        "Net Non Operating Interest Income Expense": -4209000.0,
        "Interest Expense Non Operating": 20795000.0,
        "Interest Income Non Operating": 16586000.0,
        "Operating Income": 45268000.0,
        "Operating Expense": 181477000.0,
        "Selling General And Administration": 181477000.0,
        "Selling And Marketing Expense": 17009000.0,
        "General And Administrative Expense": 164468000.0,
        "Other Gand A": 45313000.0,
        "Rent And Landing Fees": 41062000.0,
        "Salaries And Wages": 78093000.0,
        "Gross Profit": 226745000.0,
        "Cost Of Revenue": 273429000.0,
        "Total Revenue": 500174000.0,
        "Operating Revenue": 495551000.0
    }
}