{
    "2023-03-31": {
        "Tax Effect Of Unusual Items": 0.0,
        "Tax Rate For Calcs": 0.21,
        "Normalized EBITDA": -29000.0,
        "Net Income From Continuing Operation Net Minority Interest": 193000.0,
        "Reconciled Depreciation": 4625000.0,
        "Reconciled Cost Of Revenue": 149795000.0,
        "EBITDA": -29000.0,
        "EBIT": -29000.0,
        "Net Interest Income": 115000.0,
        "Interest Expense": NaN,
        "Interest Income": 115000.0,
        "Normalized Income": 193000.0,
        "Net Income From Continuing And Discontinued Operation": 193000.0,
        "Total Expenses": 224968000.0,
        "Total Operating Income As Reported": -29000.0,
        "Diluted Average Shares": 21949000.0,
        "Basic Average Shares": 21629000.0,
        "Diluted EPS": 0.01,
        "Basic EPS": 0.01,
        "Diluted NI Availto Com Stockholders": 193000.0,
        "Net Income Common Stockholders": 193000.0,
        "Net Income": 193000.0,
        "Net Income Including Noncontrolling Interests": 193000.0,
        "Net Income Continuous Operations": 193000.0,
        "Tax Provision": -107000.0,
        "Pretax Income": 86000.0,
        "Net Non Operating Interest Income Expense": 115000.0,
        "Total Other Finance Cost": -115000.0,
        "Interest Expense Non Operating": NaN,
        "Interest Income Non Operating": 115000.0,
        "Operating Income": -29000.0,
        "Operating Expense": 75173000.0,
        "Selling General And Administration": 75173000.0,
        "Gross Profit": 75144000.0,
        "Cost Of Revenue": 149795000.0,
        "Total Revenue": 224939000.0,
        "Operating Revenue": 224939000.0
    },
    "2022-12-31": {
        "Tax Effect Of Unusual Items": 0.0,
        "Tax Rate For Calcs": 0.177143,
        "Normalized EBITDA": 2283000.0,
        "Net Income From Continuing Operation Net Minority Interest": 1728000.0,
        "Reconciled Depreciation": 4712000.0,
        "Reconciled Cost Of Revenue": 158479000.0,
        "EBITDA": 2283000.0,
        "EBIT": 2283000.0,
        "Net Interest Income": -183000.0,
        "Interest Expense": 183000.0,
        "Interest Income": NaN,
        "Normalized Income": 1728000.0,
        "Net Income From Continuing And Discontinued Operation": 1728000.0,
        "Total Expenses": 236029000.0,
        "Total Operating Income As Reported": 2283000.0,
        "Diluted Average Shares": 21944000.0,
        "Basic Average Shares": 21595000.0,
        "Diluted EPS": 0.08,
        "Basic EPS": 0.08,
        "Diluted NI Availto Com Stockholders": 1728000.0,
        "Net Income Common Stockholders": 1728000.0,
        "Net Income": 1728000.0,
        "Net Income Including Noncontrolling Interests": 1728000.0,
        "Net Income Continuous Operations": 1728000.0,
        "Tax Provision": 372000.0,
        "Pretax Income": 2100000.0,
        "Net Non Operating Interest Income Expense": -183000.0,
        "Total Other Finance Cost": NaN,
        "Interest Expense Non Operating": 183000.0,
        "Interest Income Non Operating": NaN,
        "Operating Income": 2283000.0,
        "Operating Expense": 77550000.0,
        "Selling General And Administration": 77550000.0,
        "Gross Profit": 79833000.0,
        "Cost Of Revenue": 158479000.0,
        "Total Revenue": 238312000.0,
        "Operating Revenue": 238312000.0
    },
    "2022-09-30": {
        "Tax Effect Of Unusual Items": 0.0,
        "Tax Rate For Calcs": 0.233482,
        "Normalized EBITDA": 8378000.0,
        "Net Income From Continuing Operation Net Minority Interest": 6369000.0,
        "Reconciled Depreciation": 4706000.0,
        "Reconciled Cost Of Revenue": 174862000.0,
        "EBITDA": 8378000.0,
        "EBIT": 8378000.0,
        "Net Interest Income": -69000.0,
        "Interest Expense": 69000.0,
        "Interest Income": NaN,
        "Normalized Income": 6369000.0,
        "Net Income From Continuing And Discontinued Operation": 6369000.0,
        "Total Expenses": 253067000.0,
        "Total Operating Income As Reported": 8378000.0,
        "Diluted Average Shares": 21930000.0,
        "Basic Average Shares": 21586000.0,
        "Diluted EPS": 0.29,
        "Basic EPS": 0.3,
        "Diluted NI Availto Com Stockholders": 6369000.0,
        "Net Income Common Stockholders": 6369000.0,
        "Net Income": 6369000.0,
        "Net Income Including Noncontrolling Interests": 6369000.0,
        "Net Income Continuous Operations": 6369000.0,
        "Tax Provision": 1940000.0,
        "Pretax Income": 8309000.0,
        "Net Non Operating Interest Income Expense": -69000.0,
        "Total Other Finance Cost": NaN,
        "Interest Expense Non Operating": 69000.0,
        "Interest Income Non Operating": NaN,
        "Operating Income": 8378000.0,
        "Operating Expense": 78205000.0,
        "Selling General And Administration": 78205000.0,
        "Gross Profit": 86583000.0,
        "Cost Of Revenue": 174862000.0,
        "Total Revenue": 261445000.0,
        "Operating Revenue": 261445000.0
    },
    "2022-06-30": {
        "Tax Effect Of Unusual Items": 0.0,
        "Tax Rate For Calcs": 0.261775,
        "Normalized EBITDA": 12238000.0,
        "Net Income From Continuing Operation Net Minority Interest": 8934000.0,
        "Reconciled Depreciation": 4531000.0,
        "Reconciled Cost Of Revenue": 164934000.0,
        "EBITDA": 12238000.0,
        "EBIT": 12238000.0,
        "Net Interest Income": -136000.0,
        "Interest Expense": 136000.0,
        "Interest Income": NaN,
        "Normalized Income": 8934000.0,
        "Net Income From Continuing And Discontinued Operation": 8934000.0,
        "Total Expenses": 241562000.0,
        "Total Operating Income As Reported": 12238000.0,
        "Diluted Average Shares": 22039000.0,
        "Basic Average Shares": 21675000.0,
        "Diluted EPS": 0.41,
        "Basic EPS": 0.41,
        "Diluted NI Availto Com Stockholders": 8934000.0,
        "Net Income Common Stockholders": 8934000.0,
        "Net Income": 8934000.0,
        "Net Income Including Noncontrolling Interests": 8934000.0,
        "Net Income Continuous Operations": 8934000.0,
        "Tax Provision": 3168000.0,
        "Pretax Income": 12102000.0,
        "Net Non Operating Interest Income Expense": -136000.0,
        "Total Other Finance Cost": NaN,
        "Interest Expense Non Operating": 136000.0,
        "Interest Income Non Operating": NaN,
        "Operating Income": 12238000.0,
        "Operating Expense": 76628000.0,
        "Selling General And Administration": 76628000.0,
        "Gross Profit": 88866000.0,
        "Cost Of Revenue": 164934000.0,
        "Total Revenue": 253800000.0,
        "Operating Revenue": 253800000.0
    },
    "2023-06-30": {
        "Tax Effect Of Unusual Items": 0.0,
        "Tax Rate For Calcs": 0.308824,
        "Normalized EBITDA": -463000.0,
        "Net Income From Continuing Operation Net Minority Interest": -282000.0,
        "Reconciled Depreciation": 4738000.0,
        "Reconciled Cost Of Revenue": 151664000.0,
        "EBITDA": -463000.0,
        "EBIT": -463000.0,
        "Net Interest Income": 55000.0,
        "Interest Expense": NaN,
        "Interest Income": NaN,
        "Normalized Income": -282000.0,
        "Net Income From Continuing And Discontinued Operation": -282000.0,
        "Total Expenses": 224030000.0,
        "Total Operating Income As Reported": -463000.0,
        "Diluted Average Shares": 21762000.0,
        "Basic Average Shares": 21762000.0,
        "Diluted EPS": -0.01,
        "Basic EPS": -0.01,
        "Diluted NI Availto Com Stockholders": -282000.0,
        "Net Income Common Stockholders": -282000.0,
        "Net Income": -282000.0,
        "Net Income Including Noncontrolling Interests": -282000.0,
        "Net Income Continuous Operations": -282000.0,
        "Tax Provision": -126000.0,
        "Pretax Income": -408000.0,
        "Net Non Operating Interest Income Expense": 55000.0,
        "Total Other Finance Cost": -55000.0,
        "Interest Expense Non Operating": NaN,
        "Interest Income Non Operating": NaN,
        "Operating Income": -463000.0,
        "Operating Expense": 72366000.0,
        "Selling General And Administration": 72366000.0,
        "Gross Profit": 71903000.0,
        "Cost Of Revenue": 151664000.0,
        "Total Revenue": 223567000.0,
        "Operating Revenue": 223567000.0
    },
    "2022-03-31": {
        "Diluted EPS": 0.41,
        "Total Revenue": 242,
        "Gross Profit": 86,
        "Operating Income": 11,
        "EBIT": 15,
        "Net Income": 9
    },
    "2021-12-31": {
        "Diluted EPS": 0.89,
        "Total Revenue": 273,
        "Gross Profit": 103,
        "Operating Income": 27,
        "EBIT": 32,
        "Net Income": 20
    },
    "2021-09-30": {
        "Diluted EPS": 1.07,
        "Total Revenue": 290,
        "Gross Profit": 108,
        "Operating Income": 33,
        "EBIT": 37,
        "Net Income": 24
    },
    "2021-06-30": {
        "Diluted EPS": 1.63,
        "Total Revenue": 326,
        "Gross Profit": 127,
        "Operating Income": 49,
        "EBIT": 53,
        "Net Income": 37
    },
    "2021-03-31": {
        "Diluted EPS": 0.96,
        "Total Revenue": 273,
        "Gross Profit": 98,
        "Operating Income": 28,
        "EBIT": 32,
        "Net Income": 22
    },
    "2020-12-31": {
        "Diluted EPS": 0.97,
        "Total Revenue": 291,
        "Gross Profit": 102,
        "Operating Income": 28,
        "EBIT": 33,
        "Net Income": 21
    },
    "2020-09-30": {
        "Diluted EPS": 1.31,
        "Total Revenue": 305,
        "Gross Profit": 110,
        "Operating Income": 39,
        "EBIT": 43,
        "Net Income": 28
    },
    "2020-06-30": {
        "Diluted EPS": 0.52,
        "Total Revenue": 228,
        "Gross Profit": 72,
        "Operating Income": 16,
        "EBIT": 21,
        "Net Income": 11
    },
    "2020-03-31": {
        "Diluted EPS": -0.22,
        "Total Revenue": 218,
        "Gross Profit": 65,
        "Operating Income": -7,
        "EBIT": -2,
        "Net Income": -5
    },
    "2019-12-31": {
        "Diluted EPS": 0.02,
        "Total Revenue": 244,
        "Gross Profit": 77,
        "Operating Income": 2,
        "EBIT": 7,
        "Net Income": 0
    },
    "2019-09-30": {
        "Diluted EPS": 0.3,
        "Total Revenue": 266,
        "Gross Profit": 86,
        "Operating Income": 9,
        "EBIT": 14,
        "Net Income": 6
    },
    "2019-06-30": {
        "Diluted EPS": 0.0,
        "Total Revenue": 241,
        "Gross Profit": 73,
        "Operating Income": 1,
        "EBIT": 6,
        "Net Income": 0
    },
    "2019-03-31": {
        "Diluted EPS": 0.08,
        "Total Revenue": 245,
        "Gross Profit": 76,
        "Operating Income": 3,
        "EBIT": 8,
        "Net Income": 2
    },
    "2018-12-31": {
        "Diluted EPS": -0.25,
        "Total Revenue": 247,
        "Gross Profit": 70,
        "Operating Income": -6,
        "EBIT": -1,
        "Net Income": -5
    },
    "2018-09-30": {
        "Diluted EPS": 0.15,
        "Total Revenue": 266,
        "Gross Profit": 82,
        "Operating Income": 5,
        "EBIT": 10,
        "Net Income": 3
    },
    "2018-06-30": {
        "Diluted EPS": -0.01,
        "Total Revenue": 240,
        "Gross Profit": 75,
        "Operating Income": 1,
        "EBIT": 5,
        "Net Income": 0
    },
    "2018-03-31": {
        "Diluted EPS": -0.06,
        "Total Revenue": 234,
        "Gross Profit": 73,
        "Operating Income": -1,
        "EBIT": 4,
        "Net Income": -1
    },
    "2017-12-31": {
        "Diluted EPS": -0.6,
        "Total Revenue": 243,
        "Gross Profit": 73,
        "Operating Income": -8,
        "EBIT": 1,
        "Net Income": -13
    },
    "2017-09-30": {
        "Diluted EPS": 0.28,
        "Total Revenue": 270,
        "Gross Profit": 88,
        "Operating Income": 10,
        "EBIT": 15,
        "Net Income": 6
    },
    "2017-06-30": {
        "Diluted EPS": 0.13,
        "Total Revenue": 244,
        "Gross Profit": 79,
        "Operating Income": 5,
        "EBIT": 10,
        "Net Income": 3
    },
    "2017-03-31": {
        "Diluted EPS": 0.24,
        "Total Revenue": 253,
        "Gross Profit": 84,
        "Operating Income": 9,
        "EBIT": 14,
        "Net Income": 5
    },
    "2016-12-31": {
        "Diluted EPS": 0.34,
        "Total Revenue": 266,
        "Gross Profit": 87,
        "Operating Income": 12,
        "EBIT": 17,
        "Net Income": 8
    },
    "2016-09-30": {
        "Diluted EPS": 0.38,
        "Total Revenue": 279,
        "Gross Profit": 90,
        "Operating Income": 14,
        "EBIT": 19,
        "Net Income": 8
    },
    "2016-06-30": {
        "Diluted EPS": 0.1,
        "Total Revenue": 241,
        "Gross Profit": 76,
        "Operating Income": 4,
        "EBIT": 9,
        "Net Income": 2
    },
    "2016-03-31": {
        "Diluted EPS": -0.05,
        "Total Revenue": 235,
        "Gross Profit": 71,
        "Operating Income": 0,
        "EBIT": 4,
        "Net Income": -1
    },
    "2015-12-31": {
        "Diluted EPS": 0.19,
        "Total Revenue": 275,
        "Gross Profit": 86,
        "Operating Income": 7,
        "EBIT": 13,
        "Net Income": 4
    },
    "2015-09-30": {
        "Diluted EPS": 0.28,
        "Total Revenue": 270,
        "Gross Profit": 85,
        "Operating Income": 10,
        "EBIT": 16,
        "Net Income": 6
    },
    "2015-06-30": {
        "Diluted EPS": 0.12,
        "Total Revenue": 240,
        "Gross Profit": 77,
        "Operating Income": 5,
        "EBIT": 10,
        "Net Income": 3
    },
    "2015-03-31": {
        "Diluted EPS": 0.11,
        "Total Revenue": 244,
        "Gross Profit": 77,
        "Operating Income": 4,
        "EBIT": 10,
        "Net Income": 2
    },
    "2014-12-31": {
        "Diluted EPS": 0.13,
        "Total Revenue": 250,
        "Gross Profit": 79,
        "Operating Income": 5,
        "EBIT": 10,
        "Net Income": 3
    },
    "2014-09-30": {
        "Diluted EPS": 0.34,
        "Total Revenue": 265,
        "Gross Profit": 86,
        "Operating Income": 12,
        "EBIT": 18,
        "Net Income": 7
    },
    "2014-06-30": {
        "Diluted EPS": 0.11,
        "Total Revenue": 231,
        "Gross Profit": 76,
        "Operating Income": 4,
        "EBIT": 10,
        "Net Income": 3
    },
    "2014-03-31": {
        "Diluted EPS": 0.09,
        "Total Revenue": 231,
        "Gross Profit": 73,
        "Operating Income": 4,
        "EBIT": 9,
        "Net Income": 2
    },
    "2013-12-31": {
        "Diluted EPS": 0.24,
        "Total Revenue": 248,
        "Gross Profit": 81,
        "Operating Income": 9,
        "EBIT": 14,
        "Net Income": 5
    },
    "2013-09-30": {
        "Diluted EPS": 0.41,
        "Total Revenue": 259,
        "Gross Profit": 88,
        "Operating Income": 15,
        "EBIT": 21,
        "Net Income": 9
    },
    "2013-06-30": {
        "Diluted EPS": 0.28,
        "Total Revenue": 240,
        "Gross Profit": 80,
        "Operating Income": 10,
        "EBIT": 15,
        "Net Income": 6
    },
    "2013-03-31": {
        "Diluted EPS": 0.34,
        "Total Revenue": 246,
        "Gross Profit": 80,
        "Operating Income": 13,
        "EBIT": 17,
        "Net Income": 8
    },
    "2012-12-31": {
        "Diluted EPS": 0.18,
        "Total Revenue": 244,
        "Gross Profit": 78,
        "Operating Income": 7,
        "EBIT": 12,
        "Net Income": 4
    },
    "2012-09-30": {
        "Diluted EPS": 0.38,
        "Total Revenue": 252,
        "Gross Profit": 84,
        "Operating Income": 13,
        "EBIT": 18,
        "Net Income": 8
    },
    "2012-06-30": {
        "Diluted EPS": 0.12,
        "Total Revenue": 227,
        "Gross Profit": 73,
        "Operating Income": 4,
        "EBIT": 9,
        "Net Income": 3
    },
    "2012-03-31": {
        "Diluted EPS": 0.01,
        "Total Revenue": 218,
        "Gross Profit": 67,
        "Operating Income": 1,
        "EBIT": 6,
        "Net Income": 0
    },
    "2011-12-31": {
        "Diluted EPS": -0.01,
        "Total Revenue": 227,
        "Gross Profit": 71,
        "Operating Income": 0,
        "EBIT": 5,
        "Net Income": 0
    },
    "2011-09-30": {
        "Diluted EPS": 0.27,
        "Total Revenue": 235,
        "Gross Profit": 77,
        "Operating Income": 10,
        "EBIT": 14,
        "Net Income": 6
    },
    "2011-06-30": {
        "Diluted EPS": 0.14,
        "Total Revenue": 220,
        "Gross Profit": 72,
        "Operating Income": 5,
        "EBIT": 10,
        "Net Income": 3
    },
    "2011-03-31": {
        "Diluted EPS": 0.13,
        "Total Revenue": 221,
        "Gross Profit": 72,
        "Operating Income": 5,
        "EBIT": 10,
        "Net Income": 3
    },
    "2010-12-31": {
        "Diluted EPS": 0.18,
        "Total Revenue": 227,
        "Gross Profit": 76,
        "Operating Income": 7,
        "EBIT": 11,
        "Net Income": 4
    },
    "2010-09-30": {
        "Diluted EPS": 0.31,
        "Total Revenue": 232,
        "Gross Profit": 77,
        "Operating Income": 11,
        "EBIT": 16,
        "Net Income": 7
    },
    "2010-06-30": {
        "Diluted EPS": 0.22,
        "Total Revenue": 220,
        "Gross Profit": 73,
        "Operating Income": 8,
        "EBIT": 13,
        "Net Income": 5
    },
    "2010-03-31": {
        "Diluted EPS": 0.23,
        "Total Revenue": 219,
        "Gross Profit": 72,
        "Operating Income": 8,
        "EBIT": 13,
        "Net Income": 5
    },
    "2009-12-31": {
        "Diluted EPS": 0.29,
        "Total Revenue": 238,
        "Gross Profit": 81,
        "Operating Income": 11,
        "EBIT": 16,
        "Net Income": 6
    },
    "2009-09-30": {
        "Diluted EPS": 0.37,
        "Total Revenue": 232,
        "Gross Profit": 79,
        "Operating Income": 13,
        "EBIT": 18,
        "Net Income": 8
    },
    "2009-06-30": {
        "Diluted EPS": 0.22,
        "Total Revenue": 216,
        "Gross Profit": 71,
        "Operating Income": 8,
        "EBIT": 13,
        "Net Income": 5
    },
    "2009-03-31": {
        "Diluted EPS": 0.13,
        "Total Revenue": 210,
        "Gross Profit": 67,
        "Operating Income": 5,
        "EBIT": 10,
        "Net Income": 3
    }
}