{
    "2023-06-30": {
        "Tax Effect Of Unusual Items": -719853.0,
        "Tax Rate For Calcs": 0.219,
        "Normalized EBITDA": 40900000.0,
        "Total Unusual Items": -3287000.0,
        "Total Unusual Items Excluding Goodwill": -3287000.0,
        "Net Income From Continuing Operation Net Minority Interest": 13991000.0,
        "Reconciled Depreciation": 11449000.0,
        "Reconciled Cost Of Revenue": 656343000.0,
        "EBITDA": 37613000.0,
        "EBIT": 26164000.0,
        "Net Interest Income": -6636000.0,
        "Interest Expense": 8258000.0,
        "Interest Income": 1622000.0,
        "Normalized Income": 16558147.0,
        "Net Income From Continuing And Discontinued Operation": 13991000.0,
        "Total Expenses": 705464000.0,
        "Total Operating Income As Reported": 24481000.0,
        "Diluted Average Shares": 35676000.0,
        "Basic Average Shares": 35618000.0,
        "Diluted EPS": 0.39,
        "Basic EPS": 0.39,
        "Diluted NI Availto Com Stockholders": 13991000.0,
        "Net Income Common Stockholders": 13991000.0,
        "Net Income": 13991000.0,
        "Net Income Including Noncontrolling Interests": 13991000.0,
        "Net Income Continuous Operations": 13991000.0,
        "Tax Provision": 3915000.0,
        "Pretax Income": 17906000.0,
        "Other Income Expense": -3226000.0,
        "Other Non Operating Income Expenses": 61000.0,
        "Special Income Charges": -3287000.0,
        "Restructuring And Mergern Acquisition": 3287000.0,
        "Net Non Operating Interest Income Expense": -6636000.0,
        "Interest Expense Non Operating": 8258000.0,
        "Interest Income Non Operating": 1622000.0,
        "Operating Income": 27768000.0,
        "Operating Expense": 39263000.0,
        "Depreciation Amortization Depletion Income Statement": 1591000.0,
        "Depreciation And Amortization In Income Statement": 1591000.0,
        "Amortization": 1591000.0,
        "Amortization Of Intangibles Income Statement": 1591000.0,
        "Selling General And Administration": 37672000.0,
        "Gross Profit": 67031000.0,
        "Cost Of Revenue": 666201000.0,
        "Total Revenue": 733232000.0,
        "Operating Revenue": 733232000.0
    },
    "2023-03-31": {
        "Tax Effect Of Unusual Items": -280922.0,
        "Tax Rate For Calcs": 0.197,
        "Normalized EBITDA": 34361000.0,
        "Total Unusual Items": -1426000.0,
        "Total Unusual Items Excluding Goodwill": -1426000.0,
        "Net Income From Continuing Operation Net Minority Interest": 12360000.0,
        "Reconciled Depreciation": 11100000.0,
        "Reconciled Cost Of Revenue": 621229000.0,
        "EBITDA": 32935000.0,
        "EBIT": 21835000.0,
        "Net Interest Income": -5192000.0,
        "Interest Expense": 6450000.0,
        "Interest Income": 1258000.0,
        "Normalized Income": 13505078.0,
        "Net Income From Continuing And Discontinued Operation": 12360000.0,
        "Total Expenses": 670527000.0,
        "Total Operating Income As Reported": 22742000.0,
        "Diluted Average Shares": 35592000.0,
        "Basic Average Shares": 35336000.0,
        "Diluted EPS": 0.35,
        "Basic EPS": 0.35,
        "Diluted NI Availto Com Stockholders": 12360000.0,
        "Net Income Common Stockholders": 12360000.0,
        "Net Income": 12360000.0,
        "Net Income Including Noncontrolling Interests": 12360000.0,
        "Net Income Continuous Operations": 12360000.0,
        "Tax Provision": 3025000.0,
        "Pretax Income": 15385000.0,
        "Other Income Expense": -3591000.0,
        "Other Non Operating Income Expenses": -2165000.0,
        "Special Income Charges": -1426000.0,
        "Restructuring And Mergern Acquisition": 1426000.0,
        "Net Non Operating Interest Income Expense": -5192000.0,
        "Interest Expense Non Operating": 6450000.0,
        "Interest Income Non Operating": 1258000.0,
        "Operating Income": 24168000.0,
        "Operating Expense": 39790000.0,
        "Depreciation Amortization Depletion Income Statement": 1592000.0,
        "Depreciation And Amortization In Income Statement": 1592000.0,
        "Amortization": 1592000.0,
        "Amortization Of Intangibles Income Statement": 1592000.0,
        "Selling General And Administration": 38198000.0,
        "Gross Profit": 63958000.0,
        "Cost Of Revenue": 630737000.0,
        "Total Revenue": 694695000.0,
        "Operating Revenue": 694695000.0
    },
    "2022-12-31": {
        "Tax Effect Of Unusual Items": -773149.502421,
        "Tax Rate For Calcs": 0.190948,
        "Normalized EBITDA": 47007000.0,
        "Total Unusual Items": -4049000.0,
        "Total Unusual Items Excluding Goodwill": -4049000.0,
        "Net Income From Continuing Operation Net Minority Interest": 21219000.0,
        "Reconciled Depreciation": 11265000.0,
        "Reconciled Cost Of Revenue": 668844000.0,
        "EBITDA": 42958000.0,
        "EBIT": 31693000.0,
        "Net Interest Income": -4579000.0,
        "Interest Expense": 5466000.0,
        "Interest Income": 887000.0,
        "Normalized Income": 24494850.497579,
        "Net Income From Continuing And Discontinued Operation": 21219000.0,
        "Total Expenses": 719649000.0,
        "Total Operating Income As Reported": 26946000.0,
        "Diluted Average Shares": 35630000.0,
        "Basic Average Shares": 35166000.0,
        "Diluted EPS": 0.6,
        "Basic EPS": 0.6,
        "Diluted NI Availto Com Stockholders": 21219000.0,
        "Net Income Common Stockholders": 21219000.0,
        "Net Income": 21219000.0,
        "Net Income Including Noncontrolling Interests": 21219000.0,
        "Net Income Continuous Operations": 21219000.0,
        "Tax Provision": 5008000.0,
        "Pretax Income": 26227000.0,
        "Other Income Expense": -189000.0,
        "Other Non Operating Income Expenses": 3860000.0,
        "Special Income Charges": -4049000.0,
        "Restructuring And Mergern Acquisition": 4049000.0,
        "Net Non Operating Interest Income Expense": -4579000.0,
        "Interest Expense Non Operating": 5466000.0,
        "Interest Income Non Operating": 887000.0,
        "Operating Income": 30995000.0,
        "Operating Expense": 41132000.0,
        "Depreciation Amortization Depletion Income Statement": 1592000.0,
        "Depreciation And Amortization In Income Statement": 1592000.0,
        "Amortization": 1592000.0,
        "Amortization Of Intangibles Income Statement": 1592000.0,
        "Selling General And Administration": 39540000.0,
        "Gross Profit": 72127000.0,
        "Cost Of Revenue": 678517000.0,
        "Total Revenue": 750644000.0,
        "Operating Revenue": 750644000.0
    },
    "2022-09-30": {
        "Tax Effect Of Unusual Items": -256786.583798,
        "Tax Rate For Calcs": 0.192928,
        "Normalized EBITDA": 39279000.0,
        "Total Unusual Items": -1331000.0,
        "Total Unusual Items Excluding Goodwill": -1331000.0,
        "Net Income From Continuing Operation Net Minority Interest": 18829000.0,
        "Reconciled Depreciation": 11125000.0,
        "Reconciled Cost Of Revenue": 695291000.0,
        "EBITDA": 37948000.0,
        "EBIT": 26823000.0,
        "Net Interest Income": -3041000.0,
        "Interest Expense": 3493000.0,
        "Interest Income": 452000.0,
        "Normalized Income": 19903213.416202,
        "Net Income From Continuing And Discontinued Operation": 18829000.0,
        "Total Expenses": 744960000.0,
        "Total Operating Income As Reported": 25284000.0,
        "Diluted Average Shares": 35348000.0,
        "Basic Average Shares": 35151000.0,
        "Diluted EPS": 0.53,
        "Basic EPS": 0.54,
        "Diluted NI Availto Com Stockholders": 18829000.0,
        "Net Income Common Stockholders": 18829000.0,
        "Net Income": 18829000.0,
        "Net Income Including Noncontrolling Interests": 18829000.0,
        "Net Income Continuous Operations": 18829000.0,
        "Tax Provision": 4501000.0,
        "Pretax Income": 23330000.0,
        "Other Income Expense": -244000.0,
        "Other Non Operating Income Expenses": 1087000.0,
        "Special Income Charges": -1331000.0,
        "Restructuring And Mergern Acquisition": 1331000.0,
        "Net Non Operating Interest Income Expense": -3041000.0,
        "Interest Expense Non Operating": 3493000.0,
        "Interest Income Non Operating": 452000.0,
        "Operating Income": 26615000.0,
        "Operating Expense": 40135000.0,
        "Depreciation Amortization Depletion Income Statement": 1591000.0,
        "Depreciation And Amortization In Income Statement": 1591000.0,
        "Amortization": 1591000.0,
        "Amortization Of Intangibles Income Statement": 1591000.0,
        "Selling General And Administration": 38544000.0,
        "Gross Profit": 66750000.0,
        "Cost Of Revenue": 704825000.0,
        "Total Revenue": 771575000.0,
        "Operating Revenue": 771575000.0
    },
    "2022-06-30": {
        "Tax Effect Of Unusual Items": 212230.415179,
        "Tax Rate For Calcs": 0.191199,
        "Normalized EBITDA": 33332000.0,
        "Total Unusual Items": 1110000.0,
        "Total Unusual Items Excluding Goodwill": 1110000.0,
        "Net Income From Continuing Operation Net Minority Interest": 17221000.0,
        "Reconciled Depreciation": 10965000.0,
        "Reconciled Cost Of Revenue": 659900000.0,
        "EBITDA": 34442000.0,
        "EBIT": 23477000.0,
        "Net Interest Income": -1924000.0,
        "Interest Expense": 2185000.0,
        "Interest Income": 261000.0,
        "Normalized Income": 16323230.415179,
        "Net Income From Continuing And Discontinued Operation": 17221000.0,
        "Total Expenses": 706707000.0,
        "Total Operating Income As Reported": 22432000.0,
        "Diluted Average Shares": 35336000.0,
        "Basic Average Shares": 35157000.0,
        "Diluted EPS": 0.49,
        "Basic EPS": 0.49,
        "Diluted NI Availto Com Stockholders": 17221000.0,
        "Net Income Common Stockholders": 17221000.0,
        "Net Income": 17221000.0,
        "Net Income Including Noncontrolling Interests": 17221000.0,
        "Net Income Continuous Operations": 17221000.0,
        "Tax Provision": 4071000.0,
        "Pretax Income": 21292000.0,
        "Other Income Expense": 1894000.0,
        "Other Non Operating Income Expenses": 784000.0,
        "Special Income Charges": 1110000.0,
        "Restructuring And Mergern Acquisition": -1110000.0,
        "Net Non Operating Interest Income Expense": -1924000.0,
        "Interest Expense Non Operating": 2185000.0,
        "Interest Income Non Operating": 261000.0,
        "Operating Income": 21322000.0,
        "Operating Expense": 37434000.0,
        "Depreciation Amortization Depletion Income Statement": 1592000.0,
        "Depreciation And Amortization In Income Statement": 1592000.0,
        "Amortization": 1592000.0,
        "Amortization Of Intangibles Income Statement": 1592000.0,
        "Selling General And Administration": 35842000.0,
        "Gross Profit": 58756000.0,
        "Cost Of Revenue": 669273000.0,
        "Total Revenue": 728029000.0,
        "Operating Revenue": 728029000.0
    },
    "2022-03-31": {
        "Diluted EPS": 0.31,
        "Total Revenue": 636,
        "Gross Profit": 58,
        "Operating Income": 15,
        "EBIT": 26,
        "Net Income": 11
    },
    "2021-12-31": {
        "Diluted EPS": 0.34,
        "Total Revenue": 633,
        "Gross Profit": 62,
        "Operating Income": 19,
        "EBIT": 30,
        "Net Income": 12
    },
    "2021-09-30": {
        "Diluted EPS": 0.23,
        "Total Revenue": 572,
        "Gross Profit": 54,
        "Operating Income": 12,
        "EBIT": 23,
        "Net Income": 8
    },
    "2021-06-30": {
        "Diluted EPS": 0.2,
        "Total Revenue": 545,
        "Gross Profit": 48,
        "Operating Income": 11,
        "EBIT": 22,
        "Net Income": 7
    },
    "2021-03-31": {
        "Diluted EPS": 0.22,
        "Total Revenue": 506,
        "Gross Profit": 42,
        "Operating Income": 12,
        "EBIT": 23,
        "Net Income": 8
    },
    "2020-12-31": {
        "Diluted EPS": 0.21,
        "Total Revenue": 521,
        "Gross Profit": 51,
        "Operating Income": 12,
        "EBIT": 24,
        "Net Income": 8
    },
    "2020-09-30": {
        "Diluted EPS": 0.16,
        "Total Revenue": 526,
        "Gross Profit": 46,
        "Operating Income": 9,
        "EBIT": 21,
        "Net Income": 6
    },
    "2020-06-30": {
        "Diluted EPS": -0.09,
        "Total Revenue": 491,
        "Gross Profit": 35,
        "Operating Income": -2,
        "EBIT": 10,
        "Net Income": -3
    },
    "2020-03-31": {
        "Diluted EPS": 0.1,
        "Total Revenue": 515,
        "Gross Profit": 43,
        "Operating Income": 6,
        "EBIT": 19,
        "Net Income": 4
    },
    "2019-12-31": {
        "Diluted EPS": -0.17,
        "Total Revenue": 508,
        "Gross Profit": 37,
        "Operating Income": -9,
        "EBIT": 3,
        "Net Income": -7
    },
    "2019-09-30": {
        "Diluted EPS": 0.19,
        "Total Revenue": 555,
        "Gross Profit": 49,
        "Operating Income": 10,
        "EBIT": 22,
        "Net Income": 7
    },
    "2019-06-30": {
        "Diluted EPS": 0.24,
        "Total Revenue": 602,
        "Gross Profit": 49,
        "Operating Income": 12,
        "EBIT": 24,
        "Net Income": 9
    },
    "2019-03-31": {
        "Diluted EPS": 0.34,
        "Total Revenue": 603,
        "Gross Profit": 50,
        "Operating Income": 16,
        "EBIT": 28,
        "Net Income": 14
    },
    "2018-12-31": {
        "Diluted EPS": 0.58,
        "Total Revenue": 657,
        "Gross Profit": 40,
        "Operating Income": 15,
        "EBIT": 27,
        "Net Income": 28
    },
    "2018-09-30": {
        "Diluted EPS": 0.17,
        "Total Revenue": 641,
        "Gross Profit": 53,
        "Operating Income": 11,
        "EBIT": 26,
        "Net Income": 8
    },
    "2018-06-30": {
        "Diluted EPS": 0.23,
        "Total Revenue": 661,
        "Gross Profit": 54,
        "Operating Income": 14,
        "EBIT": 27,
        "Net Income": 11
    },
    "2018-03-31": {
        "Diluted EPS": -0.49,
        "Total Revenue": 608,
        "Gross Profit": 58,
        "Operating Income": 18,
        "EBIT": 30,
        "Net Income": -24
    },
    "2017-12-31": {
        "Diluted EPS": -1.52,
        "Total Revenue": 666,
        "Gross Profit": 61,
        "Operating Income": 22,
        "EBIT": 34,
        "Net Income": -76
    },
    "2017-09-30": {
        "Diluted EPS": 0.35,
        "Total Revenue": 611,
        "Gross Profit": 58,
        "Operating Income": 21,
        "EBIT": 33,
        "Net Income": 18
    },
    "2017-06-30": {
        "Diluted EPS": 0.36,
        "Total Revenue": 620,
        "Gross Profit": 59,
        "Operating Income": 23,
        "EBIT": 35,
        "Net Income": 18
    },
    "2017-03-31": {
        "Diluted EPS": 0.17,
        "Total Revenue": 558,
        "Gross Profit": 48,
        "Operating Income": 11,
        "EBIT": 23,
        "Net Income": 9
    },
    "2016-12-31": {
        "Diluted EPS": 0.36,
        "Total Revenue": 619,
        "Gross Profit": 59,
        "Operating Income": 25,
        "EBIT": 38,
        "Net Income": 18
    },
    "2016-09-30": {
        "Diluted EPS": 0.44,
        "Total Revenue": 574,
        "Gross Profit": 53,
        "Operating Income": 18,
        "EBIT": 32,
        "Net Income": 22
    },
    "2016-06-30": {
        "Diluted EPS": 0.26,
        "Total Revenue": 579,
        "Gross Profit": 53,
        "Operating Income": 18,
        "EBIT": 32,
        "Net Income": 13
    },
    "2016-03-31": {
        "Diluted EPS": 0.22,
        "Total Revenue": 549,
        "Gross Profit": 50,
        "Operating Income": 16,
        "EBIT": 30,
        "Net Income": 11
    },
    "2015-12-31": {
        "Diluted EPS": 0.76,
        "Total Revenue": 626,
        "Gross Profit": 57,
        "Operating Income": 22,
        "EBIT": 35,
        "Net Income": 39
    },
    "2015-09-30": {
        "Diluted EPS": 0.4,
        "Total Revenue": 630,
        "Gross Profit": 55,
        "Operating Income": 26,
        "EBIT": 38,
        "Net Income": 21
    },
    "2015-06-30": {
        "Diluted EPS": 0.4,
        "Total Revenue": 664,
        "Gross Profit": 56,
        "Operating Income": 26,
        "EBIT": 39,
        "Net Income": 21
    },
    "2015-03-31": {
        "Diluted EPS": 0.27,
        "Total Revenue": 621,
        "Gross Profit": 52,
        "Operating Income": 19,
        "EBIT": 31,
        "Net Income": 14
    },
    "2014-12-31": {
        "Diluted EPS": 0.43,
        "Total Revenue": 710,
        "Gross Profit": 56,
        "Operating Income": 29,
        "EBIT": 41,
        "Net Income": 23
    },
    "2014-09-30": {
        "Diluted EPS": 0.31,
        "Total Revenue": 731,
        "Gross Profit": 55,
        "Operating Income": 22,
        "EBIT": 34,
        "Net Income": 17
    },
    "2014-06-30": {
        "Diluted EPS": 0.41,
        "Total Revenue": 717,
        "Gross Profit": 58,
        "Operating Income": 27,
        "EBIT": 39,
        "Net Income": 22
    },
    "2014-03-31": {
        "Diluted EPS": 0.35,
        "Total Revenue": 639,
        "Gross Profit": 51,
        "Operating Income": 22,
        "EBIT": 33,
        "Net Income": 19
    },
    "2013-12-31": {
        "Diluted EPS": 1.23,
        "Total Revenue": 757,
        "Gross Profit": 60,
        "Operating Income": 60,
        "EBIT": 72,
        "Net Income": 67
    },
    "2013-09-30": {
        "Diluted EPS": 0.43,
        "Total Revenue": 600,
        "Gross Profit": 45,
        "Operating Income": 29,
        "EBIT": 40,
        "Net Income": 24
    },
    "2013-06-30": {
        "Diluted EPS": 0.16,
        "Total Revenue": 608,
        "Gross Profit": 44,
        "Operating Income": 13,
        "EBIT": 23,
        "Net Income": 8
    },
    "2013-03-31": {
        "Diluted EPS": 0.21,
        "Total Revenue": 542,
        "Gross Profit": 37,
        "Operating Income": 14,
        "EBIT": 24,
        "Net Income": 11
    },
    "2012-12-31": {
        "Diluted EPS": 0.32,
        "Total Revenue": 634,
        "Gross Profit": 45,
        "Operating Income": 25,
        "EBIT": 34,
        "Net Income": 18
    },
    "2012-09-30": {
        "Diluted EPS": 0.34,
        "Total Revenue": 611,
        "Gross Profit": 45,
        "Operating Income": 25,
        "EBIT": 34,
        "Net Income": 19
    },
    "2012-06-30": {
        "Diluted EPS": 0.24,
        "Total Revenue": 630,
        "Gross Profit": 46,
        "Operating Income": 18,
        "EBIT": 27,
        "Net Income": 14
    },
    "2012-03-31": {
        "Diluted EPS": 0.1,
        "Total Revenue": 593,
        "Gross Profit": 41,
        "Operating Income": 8,
        "EBIT": 16,
        "Net Income": 6
    },
    "2011-12-31": {
        "Diluted EPS": 0.05,
        "Total Revenue": 559,
        "Gross Profit": 29,
        "Operating Income": 0,
        "EBIT": 9,
        "Net Income": 3
    },
    "2011-09-30": {
        "Diluted EPS": 0.34,
        "Total Revenue": 570,
        "Gross Profit": 35,
        "Operating Income": 12,
        "EBIT": 20,
        "Net Income": 20
    },
    "2011-06-30": {
        "Diluted EPS": 0.24,
        "Total Revenue": 586,
        "Gross Profit": 38,
        "Operating Income": 14,
        "EBIT": 23,
        "Net Income": 15
    },
    "2011-03-31": {
        "Diluted EPS": 0.24,
        "Total Revenue": 538,
        "Gross Profit": 38,
        "Operating Income": 16,
        "EBIT": 24,
        "Net Income": 15
    },
    "2010-12-31": {
        "Diluted EPS": 0.3,
        "Total Revenue": 627,
        "Gross Profit": 49,
        "Operating Income": 21,
        "EBIT": 30,
        "Net Income": 19
    },
    "2010-09-30": {
        "Diluted EPS": 0.36,
        "Total Revenue": 614,
        "Gross Profit": 47,
        "Operating Income": 23,
        "EBIT": 33,
        "Net Income": 22
    },
    "2010-06-30": {
        "Diluted EPS": 0.32,
        "Total Revenue": 589,
        "Gross Profit": 46,
        "Operating Income": 23,
        "EBIT": 33,
        "Net Income": 20
    },
    "2010-03-31": {
        "Diluted EPS": 0.29,
        "Total Revenue": 572,
        "Gross Profit": 45,
        "Operating Income": 21,
        "EBIT": 31,
        "Net Income": 18
    },
    "2009-12-31": {
        "Diluted EPS": 0.25,
        "Total Revenue": 600,
        "Gross Profit": 43,
        "Operating Income": 18,
        "EBIT": 28,
        "Net Income": 16
    },
    "2009-09-30": {
        "Diluted EPS": 0.25,
        "Total Revenue": 510,
        "Gross Profit": 37,
        "Operating Income": 12,
        "EBIT": 22,
        "Net Income": 16
    },
    "2009-06-30": {
        "Diluted EPS": 0.18,
        "Total Revenue": 482,
        "Gross Profit": 35,
        "Operating Income": 12,
        "EBIT": 22,
        "Net Income": 12
    },
    "2009-03-31": {
        "Diluted EPS": 0.14,
        "Total Revenue": 497,
        "Gross Profit": 32,
        "Operating Income": 10,
        "EBIT": 20,
        "Net Income": 9
    },
    "2023-09-30": {
        "Tax Effect Of Unusual Items": -330270.0,
        "Tax Rate For Calcs": 0.202,
        "Normalized EBITDA": 47257000.0,
        "Total Unusual Items": -1635000.0,
        "Total Unusual Items Excluding Goodwill": -1635000.0,
        "Net Income From Continuing Operation Net Minority Interest": 20412000.0,
        "Reconciled Depreciation": 11554000.0,
        "Reconciled Cost Of Revenue": 640656000.0,
        "EBITDA": 45622000.0,
        "EBIT": 34068000.0,
        "Net Interest Income": -7132000.0,
        "Interest Expense": 8475000.0,
        "Interest Income": 1343000.0,
        "Normalized Income": 21716730.0,
        "Net Income From Continuing And Discontinued Operation": 20412000.0,
        "Total Expenses": 687719000.0,
        "Total Operating Income As Reported": 30341000.0,
        "Diluted Average Shares": 35876000.0,
        "Basic Average Shares": 35647000.0,
        "Diluted EPS": 0.57,
        "Basic EPS": 0.57,
        "Diluted NI Availto Com Stockholders": 20412000.0,
        "Net Income Common Stockholders": 20412000.0,
        "Net Income": 20412000.0,
        "Net Income Including Noncontrolling Interests": 20412000.0,
        "Net Income Continuous Operations": 20412000.0,
        "Tax Provision": 5181000.0,
        "Pretax Income": 25593000.0,
        "Other Income Expense": 749000.0,
        "Other Non Operating Income Expenses": 2384000.0,
        "Special Income Charges": -1635000.0,
        "Restructuring And Mergern Acquisition": 1635000.0,
        "Net Non Operating Interest Income Expense": -7132000.0,
        "Interest Expense Non Operating": 8475000.0,
        "Interest Income Non Operating": 1343000.0,
        "Operating Income": 31976000.0,
        "Operating Expense": 37101000.0,
        "Depreciation Amortization Depletion Income Statement": 1592000.0,
        "Depreciation And Amortization In Income Statement": 1592000.0,
        "Amortization": 1592000.0,
        "Amortization Of Intangibles Income Statement": 1592000.0,
        "Selling General And Administration": 35509000.0,
        "Gross Profit": 69077000.0,
        "Cost Of Revenue": 650618000.0,
        "Total Revenue": 719695000.0,
        "Operating Revenue": 719695000.0
    },
    "2023-12-31": {
        "Tax Effect Of Unusual Items": -439932.664756,
        "Tax Rate For Calcs": 0.214183,
        "Normalized EBITDA": 44389000.0,
        "Total Unusual Items": -2054000.0,
        "Total Unusual Items Excluding Goodwill": -2054000.0,
        "Net Income From Continuing Operation Net Minority Interest": 17552000.0,
        "Reconciled Depreciation": 11307000.0,
        "Reconciled Cost Of Revenue": 610247000.0,
        "EBITDA": 42335000.0,
        "EBIT": 31028000.0,
        "Net Interest Income": -6659000.0,
        "Interest Expense": 8692000.0,
        "Interest Income": 2033000.0,
        "Normalized Income": 19166067.335244,
        "Net Income From Continuing And Discontinued Operation": 17552000.0,
        "Total Expenses": 657200000.0,
        "Total Operating Income As Reported": 32100000.0,
        "Diluted Average Shares": 35956000.0,
        "Basic Average Shares": 35658000.0,
        "Diluted EPS": 0.49,
        "Basic EPS": 0.49,
        "Diluted NI Availto Com Stockholders": 17552000.0,
        "Net Income Common Stockholders": 17552000.0,
        "Net Income": 17552000.0,
        "Net Income Including Noncontrolling Interests": 17552000.0,
        "Net Income Continuous Operations": 17552000.0,
        "Tax Provision": 4784000.0,
        "Pretax Income": 22336000.0,
        "Other Income Expense": -5159000.0,
        "Other Non Operating Income Expenses": -3105000.0,
        "Special Income Charges": -2054000.0,
        "Restructuring And Mergern Acquisition": 2054000.0,
        "Net Non Operating Interest Income Expense": -6659000.0,
        "Interest Expense Non Operating": 8692000.0,
        "Interest Income Non Operating": 2033000.0,
        "Operating Income": 34154000.0,
        "Operating Expense": 36850000.0,
        "Depreciation Amortization Depletion Income Statement": 1204000.0,
        "Depreciation And Amortization In Income Statement": 1204000.0,
        "Amortization": 1204000.0,
        "Amortization Of Intangibles Income Statement": 1204000.0,
        "Selling General And Administration": 35646000.0,
        "Gross Profit": 71004000.0,
        "Cost Of Revenue": 620350000.0,
        "Total Revenue": 691354000.0,
        "Operating Revenue": 691354000.0
    },
    "2024-03-31": {
        "Tax Effect Of Unusual Items": -892581.0,
        "Tax Rate For Calcs": 0.267,
        "Normalized EBITDA": 41281000.0,
        "Total Unusual Items": -3343000.0,
        "Total Unusual Items Excluding Goodwill": -3343000.0,
        "Net Income From Continuing Operation Net Minority Interest": 14002000.0,
        "Reconciled Depreciation": 11594000.0,
        "Reconciled Cost Of Revenue": 597777000.0,
        "EBITDA": 37938000.0,
        "EBIT": 26344000.0,
        "Net Interest Income": -5253000.0,
        "Interest Expense": 7245000.0,
        "Interest Income": 1992000.0,
        "Normalized Income": 16452419.0,
        "Net Income From Continuing And Discontinued Operation": 14002000.0,
        "Total Expenses": 646703000.0,
        "Total Operating Income As Reported": 25529000.0,
        "Diluted Average Shares": 36401000.0,
        "Basic Average Shares": 35810000.0,
        "Diluted EPS": 0.38,
        "Basic EPS": 0.39,
        "Diluted NI Availto Com Stockholders": 14002000.0,
        "Net Income Common Stockholders": 14002000.0,
        "Net Income": 14002000.0,
        "Net Income Including Noncontrolling Interests": 14002000.0,
        "Net Income Continuous Operations": 14002000.0,
        "Tax Provision": 5097000.0,
        "Pretax Income": 19099000.0,
        "Other Income Expense": -4520000.0,
        "Other Non Operating Income Expenses": -1177000.0,
        "Special Income Charges": -3343000.0,
        "Restructuring And Mergern Acquisition": 3343000.0,
        "Net Non Operating Interest Income Expense": -5253000.0,
        "Interest Expense Non Operating": 7245000.0,
        "Interest Income Non Operating": 1992000.0,
        "Operating Income": 28872000.0,
        "Operating Expense": 38536000.0,
        "Depreciation Amortization Depletion Income Statement": 1204000.0,
        "Depreciation And Amortization In Income Statement": 1204000.0,
        "Amortization": 1204000.0,
        "Amortization Of Intangibles Income Statement": 1204000.0,
        "Selling General And Administration": 37332000.0,
        "Gross Profit": 67408000.0,
        "Cost Of Revenue": 608167000.0,
        "Total Revenue": 675575000.0,
        "Operating Revenue": 675575000.0
    },
    "2024-06-30": {
        "Tax Effect Of Unusual Items": -357453.0,
        "Tax Rate For Calcs": 0.243,
        "Normalized EBITDA": 40359000.0,
        "Total Unusual Items": -1471000.0,
        "Total Unusual Items Excluding Goodwill": -1471000.0,
        "Net Income From Continuing Operation Net Minority Interest": 15528000.0,
        "Reconciled Depreciation": 11432000.0,
        "Reconciled Cost Of Revenue": 587718000.0,
        "EBITDA": 38888000.0,
        "EBIT": 27456000.0,
        "Net Interest Income": -4407000.0,
        "Interest Expense": 6933000.0,
        "Interest Income": 2526000.0,
        "Normalized Income": 16641547.0,
        "Net Income From Continuing And Discontinued Operation": 15528000.0,
        "Total Expenses": 637172000.0,
        "Total Operating Income As Reported": 27253000.0,
        "Diluted Average Shares": 36497000.0,
        "Basic Average Shares": 36047000.0,
        "Diluted EPS": 0.43,
        "Basic EPS": 0.43,
        "Diluted NI Availto Com Stockholders": 15528000.0,
        "Net Income Common Stockholders": 15528000.0,
        "Net Income": 15528000.0,
        "Net Income Including Noncontrolling Interests": 15528000.0,
        "Net Income Continuous Operations": 15528000.0,
        "Tax Provision": 4995000.0,
        "Pretax Income": 20523000.0,
        "Other Income Expense": -3794000.0,
        "Other Non Operating Income Expenses": -2323000.0,
        "Special Income Charges": -1471000.0,
        "Restructuring And Mergern Acquisition": 1471000.0,
        "Net Non Operating Interest Income Expense": -4407000.0,
        "Interest Expense Non Operating": 6933000.0,
        "Interest Income Non Operating": 2526000.0,
        "Operating Income": 28724000.0,
        "Operating Expense": 39226000.0,
        "Depreciation Amortization Depletion Income Statement": 1204000.0,
        "Depreciation And Amortization In Income Statement": 1204000.0,
        "Amortization": 1204000.0,
        "Amortization Of Intangibles Income Statement": 1204000.0,
        "Selling General And Administration": 38022000.0,
        "Gross Profit": 67950000.0,
        "Cost Of Revenue": 597946000.0,
        "Total Revenue": 665896000.0,
        "Operating Revenue": 665896000.0
    }
}