{
    "2023-03-31": {
        "Tax Effect Of Unusual Items": -704970.0,
        "Tax Rate For Calcs": 0.21,
        "Normalized EBITDA": -72498000.0,
        "Total Unusual Items": -3357000.0,
        "Total Unusual Items Excluding Goodwill": -3357000.0,
        "Net Income From Continuing Operation Net Minority Interest": -100342000.0,
        "Reconciled Depreciation": 9891000.0,
        "Reconciled Cost Of Revenue": 688515000.0,
        "EBITDA": -75855000.0,
        "EBIT": -85746000.0,
        "Net Interest Income": -7787000.0,
        "Interest Expense": 7787000.0,
        "Normalized Income": -97689970.0,
        "Net Income From Continuing And Discontinued Operation": -175011000.0,
        "Total Expenses": 838730000.0,
        "Total Operating Income As Reported": -85746000.0,
        "Diluted Average Shares": 7894175.0,
        "Basic Average Shares": 7894175.0,
        "Diluted EPS": -24.0,
        "Basic EPS": -24.0,
        "Diluted NI Availto Com Stockholders": -186905000.0,
        "Net Income Common Stockholders": -186905000.0,
        "Preferred Stock Dividends": 11894000.0,
        "Net Income": -175011000.0,
        "Minority Interests": -5550000.0,
        "Net Income Including Noncontrolling Interests": -169461000.0,
        "Net Income Discontinuous Operations": -74669000.0,
        "Net Income Continuous Operations": -94792000.0,
        "Tax Provision": 1259000.0,
        "Pretax Income": -93533000.0,
        "Other Income Expense": -3357000.0,
        "Other Non Operating Income Expenses": NaN,
        "Special Income Charges": -3357000.0,
        "Impairment Of Capital Assets": NaN,
        "Restructuring And Mergern Acquisition": 3357000.0,
        "Gain On Sale Of Security": NaN,
        "Net Non Operating Interest Income Expense": -7787000.0,
        "Interest Expense Non Operating": 7787000.0,
        "Operating Income": -82389000.0,
        "Operating Expense": 150215000.0,
        "Other Operating Expenses": 140324000.0,
        "Other Taxes": NaN,
        "Provision For Doubtful Accounts": NaN,
        "Depreciation Amortization Depletion Income Statement": 9891000.0,
        "Depreciation And Amortization In Income Statement": 9891000.0,
        "Selling General And Administration": 129213000.0,
        "Selling And Marketing Expense": 20344000.0,
        "General And Administrative Expense": 108869000.0,
        "Other Gand A": 23661000.0,
        "Salaries And Wages": 85208000.0,
        "Gross Profit": 67826000.0,
        "Cost Of Revenue": 688515000.0,
        "Total Revenue": 756341000.0,
        "Operating Revenue": 756295000.0
    },
    "2022-12-31": {
        "Tax Effect Of Unusual Items": -484986.937681,
        "Tax Rate For Calcs": 0.021968,
        "Normalized EBITDA": -153597000.0,
        "Total Unusual Items": -22077000.0,
        "Total Unusual Items Excluding Goodwill": -22077000.0,
        "Net Income From Continuing Operation Net Minority Interest": -199246000.0,
        "Reconciled Depreciation": 10402000.0,
        "Reconciled Cost Of Revenue": 519291000.0,
        "EBITDA": -175674000.0,
        "EBIT": -186076000.0,
        "Net Interest Income": -6386000.0,
        "Interest Expense": 6386000.0,
        "Normalized Income": -177653986.937681,
        "Net Income From Continuing And Discontinued Operation": -679573000.0,
        "Total Expenses": 715424000.0,
        "Total Operating Income As Reported": -186076000.0,
        "Diluted Average Shares": 7854284.0,
        "Basic Average Shares": 7854284.0,
        "Diluted EPS": -88.0,
        "Basic EPS": -88.0,
        "Diluted NI Availto Com Stockholders": -691177000.0,
        "Net Income Common Stockholders": -691177000.0,
        "Preferred Stock Dividends": 11604000.0,
        "Net Income": -679573000.0,
        "Minority Interests": -11012000.0,
        "Net Income Including Noncontrolling Interests": -668561000.0,
        "Net Income Discontinuous Operations": -480327000.0,
        "Net Income Continuous Operations": -188234000.0,
        "Tax Provision": -4228000.0,
        "Pretax Income": -192462000.0,
        "Other Income Expense": -22077000.0,
        "Other Non Operating Income Expenses": 0.0,
        "Special Income Charges": -22077000.0,
        "Impairment Of Capital Assets": 1208000.0,
        "Restructuring And Mergern Acquisition": 20869000.0,
        "Gain On Sale Of Security": NaN,
        "Net Non Operating Interest Income Expense": -6386000.0,
        "Interest Expense Non Operating": 6386000.0,
        "Operating Income": -163999000.0,
        "Operating Expense": 196133000.0,
        "Other Operating Expenses": 185731000.0,
        "Other Taxes": -192475000.0,
        "Provision For Doubtful Accounts": NaN,
        "Depreciation Amortization Depletion Income Statement": 10402000.0,
        "Depreciation And Amortization In Income Statement": 10402000.0,
        "Selling General And Administration": -340574000.0,
        "Selling And Marketing Expense": -167118000.0,
        "General And Administrative Expense": -173456000.0,
        "Other Gand A": -182215000.0,
        "Salaries And Wages": 8759000.0,
        "Gross Profit": 32134000.0,
        "Cost Of Revenue": 519291000.0,
        "Total Revenue": 551425000.0,
        "Operating Revenue": 554225000.0
    },
    "2022-09-30": {
        "Tax Effect Of Unusual Items": -24522960.0,
        "Tax Rate For Calcs": 0.21,
        "Normalized EBITDA": -122013000.0,
        "Total Unusual Items": -116776000.0,
        "Total Unusual Items Excluding Goodwill": -116776000.0,
        "Net Income From Continuing Operation Net Minority Interest": -306071000.0,
        "Reconciled Depreciation": 13903000.0,
        "Reconciled Cost Of Revenue": 1456863000.0,
        "EBITDA": -238789000.0,
        "EBIT": -252693000.0,
        "Net Interest Income": -4905000.0,
        "Interest Expense": 4905000.0,
        "Normalized Income": -213817960.0,
        "Net Income From Continuing And Discontinued Operation": -306071000.0,
        "Total Expenses": 1768211000.0,
        "Total Operating Income As Reported": -252695000.0,
        "Diluted Average Shares": 7871475.0,
        "Basic Average Shares": 7871475.0,
        "Diluted EPS": -40.0,
        "Basic EPS": -40.0,
        "Diluted NI Availto Com Stockholders": -315755000.0,
        "Net Income Common Stockholders": -315755000.0,
        "Preferred Stock Dividends": 9684000.0,
        "Net Income": -306071000.0,
        "Minority Interests": -46710000.0,
        "Net Income Including Noncontrolling Interests": -259361000.0,
        "Net Income Discontinuous Operations": NaN,
        "Net Income Continuous Operations": -259361000.0,
        "Tax Provision": 1763000.0,
        "Pretax Income": -257598000.0,
        "Other Income Expense": -116774000.0,
        "Other Non Operating Income Expenses": 2000.0,
        "Special Income Charges": -116776000.0,
        "Impairment Of Capital Assets": 116776000.0,
        "Restructuring And Mergern Acquisition": NaN,
        "Gain On Sale Of Security": NaN,
        "Net Non Operating Interest Income Expense": -4905000.0,
        "Interest Expense Non Operating": 4905000.0,
        "Operating Income": -135919000.0,
        "Operating Expense": 311349000.0,
        "Other Operating Expenses": 297445000.0,
        "Other Taxes": 60708000.0,
        "Provision For Doubtful Accounts": NaN,
        "Depreciation Amortization Depletion Income Statement": 13904000.0,
        "Depreciation And Amortization In Income Statement": 13904000.0,
        "Selling General And Administration": 299625000.0,
        "Selling And Marketing Expense": 77721000.0,
        "General And Administrative Expense": 221904000.0,
        "Other Gand A": 112275000.0,
        "Salaries And Wages": 109629000.0,
        "Gross Profit": 175430000.0,
        "Cost Of Revenue": 1456862000.0,
        "Total Revenue": 1632292000.0,
        "Operating Revenue": 1620561000.0
    },
    "2022-06-30": {
        "Tax Effect Of Unusual Items": 0.0,
        "Tax Rate For Calcs": 0.4,
        "Normalized EBITDA": -234860000.0,
        "Total Unusual Items": NaN,
        "Total Unusual Items Excluding Goodwill": NaN,
        "Net Income From Continuing Operation Net Minority Interest": -274666000.0,
        "Reconciled Depreciation": 13229000.0,
        "Reconciled Cost Of Revenue": 1398166000.0,
        "EBITDA": -234860000.0,
        "EBIT": -248089000.0,
        "Net Interest Income": -337000.0,
        "Interest Expense": 337000.0,
        "Normalized Income": -274666000.0,
        "Net Income From Continuing And Discontinued Operation": -274666000.0,
        "Total Expenses": 1824715000.0,
        "Total Operating Income As Reported": -248087000.0,
        "Diluted Average Shares": 7865000.0,
        "Basic Average Shares": 7865000.0,
        "Diluted EPS": -36.13,
        "Basic EPS": -36.13,
        "Diluted NI Availto Com Stockholders": -284127000.0,
        "Net Income Common Stockholders": -284127000.0,
        "Preferred Stock Dividends": 9461000.0,
        "Net Income": -274666000.0,
        "Minority Interests": -23336000.0,
        "Net Income Including Noncontrolling Interests": -251330000.0,
        "Net Income Discontinuous Operations": NaN,
        "Net Income Continuous Operations": -251330000.0,
        "Tax Provision": 2904000.0,
        "Pretax Income": -248426000.0,
        "Other Income Expense": -2000.0,
        "Other Non Operating Income Expenses": -2000.0,
        "Special Income Charges": NaN,
        "Impairment Of Capital Assets": NaN,
        "Restructuring And Mergern Acquisition": NaN,
        "Net Non Operating Interest Income Expense": -337000.0,
        "Interest Expense Non Operating": 337000.0,
        "Operating Income": -248087000.0,
        "Operating Expense": 426549000.0,
        "Other Operating Expenses": 413320000.0,
        "Other Taxes": 66274000.0,
        "Depreciation Amortization Depletion Income Statement": 13229000.0,
        "Depreciation And Amortization In Income Statement": 13229000.0,
        "Selling General And Administration": 293735000.0,
        "Selling And Marketing Expense": 79930000.0,
        "General And Administrative Expense": 213805000.0,
        "Other Gand A": 109176000.0,
        "Salaries And Wages": 104629000.0,
        "Gross Profit": 178462000.0,
        "Cost Of Revenue": 1398166000.0,
        "Total Revenue": 1576628000.0,
        "Operating Revenue": 1587379000.0
    },
    "2022-03-31": {
        "Diluted EPS": -25.6,
        "Total Revenue": 613,
        "Gross Profit": 19,
        "Operating Income": -160,
        "EBIT": -140,
        "Net Income": -204
    },
    "2021-12-31": {
        "Diluted EPS": -104.0,
        "Total Revenue": 380,
        "Gross Profit": 20,
        "Operating Income": -177,
        "EBIT": -167,
        "Net Income": -817
    },
    "2021-09-30": {
        "Diluted EPS": -38.4,
        "Total Revenue": NaN,
        "Gross Profit": 28,
        "Operating Income": -296,
        "EBIT": -282,
        "Net Income": -301
    },
    "2021-06-30": {
        "Diluted EPS": -22.4,
        "Total Revenue": NaN,
        "Gross Profit": 209,
        "Operating Income": -59,
        "EBIT": -52,
        "Net Income": -45
    },
    "2021-03-31": {
        "Diluted EPS": -14.4,
        "Total Revenue": 875,
        "Gross Profit": 190,
        "Operating Income": -23,
        "EBIT": -18,
        "Net Income": -25
    },
    "2020-12-31": {
        "Diluted EPS": 0.0,
        "Total Revenue": NaN,
        "Gross Profit": NaN,
        "Operating Income": NaN,
        "EBIT": NaN,
        "Net Income": NaN
    },
    "2020-09-30": {
        "Diluted EPS": -34.4,
        "Total Revenue": 352,
        "Gross Profit": 41,
        "Operating Income": -59,
        "EBIT": -57,
        "Net Income": -59
    },
    "2020-06-30": {
        "Diluted EPS": -10.4,
        "Total Revenue": 297,
        "Gross Profit": 64,
        "Operating Income": -27,
        "EBIT": -27,
        "Net Income": -18
    },
    "2019-12-31": {
        "Diluted EPS": 0.0,
        "Total Revenue": NaN,
        "Gross Profit": NaN,
        "Operating Income": NaN,
        "EBIT": NaN,
        "Net Income": NaN
    },
    "2018-12-31": {
        "Diluted EPS": 0.0,
        "Total Revenue": NaN,
        "Gross Profit": NaN,
        "Operating Income": NaN,
        "EBIT": NaN,
        "Net Income": NaN
    },
    "2023-06-30": {
        "Tax Effect Of Unusual Items": -35177.387675,
        "Tax Rate For Calcs": 0.027375,
        "Normalized EBITDA": -15994000.0,
        "Total Unusual Items": -1285000.0,
        "Total Unusual Items Excluding Goodwill": -1285000.0,
        "Net Income From Continuing Operation Net Minority Interest": -55897000.0,
        "Reconciled Depreciation": 6135000.0,
        "Reconciled Cost Of Revenue": 243696000.0,
        "EBITDA": -17279000.0,
        "EBIT": -23414000.0,
        "Net Interest Income": -9170000.0,
        "Interest Expense": 9170000.0,
        "Normalized Income": -54647177.387675,
        "Net Income From Continuing And Discontinued Operation": -112832000.0,
        "Total Expenses": 320111000.0,
        "Total Operating Income As Reported": -23414000.0,
        "Diluted Average Shares": 7962000.0,
        "Basic Average Shares": 7962000.0,
        "Diluted EPS": -15.7,
        "Basic EPS": -15.7,
        "Diluted NI Availto Com Stockholders": -125005000.0,
        "Net Income Common Stockholders": -125005000.0,
        "Preferred Stock Dividends": 12173000.0,
        "Net Income": -112832000.0,
        "Minority Interests": -24205000.0,
        "Net Income Including Noncontrolling Interests": -88627000.0,
        "Net Income Discontinuous Operations": -56935000.0,
        "Net Income Continuous Operations": -31692000.0,
        "Tax Provision": -892000.0,
        "Pretax Income": -32584000.0,
        "Other Income Expense": -1285000.0,
        "Other Non Operating Income Expenses": NaN,
        "Special Income Charges": -1285000.0,
        "Impairment Of Capital Assets": NaN,
        "Restructuring And Mergern Acquisition": 1285000.0,
        "Gain On Sale Of Security": NaN,
        "Net Non Operating Interest Income Expense": -9170000.0,
        "Interest Expense Non Operating": 9170000.0,
        "Operating Income": -22129000.0,
        "Operating Expense": 74951000.0,
        "Other Operating Expenses": 70280000.0,
        "Other Taxes": NaN,
        "Provision For Doubtful Accounts": NaN,
        "Depreciation Amortization Depletion Income Statement": 4671000.0,
        "Depreciation And Amortization In Income Statement": 4671000.0,
        "Selling General And Administration": 64580000.0,
        "Selling And Marketing Expense": 630000.0,
        "General And Administrative Expense": 63950000.0,
        "Other Gand A": 21537000.0,
        "Salaries And Wages": 42413000.0,
        "Gross Profit": 52822000.0,
        "Cost Of Revenue": 245160000.0,
        "Total Revenue": 297982000.0,
        "Operating Revenue": 297980000.0
    },
    "2023-09-30": {
        "Tax Effect Of Unusual Items": -2921104.435559,
        "Tax Rate For Calcs": 0.007013,
        "Normalized EBITDA": -51986000.0,
        "Total Unusual Items": -416540000.0,
        "Total Unusual Items Excluding Goodwill": -416540000.0,
        "Net Income From Continuing Operation Net Minority Interest": -566052000.0,
        "Reconciled Depreciation": 4123000.0,
        "Reconciled Cost Of Revenue": 226432000.0,
        "EBITDA": -468526000.0,
        "EBIT": -472649000.0,
        "Net Interest Income": -10041000.0,
        "Interest Expense": 10041000.0,
        "Normalized Income": -152433104.435559,
        "Net Income From Continuing And Discontinued Operation": -633895000.0,
        "Total Expenses": 325508000.0,
        "Total Operating Income As Reported": -462775000.0,
        "Diluted Average Shares": 7977000.0,
        "Basic Average Shares": 7977000.0,
        "Diluted EPS": -81.03,
        "Basic EPS": -81.03,
        "Diluted NI Availto Com Stockholders": -646357000.0,
        "Net Income Common Stockholders": -646357000.0,
        "Preferred Stock Dividends": 12462000.0,
        "Net Income": -633895000.0,
        "Minority Interests": -86747000.0,
        "Net Income Including Noncontrolling Interests": -547148000.0,
        "Net Income Discontinuous Operations": -67843000.0,
        "Net Income Continuous Operations": -479305000.0,
        "Tax Provision": -3385000.0,
        "Pretax Income": -482690000.0,
        "Other Income Expense": -416540000.0,
        "Other Non Operating Income Expenses": NaN,
        "Special Income Charges": -406666000.0,
        "Impairment Of Capital Assets": 401385000.0,
        "Restructuring And Mergern Acquisition": 5281000.0,
        "Gain On Sale Of Security": -9874000.0,
        "Net Non Operating Interest Income Expense": -10041000.0,
        "Interest Expense Non Operating": 10041000.0,
        "Operating Income": -56109000.0,
        "Operating Expense": 99070000.0,
        "Other Operating Expenses": 72532000.0,
        "Other Taxes": NaN,
        "Provision For Doubtful Accounts": 22421000.0,
        "Depreciation Amortization Depletion Income Statement": 4117000.0,
        "Depreciation And Amortization In Income Statement": 4117000.0,
        "Selling General And Administration": NaN,
        "Selling And Marketing Expense": NaN,
        "General And Administrative Expense": NaN,
        "Other Gand A": NaN,
        "Salaries And Wages": NaN,
        "Gross Profit": 42961000.0,
        "Cost Of Revenue": 226438000.0,
        "Total Revenue": 269399000.0,
        "Operating Revenue": 269393000.0
    }
}