{
    "2023-03-31": {
        "Tax Effect Of Unusual Items": NaN,
        "Tax Rate For Calcs": NaN,
        "Normalized EBITDA": NaN,
        "Total Unusual Items": NaN,
        "Total Unusual Items Excluding Goodwill": NaN,
        "Net Income From Continuing Operation Net Minority Interest": NaN,
        "Reconciled Depreciation": NaN,
        "Reconciled Cost Of Revenue": NaN,
        "EBITDA": NaN,
        "EBIT": NaN,
        "Net Interest Income": NaN,
        "Interest Expense": NaN,
        "Normalized Income": NaN,
        "Net Income From Continuing And Discontinued Operation": NaN,
        "Total Expenses": NaN,
        "Total Operating Income As Reported": -21226000.0,
        "Diluted Average Shares": NaN,
        "Basic Average Shares": NaN,
        "Diluted EPS": NaN,
        "Basic EPS": NaN,
        "Diluted NI Availto Com Stockholders": NaN,
        "Net Income Common Stockholders": NaN,
        "Net Income": NaN,
        "Net Income Including Noncontrolling Interests": NaN,
        "Net Income Discontinuous Operations": NaN,
        "Net Income Continuous Operations": NaN,
        "Tax Provision": NaN,
        "Pretax Income": NaN,
        "Other Income Expense": NaN,
        "Other Non Operating Income Expenses": NaN,
        "Special Income Charges": NaN,
        "Impairment Of Capital Assets": NaN,
        "Gain On Sale Of Security": NaN,
        "Net Non Operating Interest Income Expense": NaN,
        "Interest Expense Non Operating": NaN,
        "Operating Income": NaN,
        "Operating Expense": NaN,
        "Research And Development": NaN,
        "Selling General And Administration": NaN,
        "Gross Profit": NaN,
        "Cost Of Revenue": NaN,
        "Total Revenue": NaN,
        "Operating Revenue": NaN
    },
    "2022-12-31": {
        "Tax Effect Of Unusual Items": NaN,
        "Tax Rate For Calcs": NaN,
        "Normalized EBITDA": NaN,
        "Total Unusual Items": NaN,
        "Total Unusual Items Excluding Goodwill": NaN,
        "Net Income From Continuing Operation Net Minority Interest": NaN,
        "Reconciled Depreciation": NaN,
        "Reconciled Cost Of Revenue": NaN,
        "EBITDA": NaN,
        "EBIT": NaN,
        "Net Interest Income": NaN,
        "Interest Expense": NaN,
        "Normalized Income": NaN,
        "Net Income From Continuing And Discontinued Operation": NaN,
        "Total Expenses": NaN,
        "Total Operating Income As Reported": NaN,
        "Diluted Average Shares": NaN,
        "Basic Average Shares": NaN,
        "Diluted EPS": NaN,
        "Basic EPS": NaN,
        "Diluted NI Availto Com Stockholders": NaN,
        "Net Income Common Stockholders": NaN,
        "Net Income": NaN,
        "Net Income Including Noncontrolling Interests": NaN,
        "Net Income Discontinuous Operations": NaN,
        "Net Income Continuous Operations": NaN,
        "Tax Provision": NaN,
        "Pretax Income": NaN,
        "Other Income Expense": NaN,
        "Other Non Operating Income Expenses": NaN,
        "Special Income Charges": 0.0,
        "Impairment Of Capital Assets": NaN,
        "Gain On Sale Of Security": NaN,
        "Net Non Operating Interest Income Expense": NaN,
        "Interest Expense Non Operating": NaN,
        "Operating Income": NaN,
        "Operating Expense": NaN,
        "Research And Development": NaN,
        "Selling General And Administration": NaN,
        "Gross Profit": NaN,
        "Cost Of Revenue": NaN,
        "Total Revenue": NaN,
        "Operating Revenue": NaN
    },
    "2022-09-30": {
        "Tax Effect Of Unusual Items": NaN,
        "Tax Rate For Calcs": NaN,
        "Normalized EBITDA": NaN,
        "Total Unusual Items": NaN,
        "Total Unusual Items Excluding Goodwill": NaN,
        "Net Income From Continuing Operation Net Minority Interest": NaN,
        "Reconciled Depreciation": NaN,
        "Reconciled Cost Of Revenue": NaN,
        "EBITDA": NaN,
        "EBIT": NaN,
        "Net Interest Income": NaN,
        "Interest Expense": NaN,
        "Normalized Income": NaN,
        "Net Income From Continuing And Discontinued Operation": NaN,
        "Total Expenses": NaN,
        "Total Operating Income As Reported": NaN,
        "Diluted Average Shares": NaN,
        "Basic Average Shares": NaN,
        "Diluted EPS": NaN,
        "Basic EPS": NaN,
        "Diluted NI Availto Com Stockholders": NaN,
        "Net Income Common Stockholders": NaN,
        "Net Income": NaN,
        "Net Income Including Noncontrolling Interests": NaN,
        "Net Income Discontinuous Operations": NaN,
        "Net Income Continuous Operations": NaN,
        "Tax Provision": NaN,
        "Pretax Income": NaN,
        "Other Income Expense": NaN,
        "Other Non Operating Income Expenses": NaN,
        "Special Income Charges": 0.0,
        "Impairment Of Capital Assets": 0.0,
        "Gain On Sale Of Security": NaN,
        "Net Non Operating Interest Income Expense": NaN,
        "Interest Expense Non Operating": NaN,
        "Operating Income": NaN,
        "Operating Expense": NaN,
        "Research And Development": NaN,
        "Selling General And Administration": NaN,
        "Gross Profit": NaN,
        "Cost Of Revenue": NaN,
        "Total Revenue": NaN,
        "Operating Revenue": NaN
    },
    "2022-06-30": {
        "Tax Effect Of Unusual Items": 2359600.0,
        "Tax Rate For Calcs": 0.4,
        "Normalized EBITDA": -29873000.0,
        "Total Unusual Items": 5899000.0,
        "Total Unusual Items Excluding Goodwill": 5899000.0,
        "Net Income From Continuing Operation Net Minority Interest": -27554000.0,
        "Reconciled Depreciation": 5538000.0,
        "Reconciled Cost Of Revenue": 105171000.0,
        "EBITDA": -23974000.0,
        "EBIT": -23974000.0,
        "Net Interest Income": -3524000.0,
        "Interest Expense": 3524000.0,
        "Normalized Income": -31093400.0,
        "Net Income From Continuing And Discontinued Operation": -27554000.0,
        "Total Expenses": 139682000.0,
        "Total Operating Income As Reported": -28935000.0,
        "Diluted Average Shares": 185530000.0,
        "Basic Average Shares": 185530000.0,
        "Diluted EPS": -0.15,
        "Basic EPS": -0.15,
        "Diluted NI Availto Com Stockholders": -27554000.0,
        "Net Income Common Stockholders": -27554000.0,
        "Net Income": -27554000.0,
        "Net Income Including Noncontrolling Interests": -27554000.0,
        "Net Income Discontinuous Operations": NaN,
        "Net Income Continuous Operations": -27554000.0,
        "Tax Provision": 56000.0,
        "Pretax Income": -27498000.0,
        "Other Income Expense": 4961000.0,
        "Other Non Operating Income Expenses": -938000.0,
        "Special Income Charges": NaN,
        "Impairment Of Capital Assets": NaN,
        "Gain On Sale Of Security": 5899000.0,
        "Net Non Operating Interest Income Expense": -3524000.0,
        "Interest Expense Non Operating": 3524000.0,
        "Operating Income": -28935000.0,
        "Operating Expense": 34511000.0,
        "Research And Development": 12017000.0,
        "Selling General And Administration": 22494000.0,
        "Gross Profit": 5576000.0,
        "Cost Of Revenue": 105171000.0,
        "Total Revenue": 110747000.0,
        "Operating Revenue": 110747000.0
    },
    "2022-03-31": {
        "Diluted EPS": -0.1,
        "Total Revenue": 66,
        "Gross Profit": -9,
        "Operating Income": -41,
        "EBIT": -33,
        "Net Income": -17
    },
    "2021-12-31": {
        "Diluted EPS": -0.29,
        "Total Revenue": -13,
        "Gross Profit": -7,
        "Operating Income": -35,
        "EBIT": -31,
        "Net Income": -42
    },
    "2021-09-30": {
        "Diluted EPS": -0.29,
        "Total Revenue": 32,
        "Gross Profit": 0,
        "Operating Income": -38,
        "EBIT": -35,
        "Net Income": -34
    },
    "2021-06-30": {
        "Diluted EPS": -0.25,
        "Total Revenue": 40,
        "Gross Profit": 0,
        "Operating Income": -25,
        "EBIT": -21,
        "Net Income": -27
    },
    "2021-03-31": {
        "Diluted EPS": -0.21,
        "Total Revenue": 32,
        "Gross Profit": 1,
        "Operating Income": -20,
        "EBIT": -17,
        "Net Income": -22
    },
    "2020-12-31": {
        "Diluted EPS": 0.0,
        "Total Revenue": NaN,
        "Gross Profit": NaN,
        "Operating Income": NaN,
        "EBIT": NaN,
        "Net Income": NaN
    },
    "2020-09-30": {
        "Diluted EPS": -0.19,
        "Total Revenue": 28,
        "Gross Profit": 1,
        "Operating Income": -15,
        "EBIT": -15,
        "Net Income": -17
    },
    "2019-12-31": {
        "Diluted EPS": 0.0,
        "Total Revenue": NaN,
        "Gross Profit": NaN,
        "Operating Income": NaN,
        "EBIT": NaN,
        "Net Income": NaN
    },
    "2023-06-30": {
        "Tax Effect Of Unusual Items": NaN,
        "Tax Rate For Calcs": NaN,
        "Normalized EBITDA": NaN,
        "Total Unusual Items": NaN,
        "Total Unusual Items Excluding Goodwill": NaN,
        "Net Income From Continuing Operation Net Minority Interest": NaN,
        "Reconciled Depreciation": NaN,
        "Reconciled Cost Of Revenue": NaN,
        "EBITDA": NaN,
        "EBIT": NaN,
        "Net Interest Income": NaN,
        "Interest Expense": NaN,
        "Normalized Income": NaN,
        "Net Income From Continuing And Discontinued Operation": NaN,
        "Total Expenses": NaN,
        "Total Operating Income As Reported": -37422000.0,
        "Diluted Average Shares": NaN,
        "Basic Average Shares": NaN,
        "Diluted EPS": NaN,
        "Basic EPS": NaN,
        "Diluted NI Availto Com Stockholders": NaN,
        "Net Income Common Stockholders": NaN,
        "Net Income": NaN,
        "Net Income Including Noncontrolling Interests": NaN,
        "Net Income Discontinuous Operations": NaN,
        "Net Income Continuous Operations": NaN,
        "Tax Provision": NaN,
        "Pretax Income": NaN,
        "Other Income Expense": NaN,
        "Other Non Operating Income Expenses": NaN,
        "Special Income Charges": -9260000.0,
        "Impairment Of Capital Assets": 9260000.0,
        "Gain On Sale Of Security": NaN,
        "Net Non Operating Interest Income Expense": NaN,
        "Interest Expense Non Operating": NaN,
        "Operating Income": NaN,
        "Operating Expense": NaN,
        "Research And Development": NaN,
        "Selling General And Administration": NaN,
        "Gross Profit": NaN,
        "Cost Of Revenue": NaN,
        "Total Revenue": NaN,
        "Operating Revenue": NaN
    },
    "2023-09-30": {
        "Tax Effect Of Unusual Items": 0.0,
        "Tax Rate For Calcs": 0.0,
        "Normalized EBITDA": -16932000.0,
        "Total Unusual Items": 12001000.0,
        "Total Unusual Items Excluding Goodwill": 12001000.0,
        "Net Income From Continuing Operation Net Minority Interest": -17552000.0,
        "Reconciled Depreciation": 5460000.0,
        "Reconciled Cost Of Revenue": 21808000.0,
        "EBITDA": -4931000.0,
        "EBIT": -10391000.0,
        "Net Interest Income": -7155000.0,
        "Interest Expense": 7155000.0,
        "Normalized Income": -29553000.0,
        "Net Income From Continuing And Discontinued Operation": -17570000.0,
        "Total Expenses": 46057000.0,
        "Total Operating Income As Reported": -24260000.0,
        "Diluted Average Shares": 5378000.0,
        "Basic Average Shares": 5378000.0,
        "Diluted EPS": -3.27,
        "Basic EPS": -3.27,
        "Diluted NI Availto Com Stockholders": -17570000.0,
        "Net Income Common Stockholders": -17570000.0,
        "Net Income": -17570000.0,
        "Net Income Including Noncontrolling Interests": -17570000.0,
        "Net Income Discontinuous Operations": -18000.0,
        "Net Income Continuous Operations": -17552000.0,
        "Tax Provision": 6000.0,
        "Pretax Income": -17546000.0,
        "Other Income Expense": 12202000.0,
        "Other Non Operating Income Expenses": 201000.0,
        "Special Income Charges": 0.0,
        "Impairment Of Capital Assets": 0.0,
        "Gain On Sale Of Security": 12001000.0,
        "Net Non Operating Interest Income Expense": -7155000.0,
        "Interest Expense Non Operating": 7155000.0,
        "Operating Income": -22593000.0,
        "Operating Expense": 24249000.0,
        "Research And Development": 10526000.0,
        "Selling General And Administration": 13723000.0,
        "Gross Profit": 1656000.0,
        "Cost Of Revenue": 21808000.0,
        "Total Revenue": 23464000.0,
        "Operating Revenue": 23464000.0
    },
    "2023-12-31": {
        "Tax Effect Of Unusual Items": 1912.43212,
        "Tax Rate For Calcs": 0.001968,
        "Normalized EBITDA": -18898000.0,
        "Total Unusual Items": 972000.0,
        "Total Unusual Items Excluding Goodwill": 972000.0,
        "Net Income From Continuing Operation Net Minority Interest": -38044000.0,
        "Reconciled Depreciation": 5554000.0,
        "Reconciled Cost Of Revenue": 109593000.0,
        "EBITDA": -17926000.0,
        "EBIT": -23480000.0,
        "Net Interest Income": -14639000.0,
        "Interest Expense": 14639000.0,
        "Normalized Income": -39014087.56788,
        "Net Income From Continuing And Discontinued Operation": -37847000.0,
        "Total Expenses": 140554000.0,
        "Total Operating Income As Reported": -23516000.0,
        "Diluted Average Shares": 5389285.0,
        "Basic Average Shares": 5389285.0,
        "Diluted EPS": -7.0,
        "Basic EPS": -7.0,
        "Diluted NI Availto Com Stockholders": -37847000.0,
        "Net Income Common Stockholders": -37847000.0,
        "Net Income": -37847000.0,
        "Net Income Including Noncontrolling Interests": -37847000.0,
        "Net Income Discontinuous Operations": 197000.0,
        "Net Income Continuous Operations": -38044000.0,
        "Tax Provision": -75000.0,
        "Pretax Income": -38119000.0,
        "Other Income Expense": 485000.0,
        "Other Non Operating Income Expenses": -487000.0,
        "Special Income Charges": 449000.0,
        "Impairment Of Capital Assets": 0.0,
        "Gain On Sale Of Security": 523000.0,
        "Net Non Operating Interest Income Expense": -14639000.0,
        "Interest Expense Non Operating": 14639000.0,
        "Operating Income": -23965000.0,
        "Operating Expense": 30961000.0,
        "Research And Development": 6790000.0,
        "Selling General And Administration": 24171000.0,
        "Gross Profit": 6996000.0,
        "Cost Of Revenue": 109593000.0,
        "Total Revenue": 116589000.0,
        "Operating Revenue": 116589000.0
    },
    "2024-03-31": {
        "Tax Effect Of Unusual Items": 0.0,
        "Tax Rate For Calcs": 0.0,
        "Normalized EBITDA": -13265000.0,
        "Total Unusual Items": -227000.0,
        "Total Unusual Items Excluding Goodwill": -227000.0,
        "Net Income From Continuing Operation Net Minority Interest": -26314000.0,
        "Reconciled Depreciation": 4226000.0,
        "Reconciled Cost Of Revenue": 15895000.0,
        "EBITDA": -13492000.0,
        "EBIT": -17718000.0,
        "Net Interest Income": -8596000.0,
        "Interest Expense": 8596000.0,
        "Normalized Income": -26087000.0,
        "Net Income From Continuing And Discontinued Operation": -21283000.0,
        "Total Expenses": 37664000.0,
        "Total Operating Income As Reported": -16531000.0,
        "Diluted Average Shares": 5457057.0,
        "Basic Average Shares": 5457057.0,
        "Diluted EPS": -3.85,
        "Basic EPS": -3.85,
        "Diluted NI Availto Com Stockholders": -21283000.0,
        "Net Income Common Stockholders": -21283000.0,
        "Net Income": -21283000.0,
        "Net Income Including Noncontrolling Interests": -21283000.0,
        "Net Income Discontinuous Operations": 5031000.0,
        "Net Income Continuous Operations": -26314000.0,
        "Tax Provision": 0.0,
        "Pretax Income": -26314000.0,
        "Other Income Expense": -1187000.0,
        "Other Non Operating Income Expenses": -960000.0,
        "Special Income Charges": NaN,
        "Impairment Of Capital Assets": NaN,
        "Gain On Sale Of Security": -227000.0,
        "Net Non Operating Interest Income Expense": -8596000.0,
        "Interest Expense Non Operating": 8596000.0,
        "Operating Income": -16531000.0,
        "Operating Expense": 21769000.0,
        "Research And Development": 6941000.0,
        "Selling General And Administration": 14828000.0,
        "Gross Profit": 5238000.0,
        "Cost Of Revenue": 15895000.0,
        "Total Revenue": 21133000.0,
        "Operating Revenue": 21133000.0
    },
    "2024-06-30": {
        "Tax Effect Of Unusual Items": 0.0,
        "Tax Rate For Calcs": 0.0,
        "Normalized EBITDA": -12947000.0,
        "Total Unusual Items": 513000.0,
        "Total Unusual Items Excluding Goodwill": 513000.0,
        "Net Income From Continuing Operation Net Minority Interest": -17983000.0,
        "Reconciled Depreciation": 3835000.0,
        "Reconciled Cost Of Revenue": 34597000.0,
        "EBITDA": -12434000.0,
        "EBIT": -16269000.0,
        "Net Interest Income": -1708000.0,
        "Interest Expense": 1708000.0,
        "Normalized Income": -18496000.0,
        "Net Income From Continuing And Discontinued Operation": -19700000.0,
        "Total Expenses": 52208000.0,
        "Total Operating Income As Reported": NaN,
        "Diluted Average Shares": 5495999.0,
        "Basic Average Shares": 5495999.0,
        "Diluted EPS": -3.58001,
        "Basic EPS": -3.58001,
        "Diluted NI Availto Com Stockholders": -19700000.0,
        "Net Income Common Stockholders": -19700000.0,
        "Net Income": -19700000.0,
        "Net Income Including Noncontrolling Interests": -19700000.0,
        "Net Income Discontinuous Operations": -1717000.0,
        "Net Income Continuous Operations": -17983000.0,
        "Tax Provision": 6000.0,
        "Pretax Income": -17977000.0,
        "Other Income Expense": 2166000.0,
        "Other Non Operating Income Expenses": 1653000.0,
        "Special Income Charges": 0.0,
        "Impairment Of Capital Assets": 0.0,
        "Gain On Sale Of Security": 513000.0,
        "Net Non Operating Interest Income Expense": -1708000.0,
        "Interest Expense Non Operating": 1708000.0,
        "Operating Income": -18435000.0,
        "Operating Expense": 17611000.0,
        "Research And Development": 7456000.0,
        "Selling General And Administration": 10155000.0,
        "Gross Profit": -824000.0,
        "Cost Of Revenue": 34597000.0,
        "Total Revenue": 33773000.0,
        "Operating Revenue": 33773000.0
    },
    "2024-09-30": {
        "Tax Effect Of Unusual Items": 0.0,
        "Tax Rate For Calcs": 0.0,
        "Normalized EBITDA": -15728000.0,
        "Total Unusual Items": -456000.0,
        "Total Unusual Items Excluding Goodwill": -456000.0,
        "Net Income From Continuing Operation Net Minority Interest": -21896000.0,
        "Reconciled Depreciation": 3863000.0,
        "Reconciled Cost Of Revenue": 34555000.0,
        "EBITDA": -16184000.0,
        "EBIT": -20047000.0,
        "Net Interest Income": -1849000.0,
        "Interest Expense": 1849000.0,
        "Normalized Income": -21440000.0,
        "Net Income From Continuing And Discontinued Operation": -22936000.0,
        "Total Expenses": 53853000.0,
        "Total Operating Income As Reported": NaN,
        "Diluted Average Shares": 5544000.0,
        "Basic Average Shares": 5544000.0,
        "Diluted EPS": -4.14,
        "Basic EPS": -4.14,
        "Diluted NI Availto Com Stockholders": -22936000.0,
        "Net Income Common Stockholders": -22936000.0,
        "Net Income": -22936000.0,
        "Net Income Including Noncontrolling Interests": -22936000.0,
        "Net Income Discontinuous Operations": -1040000.0,
        "Net Income Continuous Operations": -21896000.0,
        "Tax Provision": 0.0,
        "Pretax Income": -21896000.0,
        "Other Income Expense": -292000.0,
        "Other Non Operating Income Expenses": 164000.0,
        "Special Income Charges": 0.0,
        "Impairment Of Capital Assets": 0.0,
        "Gain On Sale Of Security": -456000.0,
        "Net Non Operating Interest Income Expense": -1849000.0,
        "Interest Expense Non Operating": 1849000.0,
        "Operating Income": -19755000.0,
        "Operating Expense": 19298000.0,
        "Research And Development": 7006000.0,
        "Selling General And Administration": 12292000.0,
        "Gross Profit": -457000.0,
        "Cost Of Revenue": 34555000.0,
        "Total Revenue": 34098000.0,
        "Operating Revenue": 34098000.0
    }
}