{
    "2023-03-31": {
        "Tax Effect Of Unusual Items": -954450.0,
        "Tax Rate For Calcs": 0.21,
        "Normalized EBITDA": -14245000.0,
        "Total Unusual Items": -4545000.0,
        "Total Unusual Items Excluding Goodwill": -4545000.0,
        "Net Income From Continuing Operation Net Minority Interest": -22120000.0,
        "Reconciled Depreciation": 2904000.0,
        "Reconciled Cost Of Revenue": 16575000.0,
        "EBITDA": -18790000.0,
        "EBIT": -21694000.0,
        "Net Interest Income": 1704000.0,
        "Interest Expense": 229000.0,
        "Interest Income": 2426000.0,
        "Normalized Income": -18529450.0,
        "Net Income From Continuing And Discontinued Operation": -22120000.0,
        "Total Expenses": 90870000.0,
        "Total Operating Income As Reported": -23658000.0,
        "Diluted Average Shares": 74142000.0,
        "Basic Average Shares": 74142000.0,
        "Diluted EPS": -0.3,
        "Basic EPS": -0.3,
        "Diluted NI Availto Com Stockholders": -22120000.0,
        "Net Income Common Stockholders": -22120000.0,
        "Net Income": -22120000.0,
        "Net Income Including Noncontrolling Interests": -22120000.0,
        "Net Income Continuous Operations": -22120000.0,
        "Tax Provision": 197000.0,
        "Pretax Income": -21923000.0,
        "Other Income Expense": -4514000.0,
        "Other Non Operating Income Expenses": 31000.0,
        "Special Income Charges": -4545000.0,
        "Restructuring And Mergern Acquisition": 4545000.0,
        "Net Non Operating Interest Income Expense": 1704000.0,
        "Total Other Finance Cost": 493000.0,
        "Interest Expense Non Operating": 229000.0,
        "Interest Income Non Operating": 2426000.0,
        "Operating Income": -19113000.0,
        "Operating Expense": 73424000.0,
        "Depreciation Amortization Depletion Income Statement": 2033000.0,
        "Depreciation And Amortization In Income Statement": 2033000.0,
        "Amortization": 2033000.0,
        "Amortization Of Intangibles Income Statement": 2033000.0,
        "Research And Development": 20845000.0,
        "Selling General And Administration": 50546000.0,
        "Selling And Marketing Expense": 34052000.0,
        "General And Administrative Expense": 16494000.0,
        "Other Gand A": 16494000.0,
        "Gross Profit": 54311000.0,
        "Cost Of Revenue": 17446000.0,
        "Total Revenue": 71757000.0,
        "Operating Revenue": 71757000.0
    },
    "2022-12-31": {
        "Tax Effect Of Unusual Items": -2332470.0,
        "Tax Rate For Calcs": 0.21,
        "Normalized EBITDA": -18617000.0,
        "Total Unusual Items": -11107000.0,
        "Total Unusual Items Excluding Goodwill": -11107000.0,
        "Net Income From Continuing Operation Net Minority Interest": -32980000.0,
        "Reconciled Depreciation": 2791000.0,
        "Reconciled Cost Of Revenue": 17717000.0,
        "EBITDA": -29724000.0,
        "EBIT": -32515000.0,
        "Net Interest Income": 1365000.0,
        "Interest Expense": 211000.0,
        "Interest Income": 2068000.0,
        "Normalized Income": -24205470.0,
        "Net Income From Continuing And Discontinued Operation": -32980000.0,
        "Total Expenses": 96011000.0,
        "Total Operating Income As Reported": -34687000.0,
        "Diluted Average Shares": NaN,
        "Basic Average Shares": NaN,
        "Diluted EPS": NaN,
        "Basic EPS": NaN,
        "Diluted NI Availto Com Stockholders": -32980000.0,
        "Net Income Common Stockholders": -32980000.0,
        "Net Income": -32980000.0,
        "Net Income Including Noncontrolling Interests": -32980000.0,
        "Net Income Continuous Operations": -32980000.0,
        "Tax Provision": 254000.0,
        "Pretax Income": -32726000.0,
        "Other Income Expense": -10506000.0,
        "Other Non Operating Income Expenses": 601000.0,
        "Special Income Charges": -11107000.0,
        "Restructuring And Mergern Acquisition": 11107000.0,
        "Net Non Operating Interest Income Expense": 1365000.0,
        "Total Other Finance Cost": 492000.0,
        "Interest Expense Non Operating": 211000.0,
        "Interest Income Non Operating": 2068000.0,
        "Operating Income": -23580000.0,
        "Operating Expense": 77519000.0,
        "Depreciation Amortization Depletion Income Statement": 2016000.0,
        "Depreciation And Amortization In Income Statement": 2016000.0,
        "Amortization": 2016000.0,
        "Amortization Of Intangibles Income Statement": 2016000.0,
        "Research And Development": 22669000.0,
        "Selling General And Administration": 52834000.0,
        "Selling And Marketing Expense": 33871000.0,
        "General And Administrative Expense": 18963000.0,
        "Other Gand A": 18963000.0,
        "Gross Profit": 53939000.0,
        "Cost Of Revenue": 18492000.0,
        "Total Revenue": 72431000.0,
        "Operating Revenue": 72431000.0
    },
    "2022-09-30": {
        "Tax Effect Of Unusual Items": -1314600.0,
        "Tax Rate For Calcs": 0.21,
        "Normalized EBITDA": -20262000.0,
        "Total Unusual Items": -6260000.0,
        "Total Unusual Items Excluding Goodwill": -6260000.0,
        "Net Income From Continuing Operation Net Minority Interest": -30297000.0,
        "Reconciled Depreciation": 2983000.0,
        "Reconciled Cost Of Revenue": 16558000.0,
        "EBITDA": -26522000.0,
        "EBIT": -29505000.0,
        "Net Interest Income": 725000.0,
        "Interest Expense": 706000.0,
        "Interest Income": 1431000.0,
        "Normalized Income": -25351600.0,
        "Net Income From Continuing And Discontinued Operation": -30297000.0,
        "Total Expenses": 96691000.0,
        "Total Operating Income As Reported": -30560000.0,
        "Diluted Average Shares": 73508000.0,
        "Basic Average Shares": 73508000.0,
        "Diluted EPS": -0.41,
        "Basic EPS": -0.41,
        "Diluted NI Availto Com Stockholders": -30297000.0,
        "Net Income Common Stockholders": -30297000.0,
        "Net Income": -30297000.0,
        "Net Income Including Noncontrolling Interests": -30297000.0,
        "Net Income Continuous Operations": -30297000.0,
        "Tax Provision": 86000.0,
        "Pretax Income": -30211000.0,
        "Other Income Expense": -6636000.0,
        "Other Non Operating Income Expenses": -376000.0,
        "Special Income Charges": -6260000.0,
        "Restructuring And Mergern Acquisition": 6260000.0,
        "Net Non Operating Interest Income Expense": 725000.0,
        "Total Other Finance Cost": 491000.0,
        "Interest Expense Non Operating": 706000.0,
        "Interest Income Non Operating": 1431000.0,
        "Operating Income": -24300000.0,
        "Operating Expense": 79166000.0,
        "Depreciation Amortization Depletion Income Statement": 2016000.0,
        "Depreciation And Amortization In Income Statement": 2016000.0,
        "Amortization": 2016000.0,
        "Amortization Of Intangibles Income Statement": 2016000.0,
        "Research And Development": 22245000.0,
        "Selling General And Administration": 54905000.0,
        "Selling And Marketing Expense": 34402000.0,
        "General And Administrative Expense": 20503000.0,
        "Other Gand A": 20503000.0,
        "Gross Profit": 54866000.0,
        "Cost Of Revenue": 17525000.0,
        "Total Revenue": 72391000.0,
        "Operating Revenue": 72391000.0
    },
    "2022-06-30": {
        "Tax Effect Of Unusual Items": -5008400.0,
        "Tax Rate For Calcs": 0.4,
        "Normalized EBITDA": -23518000.0,
        "Total Unusual Items": -12521000.0,
        "Total Unusual Items Excluding Goodwill": -12521000.0,
        "Net Income From Continuing Operation Net Minority Interest": -39605000.0,
        "Reconciled Depreciation": 2821000.0,
        "Reconciled Cost Of Revenue": 16048000.0,
        "EBITDA": -36039000.0,
        "EBIT": -38860000.0,
        "Net Interest Income": -128000.0,
        "Interest Expense": 705000.0,
        "Interest Income": 577000.0,
        "Normalized Income": -32092400.0,
        "Net Income From Continuing And Discontinued Operation": -39605000.0,
        "Total Expenses": 94822000.0,
        "Total Operating Income As Reported": -39140000.0,
        "Diluted Average Shares": 73084000.0,
        "Basic Average Shares": 73084000.0,
        "Diluted EPS": -0.54,
        "Basic EPS": -0.54,
        "Diluted NI Availto Com Stockholders": -39605000.0,
        "Net Income Common Stockholders": -39605000.0,
        "Net Income": -39605000.0,
        "Net Income Including Noncontrolling Interests": -39605000.0,
        "Net Income Continuous Operations": -39605000.0,
        "Tax Provision": 40000.0,
        "Pretax Income": -39565000.0,
        "Other Income Expense": -12818000.0,
        "Other Non Operating Income Expenses": -297000.0,
        "Special Income Charges": -12521000.0,
        "Restructuring And Mergern Acquisition": 12521000.0,
        "Net Non Operating Interest Income Expense": -128000.0,
        "Total Other Finance Cost": 489000.0,
        "Interest Expense Non Operating": 705000.0,
        "Interest Income Non Operating": 577000.0,
        "Operating Income": -26619000.0,
        "Operating Expense": 77962000.0,
        "Depreciation Amortization Depletion Income Statement": 2009000.0,
        "Depreciation And Amortization In Income Statement": 2009000.0,
        "Amortization": 2009000.0,
        "Amortization Of Intangibles Income Statement": 2009000.0,
        "Research And Development": 22394000.0,
        "Selling General And Administration": 53559000.0,
        "Selling And Marketing Expense": 34348000.0,
        "General And Administrative Expense": 19211000.0,
        "Other Gand A": 19211000.0,
        "Gross Profit": 51343000.0,
        "Cost Of Revenue": 16860000.0,
        "Total Revenue": 68203000.0,
        "Operating Revenue": 68203000.0
    },
    "2023-06-30": {
        "Tax Effect Of Unusual Items": -866250.0,
        "Tax Rate For Calcs": 0.21,
        "Normalized EBITDA": -11562000.0,
        "Total Unusual Items": -4125000.0,
        "Total Unusual Items Excluding Goodwill": -4125000.0,
        "Net Income From Continuing Operation Net Minority Interest": -19065000.0,
        "Reconciled Depreciation": 2940000.0,
        "Reconciled Cost Of Revenue": 17849000.0,
        "EBITDA": -15687000.0,
        "EBIT": -18627000.0,
        "Net Interest Income": 2103000.0,
        "Interest Expense": 228000.0,
        "Interest Income": 2825000.0,
        "Normalized Income": -15806250.0,
        "Net Income From Continuing And Discontinued Operation": -19065000.0,
        "Total Expenses": 92213000.0,
        "Total Operating Income As Reported": -20895000.0,
        "Diluted Average Shares": 74790000.0,
        "Basic Average Shares": 74790000.0,
        "Diluted EPS": -0.25,
        "Basic EPS": -0.25,
        "Diluted NI Availto Com Stockholders": -19065000.0,
        "Net Income Common Stockholders": -19065000.0,
        "Net Income": -19065000.0,
        "Net Income Including Noncontrolling Interests": -19065000.0,
        "Net Income Continuous Operations": -19065000.0,
        "Tax Provision": 210000.0,
        "Pretax Income": -18855000.0,
        "Other Income Expense": -4188000.0,
        "Other Non Operating Income Expenses": -63000.0,
        "Special Income Charges": -4125000.0,
        "Restructuring And Mergern Acquisition": 4125000.0,
        "Net Non Operating Interest Income Expense": 2103000.0,
        "Total Other Finance Cost": 494000.0,
        "Interest Expense Non Operating": 228000.0,
        "Interest Income Non Operating": 2825000.0,
        "Operating Income": -16770000.0,
        "Operating Expense": 73457000.0,
        "Depreciation Amortization Depletion Income Statement": 2033000.0,
        "Depreciation And Amortization In Income Statement": 2033000.0,
        "Amortization": 2033000.0,
        "Amortization Of Intangibles Income Statement": 2033000.0,
        "Research And Development": 21403000.0,
        "Selling General And Administration": 50021000.0,
        "Selling And Marketing Expense": 35593000.0,
        "General And Administrative Expense": 14428000.0,
        "Other Gand A": 14428000.0,
        "Gross Profit": 56687000.0,
        "Cost Of Revenue": 18756000.0,
        "Total Revenue": 75443000.0,
        "Operating Revenue": 75443000.0
    },
    "2022-03-31": {
        "Diluted EPS": -0.51,
        "Total Revenue": 66,
        "Gross Profit": 49,
        "Operating Income": -36,
        "EBIT": -33,
        "Net Income": -37
    },
    "2021-12-31": {
        "Diluted EPS": -0.49,
        "Total Revenue": 65,
        "Gross Profit": 48,
        "Operating Income": -34,
        "EBIT": -31,
        "Net Income": -34
    },
    "2021-09-30": {
        "Diluted EPS": -0.3,
        "Total Revenue": 59,
        "Gross Profit": 47,
        "Operating Income": -21,
        "EBIT": -19,
        "Net Income": -22
    },
    "2021-06-30": {
        "Diluted EPS": -0.17,
        "Total Revenue": 49,
        "Gross Profit": 39,
        "Operating Income": -12,
        "EBIT": -12,
        "Net Income": -12
    },
    "2021-03-31": {
        "Diluted EPS": -0.12,
        "Total Revenue": 47,
        "Gross Profit": 37,
        "Operating Income": -9,
        "EBIT": -8,
        "Net Income": -9
    },
    "2020-12-31": {
        "Diluted EPS": 0.02,
        "Total Revenue": 43,
        "Gross Profit": 33,
        "Operating Income": -14,
        "EBIT": -13,
        "Net Income": -14
    },
    "2020-09-30": {
        "Diluted EPS": -0.16,
        "Total Revenue": 40,
        "Gross Profit": 31,
        "Operating Income": -10,
        "EBIT": -9,
        "Net Income": -8
    },
    "2020-06-30": {
        "Diluted EPS": -0.54,
        "Total Revenue": 36,
        "Gross Profit": 28,
        "Operating Income": -7,
        "EBIT": -6,
        "Net Income": -10
    },
    "2020-03-31": {
        "Diluted EPS": -0.31,
        "Total Revenue": 33,
        "Gross Profit": 26,
        "Operating Income": -7,
        "EBIT": -6,
        "Net Income": -6
    },
    "2019-12-31": {
        "Diluted EPS": 0.0,
        "Total Revenue": NaN,
        "Gross Profit": NaN,
        "Operating Income": NaN,
        "EBIT": NaN,
        "Net Income": NaN
    },
    "2019-09-30": {
        "Diluted EPS": -0.7,
        "Total Revenue": 28,
        "Gross Profit": 21,
        "Operating Income": -10,
        "EBIT": -10,
        "Net Income": -13
    },
    "2019-06-30": {
        "Diluted EPS": -0.73,
        "Total Revenue": 27,
        "Gross Profit": 21,
        "Operating Income": -11,
        "EBIT": -11,
        "Net Income": -13
    },
    "2018-12-31": {
        "Diluted EPS": 0.0,
        "Total Revenue": NaN,
        "Gross Profit": NaN,
        "Operating Income": NaN,
        "EBIT": NaN,
        "Net Income": NaN
    },
    "2023-09-30": {
        "Tax Effect Of Unusual Items": -1441020.0,
        "Tax Rate For Calcs": 0.21,
        "Normalized EBITDA": -9940000.0,
        "Total Unusual Items": -6862000.0,
        "Total Unusual Items Excluding Goodwill": -6862000.0,
        "Net Income From Continuing Operation Net Minority Interest": -20310000.0,
        "Reconciled Depreciation": 3137000.0,
        "Reconciled Cost Of Revenue": 17950000.0,
        "EBITDA": -16802000.0,
        "EBIT": -19939000.0,
        "Net Interest Income": 2338000.0,
        "Interest Expense": 226000.0,
        "Interest Income": 3059000.0,
        "Normalized Income": -14889020.0,
        "Net Income From Continuing And Discontinued Operation": -20310000.0,
        "Total Expenses": 93385000.0,
        "Total Operating Income As Reported": -22202000.0,
        "Diluted Average Shares": 75387000.0,
        "Basic Average Shares": 75387000.0,
        "Diluted EPS": -0.27,
        "Basic EPS": -0.27,
        "Diluted NI Availto Com Stockholders": -20310000.0,
        "Net Income Common Stockholders": -20310000.0,
        "Net Income": -20310000.0,
        "Net Income Including Noncontrolling Interests": -20310000.0,
        "Net Income Continuous Operations": -20310000.0,
        "Tax Provision": 145000.0,
        "Pretax Income": -20165000.0,
        "Other Income Expense": -7163000.0,
        "Other Non Operating Income Expenses": -301000.0,
        "Special Income Charges": -6862000.0,
        "Other Special Charges": NaN,
        "Restructuring And Mergern Acquisition": 6862000.0,
        "Net Non Operating Interest Income Expense": 2338000.0,
        "Total Other Finance Cost": 495000.0,
        "Interest Expense Non Operating": 226000.0,
        "Interest Income Non Operating": 3059000.0,
        "Operating Income": -15340000.0,
        "Operating Expense": 74331000.0,
        "Depreciation Amortization Depletion Income Statement": 2033000.0,
        "Depreciation And Amortization In Income Statement": 2033000.0,
        "Amortization": 2033000.0,
        "Amortization Of Intangibles Income Statement": 2033000.0,
        "Research And Development": 21703000.0,
        "Selling General And Administration": 50595000.0,
        "Selling And Marketing Expense": 36253000.0,
        "General And Administrative Expense": 14342000.0,
        "Other Gand A": 14342000.0,
        "Gross Profit": 58991000.0,
        "Cost Of Revenue": 19054000.0,
        "Total Revenue": 78045000.0,
        "Operating Revenue": 78045000.0
    },
    "2023-12-31": {
        "Tax Effect Of Unusual Items": -170871.244635,
        "Tax Rate For Calcs": 0.148069,
        "Normalized EBITDA": 1149000.0,
        "Total Unusual Items": -1154000.0,
        "Total Unusual Items Excluding Goodwill": -1154000.0,
        "Net Income From Continuing Operation Net Minority Interest": -3176000.0,
        "Reconciled Depreciation": 3499000.0,
        "Reconciled Cost Of Revenue": 17770000.0,
        "EBITDA": -5000.0,
        "EBIT": -3504000.0,
        "Net Interest Income": 2464000.0,
        "Interest Expense": 224000.0,
        "Interest Income": 3183000.0,
        "Normalized Income": -2192871.244635,
        "Net Income From Continuing And Discontinued Operation": -3176000.0,
        "Total Expenses": 88684000.0,
        "Total Operating Income As Reported": -5689000.0,
        "Diluted Average Shares": 76226000.0,
        "Basic Average Shares": 76226000.0,
        "Diluted EPS": -0.04,
        "Basic EPS": -0.04,
        "Diluted NI Availto Com Stockholders": -3176000.0,
        "Net Income Common Stockholders": -3176000.0,
        "Net Income": -3176000.0,
        "Net Income Including Noncontrolling Interests": -3176000.0,
        "Net Income Continuous Operations": -3176000.0,
        "Tax Provision": -552000.0,
        "Pretax Income": -3728000.0,
        "Other Income Expense": -1657000.0,
        "Other Non Operating Income Expenses": -503000.0,
        "Special Income Charges": -1154000.0,
        "Other Special Charges": NaN,
        "Restructuring And Mergern Acquisition": 1154000.0,
        "Net Non Operating Interest Income Expense": 2464000.0,
        "Total Other Finance Cost": 495000.0,
        "Interest Expense Non Operating": 224000.0,
        "Interest Income Non Operating": 3183000.0,
        "Operating Income": -4535000.0,
        "Operating Expense": 69738000.0,
        "Depreciation Amortization Depletion Income Statement": 2323000.0,
        "Depreciation And Amortization In Income Statement": 2323000.0,
        "Amortization": 2323000.0,
        "Amortization Of Intangibles Income Statement": 2323000.0,
        "Research And Development": 19509000.0,
        "Selling General And Administration": 47906000.0,
        "Selling And Marketing Expense": 34332000.0,
        "General And Administrative Expense": 13574000.0,
        "Other Gand A": 13574000.0,
        "Gross Profit": 65203000.0,
        "Cost Of Revenue": 18946000.0,
        "Total Revenue": 84149000.0,
        "Operating Revenue": 84149000.0
    },
    "2024-03-31": {
        "Tax Effect Of Unusual Items": -69930.0,
        "Tax Rate For Calcs": 0.21,
        "Normalized EBITDA": -2060000.0,
        "Total Unusual Items": -333000.0,
        "Total Unusual Items Excluding Goodwill": -333000.0,
        "Net Income From Continuing Operation Net Minority Interest": -6392000.0,
        "Reconciled Depreciation": 3486000.0,
        "Reconciled Cost Of Revenue": 17420000.0,
        "EBITDA": -2393000.0,
        "EBIT": -5879000.0,
        "Net Interest Income": 2458000.0,
        "Interest Expense": 223000.0,
        "Interest Income": 3178000.0,
        "Normalized Income": -6128930.0,
        "Net Income From Continuing And Discontinued Operation": -6392000.0,
        "Total Expenses": 88255000.0,
        "Total Operating Income As Reported": -8228000.0,
        "Diluted Average Shares": 76626000.0,
        "Basic Average Shares": 76626000.0,
        "Diluted EPS": -0.08,
        "Basic EPS": -0.08,
        "Diluted NI Availto Com Stockholders": -6392000.0,
        "Net Income Common Stockholders": -6392000.0,
        "Net Income": -6392000.0,
        "Net Income Including Noncontrolling Interests": -6392000.0,
        "Net Income Continuous Operations": -6392000.0,
        "Tax Provision": 290000.0,
        "Pretax Income": -6102000.0,
        "Other Income Expense": -665000.0,
        "Other Non Operating Income Expenses": -332000.0,
        "Special Income Charges": -333000.0,
        "Other Special Charges": NaN,
        "Restructuring And Mergern Acquisition": 333000.0,
        "Net Non Operating Interest Income Expense": 2458000.0,
        "Total Other Finance Cost": 497000.0,
        "Interest Expense Non Operating": 223000.0,
        "Interest Income Non Operating": 3178000.0,
        "Operating Income": -7895000.0,
        "Operating Expense": 69816000.0,
        "Depreciation Amortization Depletion Income Statement": 2467000.0,
        "Depreciation And Amortization In Income Statement": 2467000.0,
        "Amortization": 2467000.0,
        "Amortization Of Intangibles Income Statement": 2467000.0,
        "Research And Development": 19988000.0,
        "Selling General And Administration": 47361000.0,
        "Selling And Marketing Expense": 32432000.0,
        "General And Administrative Expense": 14929000.0,
        "Other Gand A": 14929000.0,
        "Gross Profit": 61921000.0,
        "Cost Of Revenue": 18439000.0,
        "Total Revenue": 80360000.0,
        "Operating Revenue": 80360000.0
    },
    "2024-06-30": {
        "Tax Effect Of Unusual Items": -610260.0,
        "Tax Rate For Calcs": 0.21,
        "Normalized EBITDA": -4483000.0,
        "Total Unusual Items": -2906000.0,
        "Total Unusual Items Excluding Goodwill": -2906000.0,
        "Net Income From Continuing Operation Net Minority Interest": -11255000.0,
        "Reconciled Depreciation": 3512000.0,
        "Reconciled Cost Of Revenue": 18751000.0,
        "EBITDA": -7389000.0,
        "EBIT": -10901000.0,
        "Net Interest Income": 2477000.0,
        "Interest Expense": 222000.0,
        "Interest Income": 3196000.0,
        "Normalized Income": -8959260.0,
        "Net Income From Continuing And Discontinued Operation": -11255000.0,
        "Total Expenses": 92411000.0,
        "Total Operating Income As Reported": -13488000.0,
        "Diluted Average Shares": 77456000.0,
        "Basic Average Shares": 77456000.0,
        "Diluted EPS": -0.15,
        "Basic EPS": -0.15,
        "Diluted NI Availto Com Stockholders": -11255000.0,
        "Net Income Common Stockholders": -11255000.0,
        "Net Income": -11255000.0,
        "Net Income Including Noncontrolling Interests": -11255000.0,
        "Net Income Continuous Operations": -11255000.0,
        "Tax Provision": 132000.0,
        "Pretax Income": -11123000.0,
        "Other Income Expense": -3017000.0,
        "Other Non Operating Income Expenses": -111000.0,
        "Special Income Charges": -2906000.0,
        "Other Special Charges": NaN,
        "Restructuring And Mergern Acquisition": 2906000.0,
        "Net Non Operating Interest Income Expense": 2477000.0,
        "Total Other Finance Cost": 497000.0,
        "Interest Expense Non Operating": 222000.0,
        "Interest Income Non Operating": 3196000.0,
        "Operating Income": -10582000.0,
        "Operating Expense": 72600000.0,
        "Depreciation Amortization Depletion Income Statement": 2452000.0,
        "Depreciation And Amortization In Income Statement": 2452000.0,
        "Amortization": 2452000.0,
        "Amortization Of Intangibles Income Statement": 2452000.0,
        "Research And Development": 20287000.0,
        "Selling General And Administration": 49861000.0,
        "Selling And Marketing Expense": 34425000.0,
        "General And Administrative Expense": 15436000.0,
        "Other Gand A": 15436000.0,
        "Gross Profit": 62018000.0,
        "Cost Of Revenue": 19811000.0,
        "Total Revenue": 81829000.0,
        "Operating Revenue": 81829000.0
    },
    "2024-09-30": {
        "Tax Effect Of Unusual Items": 398160.0,
        "Tax Rate For Calcs": 0.21,
        "Normalized EBITDA": -3332000.0,
        "Total Unusual Items": 1896000.0,
        "Total Unusual Items Excluding Goodwill": 1896000.0,
        "Net Income From Continuing Operation Net Minority Interest": -6993000.0,
        "Reconciled Depreciation": 3484000.0,
        "Reconciled Cost Of Revenue": 18813000.0,
        "EBITDA": -1436000.0,
        "EBIT": -4920000.0,
        "Net Interest Income": 525000.0,
        "Interest Expense": 1804000.0,
        "Interest Income": 2433000.0,
        "Normalized Income": -8490840.0,
        "Net Income From Continuing And Discontinued Operation": -6993000.0,
        "Total Expenses": 92713000.0,
        "Total Operating Income As Reported": -19217000.0,
        "Diluted Average Shares": 77869000.0,
        "Basic Average Shares": 77869000.0,
        "Diluted EPS": -0.09,
        "Basic EPS": -0.09,
        "Diluted NI Availto Com Stockholders": -6993000.0,
        "Net Income Common Stockholders": -6993000.0,
        "Net Income": -6993000.0,
        "Net Income Including Noncontrolling Interests": -6993000.0,
        "Net Income Continuous Operations": -6993000.0,
        "Tax Provision": 269000.0,
        "Pretax Income": -6724000.0,
        "Other Income Expense": 1754000.0,
        "Other Non Operating Income Expenses": -142000.0,
        "Special Income Charges": 1896000.0,
        "Other Special Charges": -12110000.0,
        "Restructuring And Mergern Acquisition": 10214000.0,
        "Net Non Operating Interest Income Expense": 525000.0,
        "Total Other Finance Cost": 104000.0,
        "Interest Expense Non Operating": 1804000.0,
        "Interest Income Non Operating": 2433000.0,
        "Operating Income": -9003000.0,
        "Operating Expense": 72850000.0,
        "Depreciation Amortization Depletion Income Statement": 2434000.0,
        "Depreciation And Amortization In Income Statement": 2434000.0,
        "Amortization": 2434000.0,
        "Amortization Of Intangibles Income Statement": 2434000.0,
        "Research And Development": 20841000.0,
        "Selling General And Administration": 49575000.0,
        "Selling And Marketing Expense": 33140000.0,
        "General And Administrative Expense": 16435000.0,
        "Other Gand A": 16435000.0,
        "Gross Profit": 63847000.0,
        "Cost Of Revenue": 19863000.0,
        "Total Revenue": 83710000.0,
        "Operating Revenue": 83710000.0
    }
}