{
    "2023-03-31": {
        "Tax Effect Of Unusual Items": NaN,
        "Tax Rate For Calcs": NaN,
        "Normalized EBITDA": NaN,
        "Total Unusual Items": NaN,
        "Total Unusual Items Excluding Goodwill": NaN,
        "Net Income From Continuing Operation Net Minority Interest": NaN,
        "Reconciled Cost Of Revenue": NaN,
        "EBITDA": NaN,
        "EBIT": NaN,
        "Net Interest Income": NaN,
        "Interest Expense": NaN,
        "Interest Income": NaN,
        "Normalized Income": NaN,
        "Net Income From Continuing And Discontinued Operation": NaN,
        "Total Expenses": NaN,
        "Total Operating Income As Reported": NaN,
        "Diluted Average Shares": 410564084.0,
        "Basic Average Shares": 410564084.0,
        "Diluted EPS": -1.53,
        "Basic EPS": -1.53,
        "Diluted NI Availto Com Stockholders": NaN,
        "Net Income Common Stockholders": NaN,
        "Net Income": NaN,
        "Minority Interests": NaN,
        "Net Income Including Noncontrolling Interests": NaN,
        "Net Income Continuous Operations": NaN,
        "Tax Provision": NaN,
        "Pretax Income": NaN,
        "Other Income Expense": NaN,
        "Other Non Operating Income Expenses": NaN,
        "Special Income Charges": NaN,
        "Other Special Charges": NaN,
        "Gain On Sale Of Security": NaN,
        "Net Non Operating Interest Income Expense": NaN,
        "Interest Expense Non Operating": NaN,
        "Interest Income Non Operating": NaN,
        "Operating Income": NaN,
        "Operating Expense": NaN,
        "Research And Development": NaN,
        "Selling General And Administration": NaN,
        "Selling And Marketing Expense": NaN,
        "General And Administrative Expense": NaN,
        "Other Gand A": NaN,
        "Gross Profit": NaN,
        "Cost Of Revenue": NaN,
        "Total Revenue": NaN,
        "Operating Revenue": NaN
    },
    "2022-12-31": {
        "Tax Effect Of Unusual Items": NaN,
        "Tax Rate For Calcs": NaN,
        "Normalized EBITDA": NaN,
        "Total Unusual Items": NaN,
        "Total Unusual Items Excluding Goodwill": NaN,
        "Net Income From Continuing Operation Net Minority Interest": NaN,
        "Reconciled Depreciation": 895239000.0,
        "Reconciled Cost Of Revenue": NaN,
        "EBITDA": NaN,
        "EBIT": NaN,
        "Net Interest Income": NaN,
        "Interest Expense": NaN,
        "Interest Income": NaN,
        "Normalized Income": NaN,
        "Net Income From Continuing And Discontinued Operation": NaN,
        "Total Expenses": NaN,
        "Total Operating Income As Reported": NaN,
        "Diluted Average Shares": 396083505.0,
        "Basic Average Shares": 396083505.0,
        "Diluted EPS": -3.77,
        "Basic EPS": -3.77,
        "Diluted NI Availto Com Stockholders": NaN,
        "Net Income Common Stockholders": NaN,
        "Net Income": NaN,
        "Minority Interests": NaN,
        "Net Income Including Noncontrolling Interests": NaN,
        "Net Income Continuous Operations": NaN,
        "Tax Provision": NaN,
        "Pretax Income": NaN,
        "Other Income Expense": NaN,
        "Other Non Operating Income Expenses": NaN,
        "Special Income Charges": NaN,
        "Other Special Charges": NaN,
        "Gain On Sale Of Security": NaN,
        "Net Non Operating Interest Income Expense": NaN,
        "Interest Expense Non Operating": NaN,
        "Interest Income Non Operating": NaN,
        "Operating Income": NaN,
        "Operating Expense": NaN,
        "Research And Development": NaN,
        "Selling General And Administration": NaN,
        "Selling And Marketing Expense": NaN,
        "General And Administrative Expense": NaN,
        "Other Gand A": NaN,
        "Gross Profit": NaN,
        "Cost Of Revenue": NaN,
        "Total Revenue": NaN,
        "Operating Revenue": NaN
    },
    "2022-09-30": {
        "Tax Effect Of Unusual Items": NaN,
        "Tax Rate For Calcs": NaN,
        "Normalized EBITDA": NaN,
        "Total Unusual Items": NaN,
        "Total Unusual Items Excluding Goodwill": NaN,
        "Net Income From Continuing Operation Net Minority Interest": NaN,
        "Reconciled Depreciation": 940724000.0,
        "Reconciled Cost Of Revenue": NaN,
        "EBITDA": NaN,
        "EBIT": NaN,
        "Net Interest Income": NaN,
        "Interest Expense": NaN,
        "Interest Income": NaN,
        "Normalized Income": NaN,
        "Net Income From Continuing And Discontinued Operation": NaN,
        "Total Expenses": NaN,
        "Total Operating Income As Reported": NaN,
        "Diluted Average Shares": NaN,
        "Basic Average Shares": NaN,
        "Diluted EPS": NaN,
        "Basic EPS": NaN,
        "Diluted NI Availto Com Stockholders": NaN,
        "Net Income Common Stockholders": NaN,
        "Net Income": NaN,
        "Minority Interests": NaN,
        "Net Income Including Noncontrolling Interests": NaN,
        "Net Income Continuous Operations": NaN,
        "Tax Provision": NaN,
        "Pretax Income": NaN,
        "Other Income Expense": NaN,
        "Other Non Operating Income Expenses": NaN,
        "Special Income Charges": NaN,
        "Other Special Charges": NaN,
        "Gain On Sale Of Security": NaN,
        "Net Non Operating Interest Income Expense": NaN,
        "Interest Expense Non Operating": NaN,
        "Interest Income Non Operating": NaN,
        "Operating Income": NaN,
        "Operating Expense": NaN,
        "Research And Development": NaN,
        "Selling General And Administration": NaN,
        "Selling And Marketing Expense": NaN,
        "General And Administrative Expense": NaN,
        "Other Gand A": NaN,
        "Gross Profit": NaN,
        "Cost Of Revenue": NaN,
        "Total Revenue": NaN,
        "Operating Revenue": NaN
    },
    "2022-06-30": {
        "Tax Effect Of Unusual Items": 26712400.0,
        "Tax Rate For Calcs": 0.4,
        "Normalized EBITDA": -1989207000.0,
        "Total Unusual Items": 66781000.0,
        "Total Unusual Items Excluding Goodwill": 66781000.0,
        "Net Income From Continuing Operation Net Minority Interest": -2006927000.0,
        "Reconciled Depreciation": NaN,
        "Reconciled Cost Of Revenue": 4170646000.0,
        "EBITDA": -1922426000.0,
        "EBIT": -1922426000.0,
        "Net Interest Income": -5209000.0,
        "Interest Expense": 61177000.0,
        "Interest Income": 55968000.0,
        "Normalized Income": -2046995600.0,
        "Net Income From Continuing And Discontinued Operation": -2006927000.0,
        "Total Expenses": 7099993000.0,
        "Total Operating Income As Reported": -2191062000.0,
        "Diluted Average Shares": 394742634.0,
        "Basic Average Shares": 394742634.0,
        "Diluted EPS": -5.08,
        "Basic EPS": -5.08,
        "Diluted NI Availto Com Stockholders": -2006927000.0,
        "Net Income Common Stockholders": -2006927000.0,
        "Net Income": -2006927000.0,
        "Minority Interests": 3518000.0,
        "Net Income Including Noncontrolling Interests": -2010445000.0,
        "Net Income Continuous Operations": -2010445000.0,
        "Tax Provision": 26842000.0,
        "Pretax Income": -1983603000.0,
        "Other Income Expense": 212668000.0,
        "Other Non Operating Income Expenses": 145887000.0,
        "Special Income Charges": NaN,
        "Other Special Charges": NaN,
        "Gain On Sale Of Security": 66781000.0,
        "Net Non Operating Interest Income Expense": -5209000.0,
        "Interest Expense Non Operating": 61177000.0,
        "Interest Income Non Operating": 55968000.0,
        "Operating Income": -2191062000.0,
        "Operating Expense": 2929347000.0,
        "Research And Development": 1131708000.0,
        "Selling General And Administration": 1797639000.0,
        "Selling And Marketing Expense": 1171974000.0,
        "General And Administrative Expense": 625665000.0,
        "Other Gand A": 625665000.0,
        "Gross Profit": 738285000.0,
        "Cost Of Revenue": 4170646000.0,
        "Total Revenue": 4908931000.0,
        "Operating Revenue": 4908931000.0
    },
    "2022-03-31": {
        "Diluted EPS": -0.91,
        "Total Revenue": 797,
        "Gross Profit": 127,
        "Operating Income": -314,
        "EBIT": -314,
        "Net Income": -360
    },
    "2021-12-31": {
        "Diluted EPS": -0.89,
        "Total Revenue": 939,
        "Gross Profit": 179,
        "Operating Income": -324,
        "EBIT": -199,
        "Net Income": -339
    },
    "2021-09-30": {
        "Diluted EPS": -1.07,
        "Total Revenue": 805,
        "Gross Profit": 157,
        "Operating Income": -290,
        "EBIT": -290,
        "Net Income": -414
    },
    "2021-06-30": {
        "Diluted EPS": -0.45,
        "Total Revenue": 696,
        "Gross Profit": 153,
        "Operating Income": -236,
        "EBIT": -236,
        "Net Income": -174
    },
    "2021-03-31": {
        "Diluted EPS": -0.39,
        "Total Revenue": 602,
        "Gross Profit": 145,
        "Operating Income": -159,
        "EBIT": -159,
        "Net Income": -139
    },
    "2020-12-31": {
        "Diluted EPS": -0.42,
        "Total Revenue": 671,
        "Gross Profit": 164,
        "Operating Income": -161,
        "EBIT": -161,
        "Net Income": -148
    },
    "2020-09-30": {
        "Diluted EPS": -0.45,
        "Total Revenue": 466,
        "Gross Profit": 110,
        "Operating Income": -157,
        "EBIT": -157,
        "Net Income": -156
    },
    "2020-06-30": {
        "Diluted EPS": -0.23,
        "Total Revenue": 369,
        "Gross Profit": 85,
        "Operating Income": -86,
        "EBIT": -86,
        "Net Income": -80
    },
    "2020-03-31": {
        "Diluted EPS": -0.23,
        "Total Revenue": 332,
        "Gross Profit": 76,
        "Operating Income": -78,
        "EBIT": -27,
        "Net Income": -77
    },
    "2019-12-31": {
        "Diluted EPS": -0.16,
        "Total Revenue": 280,
        "Gross Profit": 56,
        "Operating Income": -58,
        "EBIT": -58,
        "Net Income": -54
    },
    "2019-09-30": {
        "Diluted EPS": -0.18,
        "Total Revenue": 265,
        "Gross Profit": 50,
        "Operating Income": -60,
        "EBIT": -60,
        "Net Income": -58
    },
    "2019-06-30": {
        "Diluted EPS": -0.14,
        "Total Revenue": 225,
        "Gross Profit": 37,
        "Operating Income": -51,
        "EBIT": -51,
        "Net Income": -46
    },
    "2019-03-31": {
        "Diluted EPS": -0.09,
        "Total Revenue": 204,
        "Gross Profit": 28,
        "Operating Income": -45,
        "EBIT": -45,
        "Net Income": -28
    },
    "2018-12-31": {
        "Diluted EPS": 0.06,
        "Total Revenue": 144,
        "Gross Profit": 23,
        "Operating Income": -39,
        "EBIT": -39,
        "Net Income": -24
    },
    "2018-09-30": {
        "Diluted EPS": -0.13,
        "Total Revenue": 159,
        "Gross Profit": 29,
        "Operating Income": -38,
        "EBIT": -38,
        "Net Income": -36
    },
    "2018-06-30": {
        "Diluted EPS": -0.04,
        "Total Revenue": 161,
        "Gross Profit": 39,
        "Operating Income": -17,
        "EBIT": -17,
        "Net Income": -11
    },
    "2018-03-31": {
        "Diluted EPS": -0.27,
        "Total Revenue": 137,
        "Gross Profit": 34,
        "Operating Income": -12,
        "EBIT": -12,
        "Net Income": -19
    },
    "2017-12-31": {
        "Diluted EPS": 0.0,
        "Total Revenue": NaN,
        "Gross Profit": NaN,
        "Operating Income": NaN,
        "EBIT": NaN,
        "Net Income": NaN
    },
    "2023-06-30": {
        "Tax Effect Of Unusual Items": NaN,
        "Tax Rate For Calcs": NaN,
        "Normalized EBITDA": NaN,
        "Total Unusual Items": NaN,
        "Total Unusual Items Excluding Goodwill": NaN,
        "Net Income From Continuing Operation Net Minority Interest": NaN,
        "Reconciled Cost Of Revenue": NaN,
        "EBITDA": NaN,
        "EBIT": NaN,
        "Net Interest Income": NaN,
        "Interest Expense": NaN,
        "Interest Income": NaN,
        "Normalized Income": NaN,
        "Net Income From Continuing And Discontinued Operation": NaN,
        "Total Expenses": NaN,
        "Total Operating Income As Reported": NaN,
        "Diluted Average Shares": NaN,
        "Basic Average Shares": NaN,
        "Diluted EPS": NaN,
        "Basic EPS": NaN,
        "Diluted NI Availto Com Stockholders": NaN,
        "Net Income Common Stockholders": NaN,
        "Net Income": NaN,
        "Minority Interests": NaN,
        "Net Income Including Noncontrolling Interests": NaN,
        "Net Income Continuous Operations": NaN,
        "Tax Provision": NaN,
        "Pretax Income": NaN,
        "Other Income Expense": NaN,
        "Other Non Operating Income Expenses": NaN,
        "Special Income Charges": NaN,
        "Other Special Charges": 54043000.0,
        "Gain On Sale Of Security": NaN,
        "Net Non Operating Interest Income Expense": NaN,
        "Interest Expense Non Operating": NaN,
        "Interest Income Non Operating": NaN,
        "Operating Income": NaN,
        "Operating Expense": NaN,
        "Research And Development": NaN,
        "Selling General And Administration": NaN,
        "Selling And Marketing Expense": NaN,
        "General And Administrative Expense": NaN,
        "Other Gand A": NaN,
        "Gross Profit": NaN,
        "Cost Of Revenue": NaN,
        "Total Revenue": NaN,
        "Operating Revenue": NaN
    },
    "2023-09-30": {
        "Tax Effect Of Unusual Items": -64765250.0,
        "Tax Rate For Calcs": 0.25,
        "Normalized EBITDA": -1030146000.0,
        "Total Unusual Items": -259061000.0,
        "Total Unusual Items Excluding Goodwill": -259061000.0,
        "Net Income From Continuing Operation Net Minority Interest": -1351444000.0,
        "Reconciled Cost Of Revenue": 4354664000.0,
        "EBITDA": -1289207000.0,
        "EBIT": -1289207000.0,
        "Net Interest Income": 87658000.0,
        "Interest Expense": 30064000.0,
        "Interest Income": 117722000.0,
        "Normalized Income": -1157148250.0,
        "Net Income From Continuing And Discontinued Operation": -1351444000.0,
        "Total Expenses": 6912254000.0,
        "Total Operating Income As Reported": -1107173000.0,
        "Diluted Average Shares": 413983020.0,
        "Basic Average Shares": 413983020.0,
        "Diluted EPS": -3.26,
        "Basic EPS": -3.26,
        "Diluted NI Availto Com Stockholders": -1351444000.0,
        "Net Income Common Stockholders": -1351444000.0,
        "Net Income": -1351444000.0,
        "Minority Interests": -14198000.0,
        "Net Income Including Noncontrolling Interests": -1337246000.0,
        "Net Income Continuous Operations": -1337246000.0,
        "Tax Provision": 17975000.0,
        "Pretax Income": -1319271000.0,
        "Other Income Expense": -299756000.0,
        "Other Non Operating Income Expenses": -40695000.0,
        "Special Income Charges": 9771000.0,
        "Other Special Charges": -9771000.0,
        "Gain On Sale Of Security": -268832000.0,
        "Net Non Operating Interest Income Expense": 87658000.0,
        "Interest Expense Non Operating": 30064000.0,
        "Interest Income Non Operating": 117722000.0,
        "Operating Income": -1107173000.0,
        "Operating Expense": 2557590000.0,
        "Research And Development": 1066155000.0,
        "Selling General And Administration": 1491435000.0,
        "Selling And Marketing Expense": 992303000.0,
        "General And Administrative Expense": 499132000.0,
        "Other Gand A": 499132000.0,
        "Gross Profit": 1450417000.0,
        "Cost Of Revenue": 4354664000.0,
        "Total Revenue": 5805081000.0,
        "Operating Revenue": 5805081000.0
    },
    "2023-12-31": {
        "Tax Effect Of Unusual Items": -48539000.0,
        "Tax Rate For Calcs": 0.25,
        "Normalized EBITDA": -1068213000.0,
        "Total Unusual Items": -194156000.0,
        "Total Unusual Items Excluding Goodwill": -194156000.0,
        "Net Income From Continuing Operation Net Minority Interest": -1296484000.0,
        "Reconciled Cost Of Revenue": 4689114000.0,
        "EBITDA": -1262369000.0,
        "EBIT": -1262369000.0,
        "Net Interest Income": 97269000.0,
        "Interest Expense": 29181000.0,
        "Interest Income": 126450000.0,
        "Normalized Income": -1150867000.0,
        "Net Income From Continuing And Discontinued Operation": -1296484000.0,
        "Total Expenses": 7653766000.0,
        "Total Operating Income As Reported": -1304670000.0,
        "Diluted Average Shares": 414793013.0,
        "Basic Average Shares": 414793013.0,
        "Diluted EPS": -3.13,
        "Basic EPS": -3.13,
        "Diluted NI Availto Com Stockholders": -1296484000.0,
        "Net Income Common Stockholders": -1296484000.0,
        "Net Income": -1296484000.0,
        "Minority Interests": 206000.0,
        "Net Income Including Noncontrolling Interests": -1296690000.0,
        "Net Income Continuous Operations": -1296690000.0,
        "Tax Provision": 5140000.0,
        "Pretax Income": -1291550000.0,
        "Other Income Expense": -84149000.0,
        "Other Non Operating Income Expenses": 110007000.0,
        "Special Income Charges": 0.0,
        "Other Special Charges": 0.0,
        "Gain On Sale Of Security": -194156000.0,
        "Net Non Operating Interest Income Expense": 97269000.0,
        "Interest Expense Non Operating": 29181000.0,
        "Interest Income Non Operating": 126450000.0,
        "Operating Income": -1304670000.0,
        "Operating Expense": 2964652000.0,
        "Research And Development": 1327282000.0,
        "Selling General And Administration": 1637370000.0,
        "Selling And Marketing Expense": 1125464000.0,
        "General And Administrative Expense": 511906000.0,
        "Other Gand A": 511906000.0,
        "Gross Profit": 1659982000.0,
        "Cost Of Revenue": 4689114000.0,
        "Total Revenue": 6349096000.0,
        "Operating Revenue": 6349096000.0
    },
    "2024-03-31": {
        "Tax Effect Of Unusual Items": -25072250.0,
        "Tax Rate For Calcs": 0.25,
        "Normalized EBITDA": -631206000.0,
        "Total Unusual Items": -100289000.0,
        "Total Unusual Items Excluding Goodwill": -100289000.0,
        "Net Income From Continuing Operation Net Minority Interest": -748545000.0,
        "Reconciled Cost Of Revenue": 4059240000.0,
        "EBITDA": -731495000.0,
        "EBIT": -731495000.0,
        "Net Interest Income": 101633000.0,
        "Interest Expense": 31574000.0,
        "Interest Income": 133207000.0,
        "Normalized Income": -673328250.0,
        "Net Income From Continuing And Discontinued Operation": -748545000.0,
        "Total Expenses": 6483196000.0,
        "Total Operating Income As Reported": -818596000.0,
        "Diluted Average Shares": 415274340.0,
        "Basic Average Shares": 415274340.0,
        "Diluted EPS": -1.8,
        "Basic EPS": -1.8,
        "Diluted NI Availto Com Stockholders": -748545000.0,
        "Net Income Common Stockholders": -748545000.0,
        "Net Income": -748545000.0,
        "Minority Interests": 16086000.0,
        "Net Income Including Noncontrolling Interests": -764631000.0,
        "Net Income Continuous Operations": -764631000.0,
        "Tax Provision": 1562000.0,
        "Pretax Income": -763069000.0,
        "Other Income Expense": -46106000.0,
        "Other Non Operating Income Expenses": 54183000.0,
        "Special Income Charges": -20980000.0,
        "Other Special Charges": 20980000.0,
        "Gain On Sale Of Security": -79309000.0,
        "Net Non Operating Interest Income Expense": 101633000.0,
        "Interest Expense Non Operating": 31574000.0,
        "Interest Income Non Operating": 133207000.0,
        "Operating Income": -818596000.0,
        "Operating Expense": 2423956000.0,
        "Research And Development": 965120000.0,
        "Selling General And Administration": 1458836000.0,
        "Selling And Marketing Expense": 927059000.0,
        "General And Administrative Expense": 531777000.0,
        "Other Gand A": 531777000.0,
        "Gross Profit": 1605360000.0,
        "Cost Of Revenue": 4059240000.0,
        "Total Revenue": 5664600000.0,
        "Operating Revenue": 5664600000.0
    },
    "2024-06-30": {
        "Tax Effect Of Unusual Items": -1101553.60791,
        "Tax Rate For Calcs": 0.010018,
        "Normalized EBITDA": -484535000.0,
        "Total Unusual Items": -109959000.0,
        "Total Unusual Items Excluding Goodwill": -109959000.0,
        "Net Income From Continuing Operation Net Minority Interest": -608700000.0,
        "Reconciled Cost Of Revenue": 4293943000.0,
        "EBITDA": -594494000.0,
        "EBIT": -594494000.0,
        "Net Interest Income": 80535000.0,
        "Interest Expense": 19809000.0,
        "Interest Income": 100344000.0,
        "Normalized Income": -499842553.60791,
        "Net Income From Continuing And Discontinued Operation": -608700000.0,
        "Total Expenses": 6712279000.0,
        "Total Operating Income As Reported": -585135000.0,
        "Diluted Average Shares": NaN,
        "Basic Average Shares": NaN,
        "Diluted EPS": NaN,
        "Basic EPS": NaN,
        "Diluted NI Availto Com Stockholders": -608700000.0,
        "Net Income Common Stockholders": -608700000.0,
        "Net Income": -608700000.0,
        "Minority Interests": -551000.0,
        "Net Income Including Noncontrolling Interests": -608149000.0,
        "Net Income Continuous Operations": -608149000.0,
        "Tax Provision": -6154000.0,
        "Pretax Income": -614303000.0,
        "Other Income Expense": -109703000.0,
        "Other Non Operating Income Expenses": 256000.0,
        "Special Income Charges": 0.0,
        "Other Special Charges": 0.0,
        "Gain On Sale Of Security": -109959000.0,
        "Net Non Operating Interest Income Expense": 80535000.0,
        "Interest Expense Non Operating": 19809000.0,
        "Interest Income Non Operating": 100344000.0,
        "Operating Income": -585135000.0,
        "Operating Expense": 2418336000.0,
        "Research And Development": 894701000.0,
        "Selling General And Administration": 1523635000.0,
        "Selling And Marketing Expense": 1035596000.0,
        "General And Administrative Expense": 488039000.0,
        "Other Gand A": 488039000.0,
        "Gross Profit": 1833201000.0,
        "Cost Of Revenue": 4293943000.0,
        "Total Revenue": 6127144000.0,
        "Operating Revenue": 6127144000.0
    },
    "2024-09-30": {
        "Tax Effect Of Unusual Items": -7335133.90914,
        "Tax Rate For Calcs": 0.095428,
        "Normalized EBITDA": 6466000.0,
        "Total Unusual Items": -76866000.0,
        "Total Unusual Items Excluding Goodwill": -76866000.0,
        "Net Income From Continuing Operation Net Minority Interest": -79515000.0,
        "Reconciled Cost Of Revenue": 4758434000.0,
        "EBITDA": -70400000.0,
        "EBIT": -70400000.0,
        "Net Interest Income": 73455000.0,
        "Interest Expense": 17824000.0,
        "Interest Income": 91279000.0,
        "Normalized Income": -9984133.90914,
        "Net Income From Continuing And Discontinued Operation": -79515000.0,
        "Total Expenses": 7372299000.0,
        "Total Operating Income As Reported": -66679000.0,
        "Diluted Average Shares": 417849446.0,
        "Basic Average Shares": 417849446.0,
        "Diluted EPS": -0.19,
        "Basic EPS": -0.19,
        "Diluted NI Availto Com Stockholders": -79515000.0,
        "Net Income Common Stockholders": -79515000.0,
        "Net Income": -79515000.0,
        "Minority Interests": 290000.0,
        "Net Income Including Noncontrolling Interests": -79805000.0,
        "Net Income Continuous Operations": -79805000.0,
        "Tax Provision": -8419000.0,
        "Pretax Income": -88224000.0,
        "Other Income Expense": -95000000.0,
        "Other Non Operating Income Expenses": -18134000.0,
        "Special Income Charges": 0.0,
        "Other Special Charges": NaN,
        "Gain On Sale Of Security": -76866000.0,
        "Net Non Operating Interest Income Expense": 73455000.0,
        "Interest Expense Non Operating": 17824000.0,
        "Interest Income Non Operating": 91279000.0,
        "Operating Income": -66679000.0,
        "Operating Expense": 2613865000.0,
        "Research And Development": 906072000.0,
        "Selling General And Administration": 1707793000.0,
        "Selling And Marketing Expense": 1202407000.0,
        "General And Administrative Expense": 505386000.0,
        "Other Gand A": 505386000.0,
        "Gross Profit": 2547186000.0,
        "Cost Of Revenue": 4758434000.0,
        "Total Revenue": 7305620000.0,
        "Operating Revenue": 7305620000.0
    }
}