{
    "2023-03-31": {
        "Tax Effect Of Unusual Items": NaN,
        "Tax Rate For Calcs": NaN,
        "Normalized EBITDA": NaN,
        "Total Unusual Items": 0.0,
        "Total Unusual Items Excluding Goodwill": 0.0,
        "Net Income From Continuing Operation Net Minority Interest": NaN,
        "Reconciled Depreciation": NaN,
        "Reconciled Cost Of Revenue": NaN,
        "EBITDA": NaN,
        "EBIT": NaN,
        "Net Interest Income": NaN,
        "Interest Expense": NaN,
        "Interest Income": NaN,
        "Normalized Income": NaN,
        "Net Income From Continuing And Discontinued Operation": NaN,
        "Total Expenses": NaN,
        "Total Operating Income As Reported": NaN,
        "Diluted Average Shares": NaN,
        "Basic Average Shares": NaN,
        "Diluted EPS": NaN,
        "Basic EPS": NaN,
        "Diluted NI Availto Com Stockholders": NaN,
        "Average Dilution Earnings": 0.0,
        "Net Income Common Stockholders": NaN,
        "Net Income": NaN,
        "Net Income Including Noncontrolling Interests": NaN,
        "Net Income Continuous Operations": NaN,
        "Tax Provision": NaN,
        "Pretax Income": NaN,
        "Other Income Expense": NaN,
        "Other Non Operating Income Expenses": NaN,
        "Special Income Charges": 0.0,
        "Other Special Charges": NaN,
        "Restructuring And Mergern Acquisition": 0.0,
        "Net Non Operating Interest Income Expense": NaN,
        "Interest Expense Non Operating": NaN,
        "Interest Income Non Operating": NaN,
        "Operating Income": NaN,
        "Operating Expense": NaN,
        "Provision For Doubtful Accounts": NaN,
        "Depreciation Amortization Depletion Income Statement": NaN,
        "Depreciation And Amortization In Income Statement": NaN,
        "Amortization": 12093000.0,
        "Amortization Of Intangibles Income Statement": 12093000.0,
        "Research And Development": NaN,
        "Selling General And Administration": NaN,
        "Selling And Marketing Expense": NaN,
        "General And Administrative Expense": NaN,
        "Other Gand A": NaN,
        "Gross Profit": NaN,
        "Cost Of Revenue": NaN,
        "Total Revenue": NaN,
        "Operating Revenue": NaN
    },
    "2022-12-31": {
        "Tax Effect Of Unusual Items": NaN,
        "Tax Rate For Calcs": NaN,
        "Normalized EBITDA": NaN,
        "Total Unusual Items": 0.0,
        "Total Unusual Items Excluding Goodwill": 0.0,
        "Net Income From Continuing Operation Net Minority Interest": NaN,
        "Reconciled Depreciation": NaN,
        "Reconciled Cost Of Revenue": NaN,
        "EBITDA": NaN,
        "EBIT": NaN,
        "Net Interest Income": NaN,
        "Interest Expense": NaN,
        "Interest Income": NaN,
        "Normalized Income": NaN,
        "Net Income From Continuing And Discontinued Operation": NaN,
        "Total Expenses": NaN,
        "Total Operating Income As Reported": NaN,
        "Diluted Average Shares": NaN,
        "Basic Average Shares": NaN,
        "Diluted EPS": NaN,
        "Basic EPS": NaN,
        "Diluted NI Availto Com Stockholders": NaN,
        "Average Dilution Earnings": NaN,
        "Net Income Common Stockholders": NaN,
        "Net Income": NaN,
        "Net Income Including Noncontrolling Interests": NaN,
        "Net Income Continuous Operations": NaN,
        "Tax Provision": NaN,
        "Pretax Income": NaN,
        "Other Income Expense": NaN,
        "Other Non Operating Income Expenses": NaN,
        "Special Income Charges": 0.0,
        "Other Special Charges": NaN,
        "Restructuring And Mergern Acquisition": 0.0,
        "Net Non Operating Interest Income Expense": NaN,
        "Interest Expense Non Operating": NaN,
        "Interest Income Non Operating": NaN,
        "Operating Income": NaN,
        "Operating Expense": NaN,
        "Depreciation Amortization Depletion Income Statement": NaN,
        "Depreciation And Amortization In Income Statement": NaN,
        "Amortization": NaN,
        "Amortization Of Intangibles Income Statement": NaN,
        "Research And Development": NaN,
        "Selling General And Administration": NaN,
        "Selling And Marketing Expense": NaN,
        "General And Administrative Expense": NaN,
        "Other Gand A": NaN,
        "Gross Profit": NaN,
        "Cost Of Revenue": NaN,
        "Total Revenue": NaN,
        "Operating Revenue": NaN
    },
    "2022-09-30": {
        "Tax Effect Of Unusual Items": 0.0,
        "Tax Rate For Calcs": 0.001309,
        "Normalized EBITDA": -64455000.0,
        "Net Income From Continuing Operation Net Minority Interest": -81640000.0,
        "Reconciled Depreciation": 23239000.0,
        "Reconciled Cost Of Revenue": 33887000.0,
        "EBITDA": -64455000.0,
        "EBIT": -87694000.0,
        "Net Interest Income": 8615000.0,
        "Interest Expense": 2849000.0,
        "Interest Income": 11464000.0,
        "Normalized Income": -81640000.0,
        "Net Income From Continuing And Discontinued Operation": -81640000.0,
        "Total Expenses": 317618000.0,
        "Total Operating Income As Reported": -87694000.0,
        "Diluted Average Shares": 104563192.0,
        "Basic Average Shares": 104563192.0,
        "Diluted EPS": -0.7839,
        "Basic EPS": -0.7839,
        "Diluted NI Availto Com Stockholders": -81640000.0,
        "Net Income Common Stockholders": -81640000.0,
        "Net Income": -81640000.0,
        "Net Income Including Noncontrolling Interests": -81640000.0,
        "Net Income Continuous Operations": -81640000.0,
        "Tax Provision": -107000.0,
        "Pretax Income": -81747000.0,
        "Other Income Expense": 5947000.0,
        "Other Non Operating Income Expenses": 5947000.0,
        "Net Non Operating Interest Income Expense": 8615000.0,
        "Interest Expense Non Operating": 2849000.0,
        "Interest Income Non Operating": 11464000.0,
        "Operating Income": -87694000.0,
        "Operating Expense": 272511000.0,
        "Depreciation Amortization Depletion Income Statement": 12019000.0,
        "Depreciation And Amortization In Income Statement": 12019000.0,
        "Research And Development": 75121000.0,
        "Selling General And Administration": 185371000.0,
        "Selling And Marketing Expense": 118633000.0,
        "General And Administrative Expense": 66738000.0,
        "Other Gand A": 66738000.0,
        "Salaries And Wages": NaN,
        "Gross Profit": 184817000.0,
        "Cost Of Revenue": 45107000.0,
        "Total Revenue": 229924000.0,
        "Operating Revenue": 229924000.0
    },
    "2022-06-30": {
        "Tax Effect Of Unusual Items": 0.0,
        "Tax Rate For Calcs": 0.4,
        "Normalized EBITDA": -60280000.0,
        "Net Income From Continuing Operation Net Minority Interest": -84942000.0,
        "Reconciled Depreciation": 23075000.0,
        "Reconciled Cost Of Revenue": 32423000.0,
        "EBITDA": -60280000.0,
        "EBIT": -83355000.0,
        "Net Interest Income": 1601000.0,
        "Interest Expense": 2634000.0,
        "Interest Income": 4235000.0,
        "Normalized Income": -84942000.0,
        "Net Income From Continuing And Discontinued Operation": -84942000.0,
        "Total Expenses": 283576000.0,
        "Total Operating Income As Reported": -83355000.0,
        "Diluted Average Shares": 102419096.0,
        "Basic Average Shares": 102419096.0,
        "Diluted EPS": -0.81405,
        "Basic EPS": -0.81405,
        "Diluted NI Availto Com Stockholders": -84942000.0,
        "Net Income Common Stockholders": -84942000.0,
        "Net Income": -84942000.0,
        "Net Income Including Noncontrolling Interests": -84942000.0,
        "Net Income Continuous Operations": -84942000.0,
        "Tax Provision": 617000.0,
        "Pretax Income": -84325000.0,
        "Other Income Expense": -970000.0,
        "Other Non Operating Income Expenses": -970000.0,
        "Net Non Operating Interest Income Expense": 1601000.0,
        "Interest Expense Non Operating": 2634000.0,
        "Interest Income Non Operating": 4235000.0,
        "Operating Income": -83355000.0,
        "Operating Expense": 240135000.0,
        "Depreciation Amortization Depletion Income Statement": 12057000.0,
        "Depreciation And Amortization In Income Statement": 12057000.0,
        "Research And Development": 66908000.0,
        "Selling General And Administration": 161170000.0,
        "Selling And Marketing Expense": 102484000.0,
        "General And Administrative Expense": 58686000.0,
        "Other Gand A": 58686000.0,
        "Salaries And Wages": NaN,
        "Gross Profit": 156780000.0,
        "Cost Of Revenue": 43441000.0,
        "Total Revenue": 200221000.0,
        "Operating Revenue": 200221000.0
    },
    "2022-03-31": {
        "Diluted EPS": -0.84,
        "Total Revenue": 167,
        "Gross Profit": 130,
        "Operating Income": -83,
        "EBIT": -59,
        "Net Income": -87
    },
    "2021-12-31": {
        "Diluted EPS": -0.78,
        "Total Revenue": 156,
        "Gross Profit": 122,
        "Operating Income": -76,
        "EBIT": -52,
        "Net Income": -80
    },
    "2021-09-30": {
        "Diluted EPS": -0.78,
        "Total Revenue": 118,
        "Gross Profit": 89,
        "Operating Income": -74,
        "EBIT": -55,
        "Net Income": -74
    },
    "2021-06-30": {
        "Diluted EPS": -0.5,
        "Total Revenue": 78,
        "Gross Profit": 58,
        "Operating Income": -71,
        "EBIT": -51,
        "Net Income": -42
    },
    "2021-03-31": {
        "Diluted EPS": -0.32,
        "Total Revenue": 60,
        "Gross Profit": 44,
        "Operating Income": -15,
        "EBIT": -2,
        "Net Income": -27
    },
    "2020-12-31": {
        "Diluted EPS": -0.21,
        "Total Revenue": 54,
        "Gross Profit": 40,
        "Operating Income": -14,
        "EBIT": -9,
        "Net Income": -17
    },
    "2020-09-30": {
        "Diluted EPS": -0.16,
        "Total Revenue": 46,
        "Gross Profit": 34,
        "Operating Income": -14,
        "EBIT": -13,
        "Net Income": -13
    },
    "2020-06-30": {
        "Diluted EPS": 0.44,
        "Total Revenue": 42,
        "Gross Profit": 32,
        "Operating Income": -10,
        "EBIT": -9,
        "Net Income": -9
    },
    "2020-03-31": {
        "Diluted EPS": -0.11,
        "Total Revenue": 41,
        "Gross Profit": 31,
        "Operating Income": -10,
        "EBIT": -9,
        "Net Income": -8
    },
    "2019-12-31": {
        "Diluted EPS": -0.34,
        "Total Revenue": 39,
        "Gross Profit": 29,
        "Operating Income": -8,
        "EBIT": -7,
        "Net Income": -8
    },
    "2019-09-30": {
        "Diluted EPS": -0.69,
        "Total Revenue": 35,
        "Gross Profit": 26,
        "Operating Income": -6,
        "EBIT": -5,
        "Net Income": -6
    },
    "2019-06-30": {
        "Diluted EPS": -0.57,
        "Total Revenue": 32,
        "Gross Profit": 23,
        "Operating Income": -5,
        "EBIT": -4,
        "Net Income": -4
    },
    "2019-03-31": {
        "Diluted EPS": -0.26,
        "Total Revenue": 28,
        "Gross Profit": 20,
        "Operating Income": -3,
        "EBIT": -2,
        "Net Income": -2
    },
    "2018-12-31": {
        "Diluted EPS": 0.01,
        "Total Revenue": 26,
        "Gross Profit": 19,
        "Operating Income": -1,
        "EBIT": 0,
        "Net Income": 0
    },
    "2018-09-30": {
        "Diluted EPS": -0.12,
        "Total Revenue": 22,
        "Gross Profit": 16,
        "Operating Income": -1,
        "EBIT": 0,
        "Net Income": -1
    },
    "2018-06-30": {
        "Diluted EPS": 0.0,
        "Total Revenue": NaN,
        "Gross Profit": NaN,
        "Operating Income": NaN,
        "EBIT": NaN,
        "Net Income": NaN
    },
    "2023-06-30": {
        "Tax Effect Of Unusual Items": NaN,
        "Tax Rate For Calcs": NaN,
        "Normalized EBITDA": NaN,
        "Total Unusual Items": NaN,
        "Total Unusual Items Excluding Goodwill": NaN,
        "Net Income From Continuing Operation Net Minority Interest": NaN,
        "Reconciled Depreciation": NaN,
        "Reconciled Cost Of Revenue": NaN,
        "EBITDA": NaN,
        "EBIT": NaN,
        "Net Interest Income": NaN,
        "Interest Expense": NaN,
        "Interest Income": NaN,
        "Normalized Income": NaN,
        "Net Income From Continuing And Discontinued Operation": NaN,
        "Total Expenses": NaN,
        "Total Operating Income As Reported": NaN,
        "Diluted Average Shares": 106414000.0,
        "Basic Average Shares": 106414000.0,
        "Diluted EPS": -0.15,
        "Basic EPS": -0.15,
        "Diluted NI Availto Com Stockholders": NaN,
        "Average Dilution Earnings": NaN,
        "Net Income Common Stockholders": NaN,
        "Net Income": NaN,
        "Net Income Including Noncontrolling Interests": NaN,
        "Net Income Continuous Operations": NaN,
        "Tax Provision": NaN,
        "Pretax Income": NaN,
        "Other Income Expense": NaN,
        "Other Non Operating Income Expenses": NaN,
        "Special Income Charges": NaN,
        "Other Special Charges": NaN,
        "Restructuring And Mergern Acquisition": NaN,
        "Net Non Operating Interest Income Expense": NaN,
        "Interest Expense Non Operating": NaN,
        "Interest Income Non Operating": NaN,
        "Operating Income": NaN,
        "Operating Expense": NaN,
        "Provision For Doubtful Accounts": NaN,
        "Depreciation Amortization Depletion Income Statement": NaN,
        "Depreciation And Amortization In Income Statement": NaN,
        "Amortization": 12347000.0,
        "Amortization Of Intangibles Income Statement": 12347000.0,
        "Research And Development": NaN,
        "Selling General And Administration": NaN,
        "Selling And Marketing Expense": NaN,
        "General And Administrative Expense": NaN,
        "Other Gand A": NaN,
        "Gross Profit": NaN,
        "Cost Of Revenue": NaN,
        "Total Revenue": NaN,
        "Operating Revenue": NaN
    },
    "2023-09-30": {
        "Tax Effect Of Unusual Items": 0.0,
        "Tax Rate For Calcs": 0.21,
        "Normalized EBITDA": 2690000.0,
        "Total Unusual Items": NaN,
        "Total Unusual Items Excluding Goodwill": NaN,
        "Net Income From Continuing Operation Net Minority Interest": -27861000.0,
        "Reconciled Depreciation": 25291000.0,
        "Reconciled Cost Of Revenue": 43552000.0,
        "EBITDA": 2690000.0,
        "EBIT": -22601000.0,
        "Net Interest Income": 29615000.0,
        "Interest Expense": 4738000.0,
        "Interest Income": 34353000.0,
        "Normalized Income": -27861000.0,
        "Net Income From Continuing And Discontinued Operation": -27861000.0,
        "Total Expenses": 361632000.0,
        "Total Operating Income As Reported": -56647000.0,
        "Diluted Average Shares": 106817000.0,
        "Basic Average Shares": 106817000.0,
        "Diluted EPS": -0.26,
        "Basic EPS": -0.26,
        "Diluted NI Availto Com Stockholders": -27861000.0,
        "Average Dilution Earnings": NaN,
        "Net Income Common Stockholders": -27861000.0,
        "Net Income": -27861000.0,
        "Net Income Including Noncontrolling Interests": -27861000.0,
        "Net Income Continuous Operations": -27861000.0,
        "Tax Provision": 522000.0,
        "Pretax Income": -27339000.0,
        "Other Income Expense": -307000.0,
        "Other Non Operating Income Expenses": -307000.0,
        "Special Income Charges": NaN,
        "Other Special Charges": NaN,
        "Restructuring And Mergern Acquisition": NaN,
        "Net Non Operating Interest Income Expense": 29615000.0,
        "Interest Expense Non Operating": 4738000.0,
        "Interest Income Non Operating": 34353000.0,
        "Operating Income": -56647000.0,
        "Operating Expense": 305606000.0,
        "Provision For Doubtful Accounts": 12075000.0,
        "Depreciation Amortization Depletion Income Statement": 12817000.0,
        "Depreciation And Amortization In Income Statement": 12817000.0,
        "Amortization": 12817000.0,
        "Amortization Of Intangibles Income Statement": 12817000.0,
        "Research And Development": 89065000.0,
        "Selling General And Administration": 191649000.0,
        "Selling And Marketing Expense": 118398000.0,
        "General And Administrative Expense": 73251000.0,
        "Other Gand A": 73251000.0,
        "Gross Profit": 248959000.0,
        "Cost Of Revenue": 56026000.0,
        "Total Revenue": 304985000.0,
        "Operating Revenue": 304985000.0
    },
    "2023-12-31": {
        "Tax Effect Of Unusual Items": -5269110.0,
        "Tax Rate For Calcs": 0.21,
        "Normalized EBITDA": 16938000.0,
        "Total Unusual Items": -25091000.0,
        "Total Unusual Items Excluding Goodwill": -25091000.0,
        "Net Income From Continuing Operation Net Minority Interest": -40421000.0,
        "Reconciled Depreciation": 25849000.0,
        "Reconciled Cost Of Revenue": 44852000.0,
        "EBITDA": -8153000.0,
        "EBIT": -34002000.0,
        "Net Interest Income": 29028000.0,
        "Interest Expense": 4753000.0,
        "Interest Income": 33781000.0,
        "Normalized Income": -20599110.0,
        "Net Income From Continuing And Discontinued Operation": -40421000.0,
        "Total Expenses": 361078000.0,
        "Total Operating Income As Reported": -67674000.0,
        "Diluted Average Shares": 105914000.0,
        "Basic Average Shares": 105914000.0,
        "Diluted EPS": -0.38,
        "Basic EPS": -0.38,
        "Diluted NI Availto Com Stockholders": -40421000.0,
        "Average Dilution Earnings": NaN,
        "Net Income Common Stockholders": -40421000.0,
        "Net Income": -40421000.0,
        "Net Income Including Noncontrolling Interests": -40421000.0,
        "Net Income Continuous Operations": -40421000.0,
        "Tax Provision": 1666000.0,
        "Pretax Income": -38755000.0,
        "Other Income Expense": -25200000.0,
        "Other Non Operating Income Expenses": -109000.0,
        "Special Income Charges": -25091000.0,
        "Other Special Charges": NaN,
        "Restructuring And Mergern Acquisition": 25091000.0,
        "Net Non Operating Interest Income Expense": 29028000.0,
        "Interest Expense Non Operating": 4753000.0,
        "Interest Income Non Operating": 33781000.0,
        "Operating Income": -42583000.0,
        "Operating Expense": 302701000.0,
        "Provision For Doubtful Accounts": NaN,
        "Depreciation Amortization Depletion Income Statement": 12324000.0,
        "Depreciation And Amortization In Income Statement": 12324000.0,
        "Amortization": 12324000.0,
        "Amortization Of Intangibles Income Statement": 12324000.0,
        "Research And Development": 86489000.0,
        "Selling General And Administration": 203888000.0,
        "Selling And Marketing Expense": 118305000.0,
        "General And Administrative Expense": 85583000.0,
        "Other Gand A": 85583000.0,
        "Gross Profit": 260118000.0,
        "Cost Of Revenue": 58377000.0,
        "Total Revenue": 318495000.0,
        "Operating Revenue": 318495000.0
    },
    "2024-03-31": {
        "Tax Effect Of Unusual Items": 370160.974549,
        "Tax Rate For Calcs": 0.011498,
        "Normalized EBITDA": 30745000.0,
        "Total Unusual Items": 32193000.0,
        "Total Unusual Items Excluding Goodwill": 32193000.0,
        "Net Income From Continuing Operation Net Minority Interest": 31809000.0,
        "Reconciled Depreciation": 26022000.0,
        "Reconciled Cost Of Revenue": 41252000.0,
        "EBITDA": 62938000.0,
        "EBIT": 36916000.0,
        "Net Interest Income": 25719000.0,
        "Interest Expense": 4737000.0,
        "Interest Income": 30456000.0,
        "Normalized Income": -13839.025451,
        "Net Income From Continuing And Discontinued Operation": 31809000.0,
        "Total Expenses": 348546000.0,
        "Total Operating Income As Reported": -27622000.0,
        "Diluted Average Shares": 111176000.0,
        "Basic Average Shares": 105436000.0,
        "Diluted EPS": 0.001511,
        "Basic EPS": 0.3,
        "Diluted NI Availto Com Stockholders": 168000.0,
        "Average Dilution Earnings": -31641000.0,
        "Net Income Common Stockholders": 31809000.0,
        "Net Income": 31809000.0,
        "Net Income Including Noncontrolling Interests": 31809000.0,
        "Net Income Continuous Operations": 31809000.0,
        "Tax Provision": 370000.0,
        "Pretax Income": 32179000.0,
        "Other Income Expense": 31978000.0,
        "Other Non Operating Income Expenses": -215000.0,
        "Special Income Charges": 32193000.0,
        "Other Special Charges": -34297000.0,
        "Restructuring And Mergern Acquisition": 2104000.0,
        "Net Non Operating Interest Income Expense": 25719000.0,
        "Interest Expense Non Operating": 4737000.0,
        "Interest Income Non Operating": 30456000.0,
        "Operating Income": -25518000.0,
        "Operating Expense": 293534000.0,
        "Provision For Doubtful Accounts": NaN,
        "Depreciation Amortization Depletion Income Statement": 12262000.0,
        "Depreciation And Amortization In Income Statement": 12262000.0,
        "Amortization": 12262000.0,
        "Amortization Of Intangibles Income Statement": 12262000.0,
        "Research And Development": 81594000.0,
        "Selling General And Administration": 199678000.0,
        "Selling And Marketing Expense": 118105000.0,
        "General And Administrative Expense": 81573000.0,
        "Other Gand A": 81573000.0,
        "Gross Profit": 268016000.0,
        "Cost Of Revenue": 55012000.0,
        "Total Revenue": 323028000.0,
        "Operating Revenue": 323028000.0
    },
    "2024-06-30": {
        "Tax Effect Of Unusual Items": 0.0,
        "Tax Rate For Calcs": 0.0,
        "Normalized EBITDA": 27967000.0,
        "Total Unusual Items": 10583000.0,
        "Total Unusual Items Excluding Goodwill": 10583000.0,
        "Net Income From Continuing Operation Net Minority Interest": 7595000.0,
        "Reconciled Depreciation": 26001000.0,
        "Reconciled Cost Of Revenue": 50869000.0,
        "EBITDA": 38550000.0,
        "EBIT": 12549000.0,
        "Net Interest Income": 18755000.0,
        "Interest Expense": 4954000.0,
        "Interest Income": 23709000.0,
        "Normalized Income": -2988000.0,
        "Net Income From Continuing And Discontinued Operation": 7595000.0,
        "Total Expenses": 365496000.0,
        "Total Operating Income As Reported": -22224000.0,
        "Diluted Average Shares": NaN,
        "Basic Average Shares": NaN,
        "Diluted EPS": NaN,
        "Basic EPS": NaN,
        "Diluted NI Availto Com Stockholders": 7595000.0,
        "Average Dilution Earnings": NaN,
        "Net Income Common Stockholders": 7595000.0,
        "Net Income": 7595000.0,
        "Net Income Including Noncontrolling Interests": 7595000.0,
        "Net Income Continuous Operations": 7595000.0,
        "Tax Provision": 0.0,
        "Pretax Income": 7595000.0,
        "Other Income Expense": 10672000.0,
        "Other Non Operating Income Expenses": 89000.0,
        "Special Income Charges": 10583000.0,
        "Other Special Charges": -10975000.0,
        "Restructuring And Mergern Acquisition": 392000.0,
        "Net Non Operating Interest Income Expense": 18755000.0,
        "Interest Expense Non Operating": 4954000.0,
        "Interest Income Non Operating": 23709000.0,
        "Operating Income": -21832000.0,
        "Operating Expense": 300295000.0,
        "Provision For Doubtful Accounts": NaN,
        "Depreciation Amortization Depletion Income Statement": 11669000.0,
        "Depreciation And Amortization In Income Statement": 11669000.0,
        "Amortization": NaN,
        "Amortization Of Intangibles Income Statement": NaN,
        "Research And Development": 79609000.0,
        "Selling General And Administration": 148912000.0,
        "Selling And Marketing Expense": 123732000.0,
        "General And Administrative Expense": 25180000.0,
        "Other Gand A": 25180000.0,
        "Gross Profit": 278463000.0,
        "Cost Of Revenue": 65201000.0,
        "Total Revenue": 343664000.0,
        "Operating Revenue": 343664000.0
    },
    "2024-09-30": {
        "Tax Effect Of Unusual Items": 0.0,
        "Tax Rate For Calcs": 0.124558,
        "Normalized EBITDA": 39019000.0,
        "Total Unusual Items": NaN,
        "Total Unusual Items Excluding Goodwill": NaN,
        "Net Income From Continuing Operation Net Minority Interest": 8912000.0,
        "Reconciled Depreciation": 24051000.0,
        "Reconciled Cost Of Revenue": 49658000.0,
        "EBITDA": 39019000.0,
        "EBIT": 14968000.0,
        "Net Interest Income": 18036000.0,
        "Interest Expense": 4788000.0,
        "Interest Income": 22824000.0,
        "Normalized Income": 8912000.0,
        "Net Income From Continuing And Discontinued Operation": 8912000.0,
        "Total Expenses": 366148000.0,
        "Total Operating Income As Reported": -7698000.0,
        "Diluted Average Shares": 107322000.0,
        "Basic Average Shares": 105672000.0,
        "Diluted EPS": 0.08,
        "Basic EPS": 0.08,
        "Diluted NI Availto Com Stockholders": 8912000.0,
        "Average Dilution Earnings": NaN,
        "Net Income Common Stockholders": 8912000.0,
        "Net Income": 8912000.0,
        "Net Income Including Noncontrolling Interests": 8912000.0,
        "Net Income Continuous Operations": 8912000.0,
        "Tax Provision": 1268000.0,
        "Pretax Income": 10180000.0,
        "Other Income Expense": -158000.0,
        "Other Non Operating Income Expenses": -158000.0,
        "Special Income Charges": NaN,
        "Other Special Charges": NaN,
        "Restructuring And Mergern Acquisition": NaN,
        "Net Non Operating Interest Income Expense": 18036000.0,
        "Interest Expense Non Operating": 4788000.0,
        "Interest Income Non Operating": 22824000.0,
        "Operating Income": -7698000.0,
        "Operating Expense": 301452000.0,
        "Provision For Doubtful Accounts": 20661000.0,
        "Depreciation Amortization Depletion Income Statement": 9013000.0,
        "Depreciation And Amortization In Income Statement": 9013000.0,
        "Amortization": NaN,
        "Amortization Of Intangibles Income Statement": NaN,
        "Research And Development": 78685000.0,
        "Selling General And Administration": 193093000.0,
        "Selling And Marketing Expense": 126322000.0,
        "General And Administrative Expense": 66771000.0,
        "Other Gand A": 66771000.0,
        "Gross Profit": 293754000.0,
        "Cost Of Revenue": 64696000.0,
        "Total Revenue": 358450000.0,
        "Operating Revenue": 358450000.0
    }
}