{
    "2023-03-31": {
        "Tax Effect Of Unusual Items": -2969186.0,
        "Tax Rate For Calcs": 0.187,
        "Normalized EBITDA": 148644000.0,
        "Total Unusual Items": -15878000.0,
        "Total Unusual Items Excluding Goodwill": -15878000.0,
        "Net Income From Continuing Operation Net Minority Interest": 68962000.0,
        "Reconciled Depreciation": 35600000.0,
        "Reconciled Cost Of Revenue": 314427000.0,
        "EBITDA": 132766000.0,
        "EBIT": 97166000.0,
        "Net Interest Income": 37963000.0,
        "Interest Expense": 12337000.0,
        "Interest Income": 50300000.0,
        "Normalized Income": 81870814.0,
        "Net Income From Continuing And Discontinued Operation": 68962000.0,
        "Total Expenses": 614931000.0,
        "Total Operating Income As Reported": 61913000.0,
        "Diluted Average Shares": 29747000.0,
        "Basic Average Shares": 29596000.0,
        "Diluted EPS": 2.32,
        "Basic EPS": 2.33,
        "Diluted NI Availto Com Stockholders": 68962000.0,
        "Net Income Common Stockholders": 68962000.0,
        "Net Income": 68962000.0,
        "Net Income Including Noncontrolling Interests": 68962000.0,
        "Net Income Continuous Operations": 68962000.0,
        "Tax Provision": 15867000.0,
        "Pretax Income": 84829000.0,
        "Other Income Expense": -15078000.0,
        "Other Non Operating Income Expenses": 800000.0,
        "Special Income Charges": NaN,
        "Gain On Sale Of Business": NaN,
        "Write Off": NaN,
        "Gain On Sale Of Security": -15878000.0,
        "Net Non Operating Interest Income Expense": 37963000.0,
        "Interest Expense Non Operating": 12337000.0,
        "Interest Income Non Operating": 50300000.0,
        "Operating Income": 61913000.0,
        "Operating Expense": 300504000.0,
        "Research And Development": 74951000.0,
        "Selling General And Administration": 225553000.0,
        "Gross Profit": 362417000.0,
        "Cost Of Revenue": 314427000.0,
        "Total Revenue": 676844000.0,
        "Operating Revenue": 676844000.0
    },
    "2022-12-31": {
        "Tax Effect Of Unusual Items": NaN,
        "Tax Rate For Calcs": NaN,
        "Normalized EBITDA": NaN,
        "Total Unusual Items": NaN,
        "Total Unusual Items Excluding Goodwill": NaN,
        "Net Income From Continuing Operation Net Minority Interest": NaN,
        "Reconciled Depreciation": NaN,
        "Reconciled Cost Of Revenue": NaN,
        "EBITDA": NaN,
        "EBIT": NaN,
        "Net Interest Income": NaN,
        "Interest Expense": NaN,
        "Interest Income": NaN,
        "Normalized Income": NaN,
        "Net Income From Continuing And Discontinued Operation": NaN,
        "Total Expenses": NaN,
        "Total Operating Income As Reported": NaN,
        "Diluted Average Shares": NaN,
        "Basic Average Shares": NaN,
        "Diluted EPS": NaN,
        "Basic EPS": NaN,
        "Diluted NI Availto Com Stockholders": NaN,
        "Net Income Common Stockholders": NaN,
        "Net Income": NaN,
        "Net Income Including Noncontrolling Interests": NaN,
        "Net Income Continuous Operations": NaN,
        "Tax Provision": NaN,
        "Pretax Income": NaN,
        "Other Income Expense": NaN,
        "Other Non Operating Income Expenses": NaN,
        "Special Income Charges": -6800000.0,
        "Gain On Sale Of Business": 0.0,
        "Write Off": 11900000.0,
        "Gain On Sale Of Security": NaN,
        "Net Non Operating Interest Income Expense": NaN,
        "Interest Expense Non Operating": NaN,
        "Interest Income Non Operating": NaN,
        "Operating Income": NaN,
        "Operating Expense": NaN,
        "Research And Development": NaN,
        "Selling General And Administration": NaN,
        "Gross Profit": NaN,
        "Cost Of Revenue": NaN,
        "Total Revenue": NaN,
        "Operating Revenue": NaN
    },
    "2022-09-30": {
        "Tax Effect Of Unusual Items": NaN,
        "Tax Rate For Calcs": NaN,
        "Normalized EBITDA": NaN,
        "Total Unusual Items": NaN,
        "Total Unusual Items Excluding Goodwill": NaN,
        "Net Income From Continuing Operation Net Minority Interest": NaN,
        "Reconciled Depreciation": NaN,
        "Reconciled Cost Of Revenue": NaN,
        "EBITDA": NaN,
        "EBIT": NaN,
        "Net Interest Income": NaN,
        "Interest Expense": NaN,
        "Interest Income": NaN,
        "Normalized Income": NaN,
        "Net Income From Continuing And Discontinued Operation": NaN,
        "Total Expenses": NaN,
        "Total Operating Income As Reported": NaN,
        "Diluted Average Shares": NaN,
        "Basic Average Shares": NaN,
        "Diluted EPS": NaN,
        "Basic EPS": NaN,
        "Diluted NI Availto Com Stockholders": NaN,
        "Net Income Common Stockholders": NaN,
        "Net Income": NaN,
        "Net Income Including Noncontrolling Interests": NaN,
        "Net Income Continuous Operations": NaN,
        "Tax Provision": NaN,
        "Pretax Income": NaN,
        "Other Income Expense": NaN,
        "Other Non Operating Income Expenses": NaN,
        "Special Income Charges": -5100000.0,
        "Gain On Sale Of Business": 0.0,
        "Other Special Charges": 5100000.0,
        "Write Off": 0.0,
        "Gain On Sale Of Security": NaN,
        "Net Non Operating Interest Income Expense": NaN,
        "Interest Expense Non Operating": NaN,
        "Interest Income Non Operating": NaN,
        "Operating Income": NaN,
        "Operating Expense": NaN,
        "Research And Development": NaN,
        "Selling General And Administration": NaN,
        "Gross Profit": NaN,
        "Cost Of Revenue": NaN,
        "Total Revenue": NaN,
        "Operating Revenue": NaN
    },
    "2022-06-30": {
        "Tax Effect Of Unusual Items": -324059054.0,
        "Tax Rate For Calcs": 0.242,
        "Normalized EBITDA": 159538000.0,
        "Total Unusual Items": -1339087000.0,
        "Total Unusual Items Excluding Goodwill": -1339087000.0,
        "Net Income From Continuing Operation Net Minority Interest": -927184000.0,
        "Reconciled Depreciation": 32611000.0,
        "Reconciled Cost Of Revenue": 295118000.0,
        "EBITDA": -1179549000.0,
        "EBIT": -1212160000.0,
        "Net Interest Income": -10720000.0,
        "Interest Expense": 10720000.0,
        "Interest Income": 5500000.0,
        "Normalized Income": 87843946.0,
        "Net Income From Continuing And Discontinued Operation": -927184000.0,
        "Total Expenses": 570882000.0,
        "Total Operating Income As Reported": 120217000.0,
        "Diluted Average Shares": 29794000.0,
        "Basic Average Shares": 29794000.0,
        "Diluted EPS": -31.05,
        "Basic EPS": -31.05,
        "Diluted NI Availto Com Stockholders": -927184000.0,
        "Net Income Common Stockholders": -927184000.0,
        "Net Income": -927184000.0,
        "Net Income Including Noncontrolling Interests": -927184000.0,
        "Net Income Continuous Operations": -927184000.0,
        "Tax Provision": -295696000.0,
        "Pretax Income": -1222880000.0,
        "Other Income Expense": -1332377000.0,
        "Other Non Operating Income Expenses": 6710000.0,
        "Special Income Charges": 1400000.0,
        "Gain On Sale Of Business": 1400000.0,
        "Other Special Charges": NaN,
        "Write Off": 0.0,
        "Gain On Sale Of Security": -1339087000.0,
        "Net Non Operating Interest Income Expense": -10720000.0,
        "Interest Expense Non Operating": 10720000.0,
        "Interest Income Non Operating": 5500000.0,
        "Operating Income": 120217000.0,
        "Operating Expense": 275764000.0,
        "Research And Development": 67034000.0,
        "Selling General And Administration": 208730000.0,
        "Gross Profit": 395981000.0,
        "Cost Of Revenue": 295118000.0,
        "Total Revenue": 691099000.0,
        "Operating Revenue": 691099000.0
    },
    "2023-06-30": {
        "Tax Effect Of Unusual Items": NaN,
        "Tax Rate For Calcs": NaN,
        "Normalized EBITDA": NaN,
        "Total Unusual Items": NaN,
        "Total Unusual Items Excluding Goodwill": NaN,
        "Net Income From Continuing Operation Net Minority Interest": NaN,
        "Reconciled Depreciation": NaN,
        "Reconciled Cost Of Revenue": NaN,
        "EBITDA": NaN,
        "EBIT": NaN,
        "Net Interest Income": NaN,
        "Interest Expense": NaN,
        "Interest Income": NaN,
        "Normalized Income": NaN,
        "Net Income From Continuing And Discontinued Operation": NaN,
        "Total Expenses": NaN,
        "Total Operating Income As Reported": NaN,
        "Diluted Average Shares": NaN,
        "Basic Average Shares": NaN,
        "Diluted EPS": NaN,
        "Basic EPS": NaN,
        "Diluted NI Availto Com Stockholders": NaN,
        "Net Income Common Stockholders": NaN,
        "Net Income": NaN,
        "Net Income Including Noncontrolling Interests": NaN,
        "Net Income Continuous Operations": NaN,
        "Tax Provision": NaN,
        "Pretax Income": NaN,
        "Other Income Expense": NaN,
        "Other Non Operating Income Expenses": NaN,
        "Special Income Charges": 0.0,
        "Gain On Sale Of Business": 0.0,
        "Gain On Sale Of Security": NaN,
        "Net Non Operating Interest Income Expense": NaN,
        "Interest Expense Non Operating": NaN,
        "Interest Income Non Operating": NaN,
        "Operating Income": NaN,
        "Operating Expense": NaN,
        "Research And Development": NaN,
        "Selling General And Administration": NaN,
        "Gross Profit": NaN,
        "Cost Of Revenue": NaN,
        "Total Revenue": NaN,
        "Operating Revenue": NaN
    },
    "2022-03-31": {
        "Diluted EPS": -112.5,
        "Total Revenue": 700,
        "Gross Profit": 403,
        "Operating Income": 146,
        "EBIT": 146,
        "Net Income": NaN
    },
    "2021-12-31": {
        "Diluted EPS": -51.83,
        "Total Revenue": 733,
        "Gross Profit": 398,
        "Operating Income": 118,
        "EBIT": 118,
        "Net Income": NaN
    },
    "2021-09-30": {
        "Diluted EPS": 129.96,
        "Total Revenue": 747,
        "Gross Profit": 437,
        "Operating Income": 157,
        "EBIT": 157,
        "Net Income": NaN
    },
    "2021-06-30": {
        "Diluted EPS": 30.32,
        "Total Revenue": 716,
        "Gross Profit": 402,
        "Operating Income": 125,
        "EBIT": 125,
        "Net Income": 914
    },
    "2021-03-31": {
        "Diluted EPS": 32.38,
        "Total Revenue": 727,
        "Gross Profit": 401,
        "Operating Income": 101,
        "EBIT": 101,
        "Net Income": 977
    },
    "2020-12-31": {
        "Diluted EPS": 27.96,
        "Total Revenue": 790,
        "Gross Profit": 460,
        "Operating Income": 186,
        "EBIT": 186,
        "Net Income": 847
    },
    "2020-09-30": {
        "Diluted EPS": 43.64,
        "Total Revenue": 647,
        "Gross Profit": 367,
        "Operating Income": 110,
        "EBIT": 110,
        "Net Income": NaN
    },
    "2020-06-30": {
        "Diluted EPS": 32.15,
        "Total Revenue": 537,
        "Gross Profit": 293,
        "Operating Income": 52,
        "EBIT": 52,
        "Net Income": 966
    },
    "2020-03-31": {
        "Diluted EPS": 22.72,
        "Total Revenue": 572,
        "Gross Profit": 317,
        "Operating Income": 74,
        "EBIT": 74,
        "Net Income": 686
    },
    "2019-12-31": {
        "Diluted EPS": 18.35,
        "Total Revenue": 624,
        "Gross Profit": 330,
        "Operating Income": 59,
        "EBIT": 59,
        "Net Income": 553
    },
    "2019-09-30": {
        "Diluted EPS": -8.68,
        "Total Revenue": 561,
        "Gross Profit": 307,
        "Operating Income": 57,
        "EBIT": 57,
        "Net Income": -259
    },
    "2019-06-30": {
        "Diluted EPS": 19.86,
        "Total Revenue": 573,
        "Gross Profit": 308,
        "Operating Income": 56,
        "EBIT": 56,
        "Net Income": 599
    },
    "2019-03-31": {
        "Diluted EPS": 28.74,
        "Total Revenue": 554,
        "Gross Profit": 312,
        "Operating Income": 57,
        "EBIT": 57,
        "Net Income": 865
    },
    "2018-12-31": {
        "Diluted EPS": -27.43,
        "Total Revenue": 617,
        "Gross Profit": 333,
        "Operating Income": -227,
        "EBIT": -227,
        "Net Income": -829
    },
    "2018-09-30": {
        "Diluted EPS": 8.89,
        "Total Revenue": 545,
        "Gross Profit": 287,
        "Operating Income": 36,
        "EBIT": 71,
        "Net Income": 269
    },
    "2018-06-30": {
        "Diluted EPS": 8.87,
        "Total Revenue": 576,
        "Gross Profit": 302,
        "Operating Income": 44,
        "EBIT": 44,
        "Net Income": 268
    },
    "2018-03-31": {
        "Diluted EPS": 21.77,
        "Total Revenue": 552,
        "Gross Profit": 302,
        "Operating Income": 44,
        "EBIT": 44,
        "Net Income": 657
    },
    "2017-12-31": {
        "Diluted EPS": 2.76,
        "Total Revenue": 621,
        "Gross Profit": 345,
        "Operating Income": 56,
        "EBIT": 56,
        "Net Income": 83
    },
    "2017-09-30": {
        "Diluted EPS": 0.73,
        "Total Revenue": 534,
        "Gross Profit": 299,
        "Operating Income": 39,
        "EBIT": 74,
        "Net Income": 22
    },
    "2017-06-30": {
        "Diluted EPS": 0.17,
        "Total Revenue": 505,
        "Gross Profit": 273,
        "Operating Income": -2,
        "EBIT": 35,
        "Net Income": 5
    },
    "2017-03-31": {
        "Diluted EPS": 0.41,
        "Total Revenue": 500,
        "Gross Profit": 270,
        "Operating Income": 26,
        "EBIT": 60,
        "Net Income": 12
    },
    "2016-12-31": {
        "Diluted EPS": -0.77,
        "Total Revenue": 571,
        "Gross Profit": 315,
        "Operating Income": -21,
        "EBIT": -21,
        "Net Income": -23
    },
    "2016-09-30": {
        "Diluted EPS": 0.62,
        "Total Revenue": 509,
        "Gross Profit": 279,
        "Operating Income": 28,
        "EBIT": 67,
        "Net Income": 18
    },
    "2016-06-30": {
        "Diluted EPS": 0.61,
        "Total Revenue": 517,
        "Gross Profit": 280,
        "Operating Income": 23,
        "EBIT": 60,
        "Net Income": 18
    },
    "2016-03-31": {
        "Diluted EPS": 0.42,
        "Total Revenue": 471,
        "Gross Profit": 264,
        "Operating Income": 26,
        "EBIT": 60,
        "Net Income": 12
    },
    "2015-12-31": {
        "Diluted EPS": 1.54,
        "Total Revenue": 571,
        "Gross Profit": 309,
        "Operating Income": 59,
        "EBIT": 59,
        "Net Income": 46
    },
    "2015-09-30": {
        "Diluted EPS": 0.59,
        "Total Revenue": 470,
        "Gross Profit": 263,
        "Operating Income": 33,
        "EBIT": 33,
        "Net Income": 17
    },
    "2015-06-30": {
        "Diluted EPS": 0.97,
        "Total Revenue": 506,
        "Gross Profit": 280,
        "Operating Income": 40,
        "EBIT": 40,
        "Net Income": 28
    },
    "2015-03-31": {
        "Diluted EPS": 0.61,
        "Total Revenue": 473,
        "Gross Profit": 270,
        "Operating Income": 34,
        "EBIT": 34,
        "Net Income": 18
    },
    "2014-12-31": {
        "Diluted EPS": 1.34,
        "Total Revenue": 598,
        "Gross Profit": 317,
        "Operating Income": 51,
        "EBIT": 51,
        "Net Income": 39
    },
    "2014-09-30": {
        "Diluted EPS": 0.39,
        "Total Revenue": 531,
        "Gross Profit": 289,
        "Operating Income": 33,
        "EBIT": 33,
        "Net Income": 12
    },
    "2014-06-30": {
        "Diluted EPS": 1.09,
        "Total Revenue": 537,
        "Gross Profit": 297,
        "Operating Income": 46,
        "EBIT": 46,
        "Net Income": 32
    },
    "2014-03-31": {
        "Diluted EPS": 0.23,
        "Total Revenue": 509,
        "Gross Profit": 275,
        "Operating Income": 20,
        "EBIT": 20,
        "Net Income": 7
    },
    "2013-12-31": {
        "Diluted EPS": 1.04,
        "Total Revenue": 603,
        "Gross Profit": 323,
        "Operating Income": 52,
        "EBIT": 52,
        "Net Income": 30
    },
    "2013-09-30": {
        "Diluted EPS": -0.25,
        "Total Revenue": 505,
        "Gross Profit": 284,
        "Operating Income": 29,
        "EBIT": 29,
        "Net Income": -7
    },
    "2013-06-30": {
        "Diluted EPS": 1.2,
        "Total Revenue": 525,
        "Gross Profit": 300,
        "Operating Income": 53,
        "EBIT": 53,
        "Net Income": 35
    },
    "2013-03-31": {
        "Diluted EPS": 0.7,
        "Total Revenue": 500,
        "Gross Profit": 271,
        "Operating Income": 35,
        "EBIT": 35,
        "Net Income": 20
    },
    "2012-12-31": {
        "Diluted EPS": 1.51,
        "Total Revenue": 574,
        "Gross Profit": 315,
        "Operating Income": 71,
        "EBIT": 71,
        "Net Income": 43
    },
    "2012-09-30": {
        "Diluted EPS": 1.49,
        "Total Revenue": 499,
        "Gross Profit": 274,
        "Operating Income": 66,
        "EBIT": 66,
        "Net Income": 43
    },
    "2012-06-30": {
        "Diluted EPS": 1.69,
        "Total Revenue": 510,
        "Gross Profit": 288,
        "Operating Income": 73,
        "EBIT": 73,
        "Net Income": 48
    },
    "2012-03-31": {
        "Diluted EPS": 1.09,
        "Total Revenue": 486,
        "Gross Profit": 279,
        "Operating Income": 54,
        "EBIT": 54,
        "Net Income": 31
    },
    "2011-12-31": {
        "Diluted EPS": 2.11,
        "Total Revenue": 550,
        "Gross Profit": 312,
        "Operating Income": 96,
        "EBIT": 96,
        "Net Income": 60
    },
    "2011-09-30": {
        "Diluted EPS": 1.61,
        "Total Revenue": 517,
        "Gross Profit": 296,
        "Operating Income": 74,
        "EBIT": 74,
        "Net Income": 46
    },
    "2011-06-30": {
        "Diluted EPS": 1.41,
        "Total Revenue": 522,
        "Gross Profit": 293,
        "Operating Income": 68,
        "EBIT": 68,
        "Net Income": 40
    },
    "2011-03-31": {
        "Diluted EPS": 1.16,
        "Total Revenue": 485,
        "Gross Profit": 278,
        "Operating Income": 67,
        "EBIT": 67,
        "Net Income": 33
    },
    "2010-12-31": {
        "Diluted EPS": 2.41,
        "Total Revenue": 534,
        "Gross Profit": 300,
        "Operating Income": 78,
        "EBIT": 78,
        "Net Income": 68
    },
    "2010-09-30": {
        "Diluted EPS": 1.59,
        "Total Revenue": 472,
        "Gross Profit": 266,
        "Operating Income": 75,
        "EBIT": 75,
        "Net Income": 45
    },
    "2010-06-30": {
        "Diluted EPS": 1.35,
        "Total Revenue": 468,
        "Gross Profit": 268,
        "Operating Income": 68,
        "EBIT": 68,
        "Net Income": 38
    },
    "2010-03-31": {
        "Diluted EPS": 1.24,
        "Total Revenue": 454,
        "Gross Profit": 257,
        "Operating Income": 63,
        "EBIT": 63,
        "Net Income": 35
    },
    "2009-12-31": {
        "Diluted EPS": 1.35,
        "Total Revenue": 495,
        "Gross Profit": 268,
        "Operating Income": 56,
        "EBIT": 56,
        "Net Income": 38
    },
    "2009-09-30": {
        "Diluted EPS": 1.38,
        "Total Revenue": 461,
        "Gross Profit": 261,
        "Operating Income": 67,
        "EBIT": 67,
        "Net Income": 39
    },
    "2009-06-30": {
        "Diluted EPS": 1.37,
        "Total Revenue": 427,
        "Gross Profit": 242,
        "Operating Income": 56,
        "EBIT": 56,
        "Net Income": 38
    },
    "2009-03-31": {
        "Diluted EPS": 1.1,
        "Total Revenue": 401,
        "Gross Profit": 229,
        "Operating Income": 51,
        "EBIT": 51,
        "Net Income": 30
    },
    "2023-09-30": {
        "Tax Effect Of Unusual Items": 9112753.460927,
        "Tax Rate For Calcs": 0.224978,
        "Normalized EBITDA": 146295000.0,
        "Total Unusual Items": 40505000.0,
        "Total Unusual Items Excluding Goodwill": 40505000.0,
        "Net Income From Continuing Operation Net Minority Interest": 106257000.0,
        "Reconciled Depreciation": 37300000.0,
        "Reconciled Cost Of Revenue": 296441000.0,
        "EBITDA": 186800000.0,
        "EBIT": 149500000.0,
        "Net Interest Income": 4902000.0,
        "Interest Expense": 12398000.0,
        "Interest Income": 17300000.0,
        "Normalized Income": 74864753.460927,
        "Net Income From Continuing And Discontinued Operation": 106257000.0,
        "Total Expenses": 541175000.0,
        "Total Operating Income As Reported": 90949000.0,
        "Diluted Average Shares": 29223000.0,
        "Basic Average Shares": 29102000.0,
        "Diluted EPS": 3.64,
        "Basic EPS": 3.65,
        "Diluted NI Availto Com Stockholders": 106257000.0,
        "Net Income Common Stockholders": 106257000.0,
        "Net Income": 106257000.0,
        "Net Income Including Noncontrolling Interests": 106257000.0,
        "Net Income Continuous Operations": 106257000.0,
        "Tax Provision": 30845000.0,
        "Pretax Income": 137102000.0,
        "Other Income Expense": 41205000.0,
        "Other Non Operating Income Expenses": 700000.0,
        "Special Income Charges": 2500000.0,
        "Gain On Sale Of Business": 2500000.0,
        "Gain On Sale Of Security": 38005000.0,
        "Net Non Operating Interest Income Expense": 4902000.0,
        "Interest Expense Non Operating": 12398000.0,
        "Interest Income Non Operating": 17300000.0,
        "Operating Income": 90949000.0,
        "Operating Expense": 244734000.0,
        "Research And Development": 43535000.0,
        "Selling General And Administration": 201199000.0,
        "Gross Profit": 335683000.0,
        "Cost Of Revenue": 296441000.0,
        "Total Revenue": 632124000.0,
        "Operating Revenue": 632124000.0
    },
    "2023-12-31": {
        "Tax Effect Of Unusual Items": 60365567.218809,
        "Tax Rate For Calcs": 0.183673,
        "Normalized EBITDA": 149295000.0,
        "Total Unusual Items": 328658000.0,
        "Total Unusual Items Excluding Goodwill": 328658000.0,
        "Net Income From Continuing Operation Net Minority Interest": 349708000.0,
        "Reconciled Depreciation": 37200000.0,
        "Reconciled Cost Of Revenue": 314821000.0,
        "EBITDA": 477953000.0,
        "EBIT": 440753000.0,
        "Net Interest Income": 4439000.0,
        "Interest Expense": 12361000.0,
        "Interest Income": 16800000.0,
        "Normalized Income": 81415567.218809,
        "Net Income From Continuing And Discontinued Operation": 349708000.0,
        "Total Expenses": 585867000.0,
        "Total Operating Income As Reported": 95317000.0,
        "Diluted Average Shares": 28815000.0,
        "Basic Average Shares": 28792000.0,
        "Diluted EPS": 12.14,
        "Basic EPS": 12.15,
        "Diluted NI Availto Com Stockholders": 349708000.0,
        "Net Income Common Stockholders": 349708000.0,
        "Net Income": 349708000.0,
        "Net Income Including Noncontrolling Interests": 349708000.0,
        "Net Income Continuous Operations": 349708000.0,
        "Tax Provision": 78684000.0,
        "Pretax Income": 428392000.0,
        "Other Income Expense": 328593000.0,
        "Other Non Operating Income Expenses": -65000.0,
        "Special Income Charges": 0.0,
        "Gain On Sale Of Business": 0.0,
        "Gain On Sale Of Security": 328658000.0,
        "Net Non Operating Interest Income Expense": 4439000.0,
        "Interest Expense Non Operating": 12361000.0,
        "Interest Income Non Operating": 16800000.0,
        "Operating Income": 95317000.0,
        "Operating Expense": 271046000.0,
        "Research And Development": 63899000.0,
        "Selling General And Administration": 207147000.0,
        "Gross Profit": 366363000.0,
        "Cost Of Revenue": 314821000.0,
        "Total Revenue": 681184000.0,
        "Operating Revenue": 681184000.0
    },
    "2024-03-31": {
        "Tax Effect Of Unusual Items": 92416958.0,
        "Tax Rate For Calcs": 0.218,
        "Normalized EBITDA": 116524000.0,
        "Total Unusual Items": 423931000.0,
        "Total Unusual Items Excluding Goodwill": 423931000.0,
        "Net Income From Continuing Operation Net Minority Interest": 383916000.0,
        "Reconciled Depreciation": 37100000.0,
        "Reconciled Cost Of Revenue": 284854000.0,
        "EBITDA": 540455000.0,
        "EBIT": 503355000.0,
        "Net Interest Income": 21723000.0,
        "Interest Expense": 12277000.0,
        "Interest Income": 34000000.0,
        "Normalized Income": 52401958.0,
        "Net Income From Continuing And Discontinued Operation": 383916000.0,
        "Total Expenses": 566112000.0,
        "Total Operating Income As Reported": 44708000.0,
        "Diluted Average Shares": 28537000.0,
        "Basic Average Shares": 28518000.0,
        "Diluted EPS": 13.45,
        "Basic EPS": 13.46,
        "Diluted NI Availto Com Stockholders": 383916000.0,
        "Net Income Common Stockholders": 383916000.0,
        "Net Income": 383916000.0,
        "Net Income Including Noncontrolling Interests": 383916000.0,
        "Net Income Continuous Operations": 383916000.0,
        "Tax Provision": 107162000.0,
        "Pretax Income": 491078000.0,
        "Other Income Expense": 424631000.0,
        "Other Non Operating Income Expenses": 700000.0,
        "Special Income Charges": NaN,
        "Gain On Sale Of Business": NaN,
        "Gain On Sale Of Security": 423931000.0,
        "Net Non Operating Interest Income Expense": 21723000.0,
        "Interest Expense Non Operating": 12277000.0,
        "Interest Income Non Operating": 34000000.0,
        "Operating Income": 44708000.0,
        "Operating Expense": 281258000.0,
        "Research And Development": 66375000.0,
        "Selling General And Administration": 214883000.0,
        "Gross Profit": 325966000.0,
        "Cost Of Revenue": 284854000.0,
        "Total Revenue": 610820000.0,
        "Operating Revenue": 610820000.0
    },
    "2024-06-30": {
        "Tax Effect Of Unusual Items": -645307588.0,
        "Tax Rate For Calcs": 0.223,
        "Normalized EBITDA": 156139000.0,
        "Total Unusual Items": -2893756000.0,
        "Total Unusual Items Excluding Goodwill": -2893756000.0,
        "Net Income From Continuing Operation Net Minority Interest": -2165486000.0,
        "Reconciled Depreciation": 36400000.0,
        "Reconciled Cost Of Revenue": 283357000.0,
        "EBITDA": -2737617000.0,
        "EBIT": -2774017000.0,
        "Net Interest Income": 4336000.0,
        "Interest Expense": 12264000.0,
        "Interest Income": 16600000.0,
        "Normalized Income": 82962412.0,
        "Net Income From Continuing And Discontinued Operation": -2165486000.0,
        "Total Expenses": 536980000.0,
        "Total Operating Income As Reported": 101496000.0,
        "Diluted Average Shares": 28395000.0,
        "Basic Average Shares": 28395000.0,
        "Diluted EPS": -76.26,
        "Basic EPS": -76.26,
        "Diluted NI Availto Com Stockholders": -2165486000.0,
        "Net Income Common Stockholders": -2165486000.0,
        "Net Income": -2165486000.0,
        "Net Income Including Noncontrolling Interests": -2165486000.0,
        "Net Income Continuous Operations": -2165486000.0,
        "Tax Provision": -620795000.0,
        "Pretax Income": -2786281000.0,
        "Other Income Expense": -2892156000.0,
        "Other Non Operating Income Expenses": 1600000.0,
        "Special Income Charges": NaN,
        "Gain On Sale Of Business": NaN,
        "Gain On Sale Of Security": -2893756000.0,
        "Net Non Operating Interest Income Expense": 4336000.0,
        "Interest Expense Non Operating": 12264000.0,
        "Interest Income Non Operating": 16600000.0,
        "Operating Income": 101496000.0,
        "Operating Expense": 253623000.0,
        "Research And Development": 58904000.0,
        "Selling General And Administration": 194719000.0,
        "Gross Profit": 355119000.0,
        "Cost Of Revenue": 283357000.0,
        "Total Revenue": 638476000.0,
        "Operating Revenue": 638476000.0
    },
    "2024-09-30": {
        "Tax Effect Of Unusual Items": 191906815.830645,
        "Tax Rate For Calcs": 0.241926,
        "Normalized EBITDA": 119447000.0,
        "Total Unusual Items": 793247000.0,
        "Total Unusual Items Excluding Goodwill": 793247000.0,
        "Net Income From Continuing Operation Net Minority Interest": 653172000.0,
        "Reconciled Depreciation": 38900000.0,
        "Reconciled Cost Of Revenue": 293826000.0,
        "EBITDA": 912694000.0,
        "EBIT": 873794000.0,
        "Net Interest Income": 3326000.0,
        "Interest Expense": 12174000.0,
        "Interest Income": 15500000.0,
        "Normalized Income": 51831815.830645,
        "Net Income From Continuing And Discontinued Operation": 653172000.0,
        "Total Expenses": 585263000.0,
        "Total Operating Income As Reported": 64466000.0,
        "Diluted Average Shares": 27985000.0,
        "Basic Average Shares": 27949000.0,
        "Diluted EPS": 23.34,
        "Basic EPS": 23.37,
        "Diluted NI Availto Com Stockholders": 653172000.0,
        "Net Income Common Stockholders": 653172000.0,
        "Net Income": 653172000.0,
        "Net Income Including Noncontrolling Interests": 653172000.0,
        "Net Income Continuous Operations": 653172000.0,
        "Tax Provision": 208448000.0,
        "Pretax Income": 861620000.0,
        "Other Income Expense": 793847000.0,
        "Other Non Operating Income Expenses": 600000.0,
        "Special Income Charges": 0.0,
        "Gain On Sale Of Business": 0.0,
        "Gain On Sale Of Security": 793247000.0,
        "Net Non Operating Interest Income Expense": 3326000.0,
        "Interest Expense Non Operating": 12174000.0,
        "Interest Income Non Operating": 15500000.0,
        "Operating Income": 64466000.0,
        "Operating Expense": 291437000.0,
        "Research And Development": 90997000.0,
        "Selling General And Administration": 200440000.0,
        "Gross Profit": 355903000.0,
        "Cost Of Revenue": 293826000.0,
        "Total Revenue": 649729000.0,
        "Operating Revenue": 649729000.0
    }
}