{
    "2023-03-31": {
        "Tax Effect Of Unusual Items": 4200.0,
        "Tax Rate For Calcs": 0.21,
        "Normalized EBITDA": -5142000.0,
        "Total Unusual Items": 20000.0,
        "Total Unusual Items Excluding Goodwill": 20000.0,
        "Net Income From Continuing Operation Net Minority Interest": -5849000.0,
        "Reconciled Depreciation": 149000.0,
        "Reconciled Cost Of Revenue": 7130000.0,
        "EBITDA": -5122000.0,
        "EBIT": -5271000.0,
        "Net Interest Income": -577000.0,
        "Interest Expense": 577000.0,
        "Normalized Income": -5864800.0,
        "Net Income From Continuing And Discontinued Operation": -5849000.0,
        "Total Expenses": 15758000.0,
        "Total Operating Income As Reported": -5291000.0,
        "Diluted Average Shares": 328000.0,
        "Basic Average Shares": 328000.0,
        "Diluted EPS": -17.83,
        "Basic EPS": -17.83,
        "Diluted NI Availto Com Stockholders": -5849000.0,
        "Net Income Common Stockholders": -5849000.0,
        "Preferred Stock Dividends": NaN,
        "Net Income": -5849000.0,
        "Net Income Including Noncontrolling Interests": -5849000.0,
        "Net Income Continuous Operations": -5849000.0,
        "Tax Provision": 1000.0,
        "Pretax Income": -5848000.0,
        "Other Income Expense": 20000.0,
        "Other Non Operating Income Expenses": NaN,
        "Special Income Charges": NaN,
        "Gain On Sale Of Security": 20000.0,
        "Net Non Operating Interest Income Expense": -577000.0,
        "Interest Expense Non Operating": 577000.0,
        "Operating Income": -5291000.0,
        "Operating Expense": 8628000.0,
        "Research And Development": 1547000.0,
        "Selling General And Administration": 7081000.0,
        "Selling And Marketing Expense": 4622000.0,
        "General And Administrative Expense": 2459000.0,
        "Other Gand A": 2459000.0,
        "Gross Profit": 3337000.0,
        "Cost Of Revenue": 7130000.0,
        "Total Revenue": 10467000.0,
        "Operating Revenue": 10467000.0
    },
    "2022-12-31": {
        "Tax Effect Of Unusual Items": NaN,
        "Tax Rate For Calcs": NaN,
        "Normalized EBITDA": NaN,
        "Total Unusual Items": NaN,
        "Total Unusual Items Excluding Goodwill": NaN,
        "Net Income From Continuing Operation Net Minority Interest": NaN,
        "Reconciled Depreciation": NaN,
        "Reconciled Cost Of Revenue": NaN,
        "EBITDA": NaN,
        "EBIT": NaN,
        "Net Interest Income": NaN,
        "Interest Expense": NaN,
        "Normalized Income": NaN,
        "Net Income From Continuing And Discontinued Operation": NaN,
        "Total Expenses": NaN,
        "Total Operating Income As Reported": NaN,
        "Diluted Average Shares": 77180.0,
        "Basic Average Shares": 77180.0,
        "Diluted EPS": -128.0,
        "Basic EPS": -128.0,
        "Diluted NI Availto Com Stockholders": NaN,
        "Net Income Common Stockholders": NaN,
        "Preferred Stock Dividends": 0.0,
        "Net Income": NaN,
        "Net Income Including Noncontrolling Interests": NaN,
        "Net Income Continuous Operations": NaN,
        "Tax Provision": NaN,
        "Pretax Income": NaN,
        "Other Income Expense": NaN,
        "Other Non Operating Income Expenses": NaN,
        "Special Income Charges": 0.0,
        "Gain On Sale Of Security": NaN,
        "Net Non Operating Interest Income Expense": NaN,
        "Interest Expense Non Operating": NaN,
        "Operating Income": NaN,
        "Operating Expense": NaN,
        "Research And Development": NaN,
        "Selling General And Administration": NaN,
        "Selling And Marketing Expense": NaN,
        "General And Administrative Expense": NaN,
        "Other Gand A": NaN,
        "Gross Profit": NaN,
        "Cost Of Revenue": NaN,
        "Total Revenue": NaN,
        "Operating Revenue": NaN
    },
    "2022-09-30": {
        "Tax Effect Of Unusual Items": NaN,
        "Tax Rate For Calcs": NaN,
        "Normalized EBITDA": NaN,
        "Total Unusual Items": NaN,
        "Total Unusual Items Excluding Goodwill": NaN,
        "Net Income From Continuing Operation Net Minority Interest": NaN,
        "Reconciled Depreciation": NaN,
        "Reconciled Cost Of Revenue": NaN,
        "EBITDA": NaN,
        "EBIT": NaN,
        "Net Interest Income": NaN,
        "Interest Expense": NaN,
        "Normalized Income": NaN,
        "Net Income From Continuing And Discontinued Operation": NaN,
        "Total Expenses": NaN,
        "Total Operating Income As Reported": NaN,
        "Diluted Average Shares": NaN,
        "Basic Average Shares": NaN,
        "Diluted EPS": NaN,
        "Basic EPS": NaN,
        "Diluted NI Availto Com Stockholders": NaN,
        "Net Income Common Stockholders": NaN,
        "Preferred Stock Dividends": NaN,
        "Net Income": NaN,
        "Net Income Including Noncontrolling Interests": NaN,
        "Net Income Continuous Operations": NaN,
        "Tax Provision": NaN,
        "Pretax Income": NaN,
        "Other Income Expense": NaN,
        "Other Non Operating Income Expenses": NaN,
        "Special Income Charges": 0.0,
        "Gain On Sale Of Security": NaN,
        "Net Non Operating Interest Income Expense": NaN,
        "Interest Expense Non Operating": NaN,
        "Operating Income": NaN,
        "Operating Expense": NaN,
        "Research And Development": NaN,
        "Selling General And Administration": NaN,
        "Selling And Marketing Expense": NaN,
        "General And Administrative Expense": NaN,
        "Other Gand A": NaN,
        "Gross Profit": NaN,
        "Cost Of Revenue": NaN,
        "Total Revenue": NaN,
        "Operating Revenue": NaN
    },
    "2022-06-30": {
        "Tax Effect Of Unusual Items": -41200.0,
        "Tax Rate For Calcs": 0.4,
        "Normalized EBITDA": -4925000.0,
        "Total Unusual Items": -103000.0,
        "Total Unusual Items Excluding Goodwill": -103000.0,
        "Net Income From Continuing Operation Net Minority Interest": -5611000.0,
        "Reconciled Depreciation": 130000.0,
        "Reconciled Cost Of Revenue": 7094000.0,
        "EBITDA": -5028000.0,
        "EBIT": -5158000.0,
        "Net Interest Income": -430000.0,
        "Interest Expense": 430000.0,
        "Normalized Income": -5549200.0,
        "Net Income From Continuing And Discontinued Operation": -5611000.0,
        "Total Expenses": 17290000.0,
        "Total Operating Income As Reported": -5055000.0,
        "Diluted Average Shares": 61000.0,
        "Basic Average Shares": 61000.0,
        "Diluted EPS": -91.98,
        "Basic EPS": -91.98,
        "Diluted NI Availto Com Stockholders": -5611000.0,
        "Net Income Common Stockholders": -5611000.0,
        "Preferred Stock Dividends": NaN,
        "Net Income": -5611000.0,
        "Net Income Including Noncontrolling Interests": -5611000.0,
        "Net Income Continuous Operations": -5611000.0,
        "Tax Provision": 23000.0,
        "Pretax Income": -5588000.0,
        "Other Income Expense": -103000.0,
        "Other Non Operating Income Expenses": NaN,
        "Special Income Charges": 0.0,
        "Gain On Sale Of Security": -103000.0,
        "Net Non Operating Interest Income Expense": -430000.0,
        "Interest Expense Non Operating": 430000.0,
        "Operating Income": -5055000.0,
        "Operating Expense": 10196000.0,
        "Research And Development": 1653000.0,
        "Selling General And Administration": 8543000.0,
        "Selling And Marketing Expense": 5402000.0,
        "General And Administrative Expense": 3141000.0,
        "Other Gand A": 3141000.0,
        "Gross Profit": 5141000.0,
        "Cost Of Revenue": 7094000.0,
        "Total Revenue": 12235000.0,
        "Operating Revenue": 12235000.0
    },
    "2022-03-31": {
        "Diluted EPS": -0.81,
        "Total Revenue": 10,
        "Gross Profit": 5,
        "Operating Income": -4,
        "EBIT": -4,
        "Net Income": -5
    },
    "2021-12-31": {
        "Diluted EPS": -0.79,
        "Total Revenue": 12,
        "Gross Profit": 5,
        "Operating Income": -4,
        "EBIT": -4,
        "Net Income": -5
    },
    "2021-09-30": {
        "Diluted EPS": -0.54,
        "Total Revenue": 10,
        "Gross Profit": 5,
        "Operating Income": -3,
        "EBIT": -2,
        "Net Income": -3
    },
    "2021-06-30": {
        "Diluted EPS": -0.12,
        "Total Revenue": 9,
        "Gross Profit": 4,
        "Operating Income": -3,
        "EBIT": -3,
        "Net Income": -1
    },
    "2021-03-31": {
        "Diluted EPS": -1.38,
        "Total Revenue": 8,
        "Gross Profit": 3,
        "Operating Income": -6,
        "EBIT": -6,
        "Net Income": -7
    },
    "2020-12-31": {
        "Diluted EPS": -0.99,
        "Total Revenue": 9,
        "Gross Profit": 2,
        "Operating Income": -6,
        "EBIT": -5,
        "Net Income": -6
    },
    "2020-09-30": {
        "Diluted EPS": -5.25,
        "Total Revenue": 7,
        "Gross Profit": 2,
        "Operating Income": -4,
        "EBIT": -3,
        "Net Income": -17
    },
    "2020-06-30": {
        "Diluted EPS": -3.0,
        "Total Revenue": 3,
        "Gross Profit": 1,
        "Operating Income": -4,
        "EBIT": -4,
        "Net Income": -5
    },
    "2020-03-31": {
        "Diluted EPS": -4.75,
        "Total Revenue": 5,
        "Gross Profit": 1,
        "Operating Income": -5,
        "EBIT": -5,
        "Net Income": -6
    },
    "2019-12-31": {
        "Diluted EPS": -2.75,
        "Total Revenue": 10,
        "Gross Profit": 4,
        "Operating Income": -3,
        "EBIT": -3,
        "Net Income": -4
    },
    "2019-09-30": {
        "Diluted EPS": -6.25,
        "Total Revenue": 9,
        "Gross Profit": 3,
        "Operating Income": -5,
        "EBIT": -5,
        "Net Income": -5
    },
    "2019-06-30": {
        "Diluted EPS": -4.5,
        "Total Revenue": 9,
        "Gross Profit": 3,
        "Operating Income": -3,
        "EBIT": -3,
        "Net Income": -4
    },
    "2019-03-31": {
        "Diluted EPS": -5.75,
        "Total Revenue": 10,
        "Gross Profit": 4,
        "Operating Income": -4,
        "EBIT": -4,
        "Net Income": -5
    },
    "2018-12-31": {
        "Diluted EPS": -8.25,
        "Total Revenue": 13,
        "Gross Profit": 6,
        "Operating Income": -7,
        "EBIT": -6,
        "Net Income": -7
    },
    "2018-09-30": {
        "Diluted EPS": -5.75,
        "Total Revenue": 11,
        "Gross Profit": 4,
        "Operating Income": -5,
        "EBIT": -4,
        "Net Income": -5
    },
    "2018-06-30": {
        "Diluted EPS": -6.0,
        "Total Revenue": 12,
        "Gross Profit": 4,
        "Operating Income": -5,
        "EBIT": -4,
        "Net Income": -5
    },
    "2018-03-31": {
        "Diluted EPS": -6.25,
        "Total Revenue": 10,
        "Gross Profit": 3,
        "Operating Income": -5,
        "EBIT": -5,
        "Net Income": -5
    },
    "2017-12-31": {
        "Diluted EPS": -5.0,
        "Total Revenue": 13,
        "Gross Profit": 4,
        "Operating Income": -5,
        "EBIT": -4,
        "Net Income": -8
    },
    "2017-09-30": {
        "Diluted EPS": -7.5,
        "Total Revenue": 11,
        "Gross Profit": 3,
        "Operating Income": -5,
        "EBIT": -4,
        "Net Income": -5
    },
    "2017-06-30": {
        "Diluted EPS": -15.25,
        "Total Revenue": 13,
        "Gross Profit": 5,
        "Operating Income": -4,
        "EBIT": -4,
        "Net Income": -4
    },
    "2017-03-31": {
        "Diluted EPS": -7.5,
        "Total Revenue": 11,
        "Gross Profit": 4,
        "Operating Income": -4,
        "EBIT": -4,
        "Net Income": -4
    },
    "2016-12-31": {
        "Diluted EPS": -8.75,
        "Total Revenue": 14,
        "Gross Profit": 5,
        "Operating Income": -4,
        "EBIT": -4,
        "Net Income": -7
    },
    "2016-09-30": {
        "Diluted EPS": -11.25,
        "Total Revenue": 13,
        "Gross Profit": 6,
        "Operating Income": -3,
        "EBIT": -3,
        "Net Income": -3
    },
    "2016-06-30": {
        "Diluted EPS": -7.5,
        "Total Revenue": 14,
        "Gross Profit": 6,
        "Operating Income": -3,
        "EBIT": -3,
        "Net Income": -4
    },
    "2016-03-31": {
        "Diluted EPS": -8.75,
        "Total Revenue": 11,
        "Gross Profit": 4,
        "Operating Income": -4,
        "EBIT": -4,
        "Net Income": -4
    },
    "2015-12-31": {
        "Diluted EPS": -6.25,
        "Total Revenue": 15,
        "Gross Profit": 6,
        "Operating Income": -2,
        "EBIT": -2,
        "Net Income": -2
    },
    "2015-09-30": {
        "Diluted EPS": -11.25,
        "Total Revenue": 11,
        "Gross Profit": 3,
        "Operating Income": -5,
        "EBIT": -5,
        "Net Income": -5
    },
    "2015-06-30": {
        "Diluted EPS": -15.0,
        "Total Revenue": 12,
        "Gross Profit": 4,
        "Operating Income": -7,
        "EBIT": -7,
        "Net Income": -7
    },
    "2015-03-31": {
        "Diluted EPS": -11.25,
        "Total Revenue": 11,
        "Gross Profit": 3,
        "Operating Income": -5,
        "EBIT": -5,
        "Net Income": -5
    },
    "2014-12-31": {
        "Diluted EPS": -8.75,
        "Total Revenue": 13,
        "Gross Profit": 5,
        "Operating Income": -4,
        "EBIT": -4,
        "Net Income": -4
    },
    "2014-09-30": {
        "Diluted EPS": -10.0,
        "Total Revenue": 13,
        "Gross Profit": 5,
        "Operating Income": -3,
        "EBIT": -3,
        "Net Income": -3
    },
    "2014-06-30": {
        "Diluted EPS": -21.25,
        "Total Revenue": 10,
        "Gross Profit": 4,
        "Operating Income": -6,
        "EBIT": -6,
        "Net Income": -6
    },
    "2014-03-31": {
        "Diluted EPS": -16.25,
        "Total Revenue": 12,
        "Gross Profit": 4,
        "Operating Income": -5,
        "EBIT": -4,
        "Net Income": -5
    },
    "2013-12-31": {
        "Diluted EPS": -8.75,
        "Total Revenue": 15,
        "Gross Profit": 6,
        "Operating Income": -2,
        "EBIT": -2,
        "Net Income": -2
    },
    "2013-09-30": {
        "Diluted EPS": -15.0,
        "Total Revenue": 12,
        "Gross Profit": 4,
        "Operating Income": -4,
        "EBIT": -4,
        "Net Income": -4
    },
    "2013-06-30": {
        "Diluted EPS": -10.0,
        "Total Revenue": 14,
        "Gross Profit": 6,
        "Operating Income": -2,
        "EBIT": -2,
        "Net Income": -3
    },
    "2013-03-31": {
        "Diluted EPS": -10.0,
        "Total Revenue": 15,
        "Gross Profit": 6,
        "Operating Income": -3,
        "EBIT": -3,
        "Net Income": -3
    },
    "2012-12-31": {
        "Diluted EPS": 3.49,
        "Total Revenue": 19,
        "Gross Profit": 9,
        "Operating Income": 1,
        "EBIT": 1,
        "Net Income": 1
    },
    "2012-09-30": {
        "Diluted EPS": -2.48,
        "Total Revenue": 14,
        "Gross Profit": 6,
        "Operating Income": 0,
        "EBIT": 0,
        "Net Income": -1
    },
    "2012-06-30": {
        "Diluted EPS": -7.39,
        "Total Revenue": 12,
        "Gross Profit": 6,
        "Operating Income": -2,
        "EBIT": -2,
        "Net Income": -2
    },
    "2012-03-31": {
        "Diluted EPS": -6.13,
        "Total Revenue": 12,
        "Gross Profit": 6,
        "Operating Income": -2,
        "EBIT": -1,
        "Net Income": -2
    },
    "2011-12-31": {
        "Diluted EPS": -7.89,
        "Total Revenue": 13,
        "Gross Profit": 6,
        "Operating Income": -2,
        "EBIT": -2,
        "Net Income": -2
    },
    "2011-09-30": {
        "Diluted EPS": -3.64,
        "Total Revenue": 13,
        "Gross Profit": 5,
        "Operating Income": -1,
        "EBIT": -1,
        "Net Income": -1
    },
    "2011-06-30": {
        "Diluted EPS": -3.62,
        "Total Revenue": 12,
        "Gross Profit": 6,
        "Operating Income": -1,
        "EBIT": -1,
        "Net Income": -1
    },
    "2011-03-31": {
        "Diluted EPS": -3.6,
        "Total Revenue": 11,
        "Gross Profit": 5,
        "Operating Income": 0,
        "EBIT": 0,
        "Net Income": -1
    },
    "2010-12-31": {
        "Diluted EPS": 0.91,
        "Total Revenue": 10,
        "Gross Profit": 5,
        "Operating Income": 0,
        "EBIT": 1,
        "Net Income": 0
    },
    "2010-09-30": {
        "Diluted EPS": -11.83,
        "Total Revenue": 6,
        "Gross Profit": 2,
        "Operating Income": -2,
        "EBIT": -2,
        "Net Income": -3
    },
    "2010-06-30": {
        "Diluted EPS": -19.92,
        "Total Revenue": 6,
        "Gross Profit": 2,
        "Operating Income": -4,
        "EBIT": -4,
        "Net Income": -4
    },
    "2010-03-31": {
        "Diluted EPS": -25.52,
        "Total Revenue": 4,
        "Gross Profit": 0,
        "Operating Income": -5,
        "EBIT": -5,
        "Net Income": -5
    },
    "2009-12-31": {
        "Diluted EPS": -8.6,
        "Total Revenue": 10,
        "Gross Profit": 4,
        "Operating Income": -1,
        "EBIT": -1,
        "Net Income": -1
    },
    "2009-09-30": {
        "Diluted EPS": 4.59,
        "Total Revenue": 12,
        "Gross Profit": 6,
        "Operating Income": 1,
        "EBIT": 1,
        "Net Income": 1
    },
    "2009-06-30": {
        "Diluted EPS": 11.49,
        "Total Revenue": 14,
        "Gross Profit": 8,
        "Operating Income": 2,
        "EBIT": 3,
        "Net Income": 2
    },
    "2009-03-31": {
        "Diluted EPS": -21.82,
        "Total Revenue": 7,
        "Gross Profit": 2,
        "Operating Income": -5,
        "EBIT": -5,
        "Net Income": -5
    },
    "2023-06-30": {
        "Tax Effect Of Unusual Items": -49350.0,
        "Tax Rate For Calcs": 0.21,
        "Normalized EBITDA": -2595000.0,
        "Total Unusual Items": -235000.0,
        "Total Unusual Items Excluding Goodwill": -235000.0,
        "Net Income From Continuing Operation Net Minority Interest": -4868000.0,
        "Reconciled Depreciation": 1424000.0,
        "Reconciled Cost Of Revenue": 8168000.0,
        "EBITDA": -2830000.0,
        "EBIT": -4254000.0,
        "Net Interest Income": -583000.0,
        "Interest Expense": 583000.0,
        "Normalized Income": -4682350.0,
        "Net Income From Continuing And Discontinued Operation": -4868000.0,
        "Total Expenses": 18158000.0,
        "Total Operating Income As Reported": -3872000.0,
        "Diluted Average Shares": 545000.0,
        "Basic Average Shares": 545000.0,
        "Diluted EPS": -8.93,
        "Basic EPS": -8.93,
        "Diluted NI Availto Com Stockholders": -4868000.0,
        "Net Income Common Stockholders": -4868000.0,
        "Preferred Stock Dividends": NaN,
        "Net Income": -4868000.0,
        "Net Income Including Noncontrolling Interests": -4868000.0,
        "Net Income Continuous Operations": -4868000.0,
        "Tax Provision": 31000.0,
        "Pretax Income": -4837000.0,
        "Other Income Expense": -382000.0,
        "Other Non Operating Income Expenses": -147000.0,
        "Special Income Charges": NaN,
        "Gain On Sale Of Security": -235000.0,
        "Net Non Operating Interest Income Expense": -583000.0,
        "Interest Expense Non Operating": 583000.0,
        "Operating Income": -3872000.0,
        "Operating Expense": 9990000.0,
        "Research And Development": 1444000.0,
        "Selling General And Administration": 8546000.0,
        "Selling And Marketing Expense": 6189000.0,
        "General And Administrative Expense": 2357000.0,
        "Other Gand A": 2357000.0,
        "Gross Profit": 6118000.0,
        "Cost Of Revenue": 8168000.0,
        "Total Revenue": 14286000.0,
        "Operating Revenue": 14286000.0
    },
    "2023-09-30": {
        "Tax Effect Of Unusual Items": -64470.0,
        "Tax Rate For Calcs": 0.21,
        "Normalized EBITDA": -3109000.0,
        "Total Unusual Items": -307000.0,
        "Total Unusual Items Excluding Goodwill": -307000.0,
        "Net Income From Continuing Operation Net Minority Interest": -4589000.0,
        "Reconciled Depreciation": 560000.0,
        "Reconciled Cost Of Revenue": 7175000.0,
        "EBITDA": -3416000.0,
        "EBIT": -3976000.0,
        "Net Interest Income": -598000.0,
        "Interest Expense": 598000.0,
        "Normalized Income": -4346470.0,
        "Net Income From Continuing And Discontinued Operation": -4589000.0,
        "Total Expenses": 14618000.0,
        "Total Operating Income As Reported": -3697000.0,
        "Diluted Average Shares": 1179000.0,
        "Basic Average Shares": 1179000.0,
        "Diluted EPS": -3.89,
        "Basic EPS": -3.89,
        "Diluted NI Availto Com Stockholders": -4589000.0,
        "Net Income Common Stockholders": -4589000.0,
        "Preferred Stock Dividends": NaN,
        "Net Income": -4589000.0,
        "Net Income Including Noncontrolling Interests": -4589000.0,
        "Net Income Continuous Operations": -4589000.0,
        "Tax Provision": 15000.0,
        "Pretax Income": -4574000.0,
        "Other Income Expense": -279000.0,
        "Other Non Operating Income Expenses": 28000.0,
        "Special Income Charges": NaN,
        "Gain On Sale Of Security": -307000.0,
        "Net Non Operating Interest Income Expense": -598000.0,
        "Interest Expense Non Operating": 598000.0,
        "Operating Income": -3697000.0,
        "Operating Expense": 7443000.0,
        "Research And Development": 1362000.0,
        "Selling General And Administration": 6081000.0,
        "Selling And Marketing Expense": 3402000.0,
        "General And Administrative Expense": 2679000.0,
        "Other Gand A": 2679000.0,
        "Gross Profit": 3746000.0,
        "Cost Of Revenue": 7175000.0,
        "Total Revenue": 10921000.0,
        "Operating Revenue": 10921000.0
    },
    "2023-12-31": {
        "Tax Effect Of Unusual Items": 480.247145,
        "Tax Rate For Calcs": 0.002808,
        "Normalized EBITDA": -4244000.0,
        "Total Unusual Items": 171000.0,
        "Total Unusual Items Excluding Goodwill": 171000.0,
        "Net Income From Continuing Operation Net Minority Interest": -5326000.0,
        "Reconciled Depreciation": 665000.0,
        "Reconciled Cost Of Revenue": 9966000.0,
        "EBITDA": -4073000.0,
        "EBIT": -4738000.0,
        "Net Interest Income": -603000.0,
        "Interest Expense": 603000.0,
        "Normalized Income": -5496519.752855,
        "Net Income From Continuing And Discontinued Operation": -5326000.0,
        "Total Expenses": 18566000.0,
        "Total Operating Income As Reported": -5076000.0,
        "Diluted Average Shares": NaN,
        "Basic Average Shares": NaN,
        "Diluted EPS": NaN,
        "Basic EPS": NaN,
        "Diluted NI Availto Com Stockholders": -22313000.0,
        "Net Income Common Stockholders": -22313000.0,
        "Preferred Stock Dividends": NaN,
        "Net Income": -5326000.0,
        "Net Income Including Noncontrolling Interests": -5326000.0,
        "Net Income Continuous Operations": -5326000.0,
        "Tax Provision": -15000.0,
        "Pretax Income": -5341000.0,
        "Other Income Expense": 338000.0,
        "Other Non Operating Income Expenses": 167000.0,
        "Special Income Charges": NaN,
        "Gain On Sale Of Security": 171000.0,
        "Net Non Operating Interest Income Expense": -603000.0,
        "Interest Expense Non Operating": 603000.0,
        "Operating Income": -5076000.0,
        "Operating Expense": 8600000.0,
        "Research And Development": 1652000.0,
        "Selling General And Administration": 6948000.0,
        "Selling And Marketing Expense": 4227000.0,
        "General And Administrative Expense": 2721000.0,
        "Other Gand A": 2721000.0,
        "Gross Profit": 3524000.0,
        "Cost Of Revenue": 9966000.0,
        "Total Revenue": 13490000.0,
        "Operating Revenue": 13490000.0
    },
    "2024-03-31": {
        "Tax Effect Of Unusual Items": -38400.0,
        "Tax Rate For Calcs": 0.4,
        "Normalized EBITDA": -5088000.0,
        "Total Unusual Items": -96000.0,
        "Total Unusual Items Excluding Goodwill": -96000.0,
        "Net Income From Continuing Operation Net Minority Interest": -6485000.0,
        "Reconciled Depreciation": 660000.0,
        "Reconciled Cost Of Revenue": 6795000.0,
        "EBITDA": -5184000.0,
        "EBIT": -5844000.0,
        "Net Interest Income": -622000.0,
        "Interest Expense": 622000.0,
        "Normalized Income": -6427400.0,
        "Net Income From Continuing And Discontinued Operation": -6485000.0,
        "Total Expenses": 14657000.0,
        "Total Operating Income As Reported": -4526000.0,
        "Diluted Average Shares": 17842000.0,
        "Basic Average Shares": 17842000.0,
        "Diluted EPS": -0.36,
        "Basic EPS": -0.36,
        "Diluted NI Availto Com Stockholders": -6485000.0,
        "Net Income Common Stockholders": -6485000.0,
        "Preferred Stock Dividends": NaN,
        "Net Income": -6485000.0,
        "Net Income Including Noncontrolling Interests": -6485000.0,
        "Net Income Continuous Operations": -6485000.0,
        "Tax Provision": 19000.0,
        "Pretax Income": -6466000.0,
        "Other Income Expense": -1318000.0,
        "Other Non Operating Income Expenses": -1222000.0,
        "Special Income Charges": NaN,
        "Gain On Sale Of Security": -96000.0,
        "Net Non Operating Interest Income Expense": -622000.0,
        "Interest Expense Non Operating": 622000.0,
        "Operating Income": -4526000.0,
        "Operating Expense": 7862000.0,
        "Research And Development": 1283000.0,
        "Selling General And Administration": 6579000.0,
        "Selling And Marketing Expense": 3383000.0,
        "General And Administrative Expense": 3196000.0,
        "Other Gand A": 3196000.0,
        "Gross Profit": 3336000.0,
        "Cost Of Revenue": 6795000.0,
        "Total Revenue": 10131000.0,
        "Operating Revenue": 10131000.0
    }
}