{
    "2023-03-31": {
        "Tax Effect Of Unusual Items": NaN,
        "Tax Rate For Calcs": NaN,
        "Normalized EBITDA": NaN,
        "Total Unusual Items": NaN,
        "Total Unusual Items Excluding Goodwill": NaN,
        "Net Income From Continuing Operation Net Minority Interest": NaN,
        "Reconciled Depreciation": NaN,
        "EBITDA": NaN,
        "EBIT": NaN,
        "Net Interest Income": NaN,
        "Interest Expense": NaN,
        "Normalized Income": NaN,
        "Net Income From Continuing And Discontinued Operation": NaN,
        "Total Expenses": NaN,
        "Total Operating Income As Reported": NaN,
        "Diluted Average Shares": NaN,
        "Basic Average Shares": NaN,
        "Diluted EPS": NaN,
        "Basic EPS": NaN,
        "Diluted NI Availto Com Stockholders": NaN,
        "Net Income Common Stockholders": NaN,
        "Net Income": NaN,
        "Net Income Including Noncontrolling Interests": NaN,
        "Net Income Discontinuous Operations": 0.0,
        "Net Income Continuous Operations": NaN,
        "Tax Provision": NaN,
        "Pretax Income": NaN,
        "Other Income Expense": NaN,
        "Other Non Operating Income Expenses": NaN,
        "Gain On Sale Of Security": NaN,
        "Net Non Operating Interest Income Expense": NaN,
        "Interest Expense Non Operating": NaN,
        "Operating Income": NaN,
        "Operating Expense": NaN,
        "Research And Development": NaN,
        "Selling General And Administration": NaN,
        "General And Administrative Expense": 8356000.0,
        "Other Gand A": 6827000.0,
        "Salaries And Wages": 1529000.0,
        "Total Revenue": NaN,
        "Operating Revenue": NaN
    },
    "2022-12-31": {
        "Tax Effect Of Unusual Items": NaN,
        "Tax Rate For Calcs": NaN,
        "Normalized EBITDA": NaN,
        "Total Unusual Items": NaN,
        "Total Unusual Items Excluding Goodwill": NaN,
        "Net Income From Continuing Operation Net Minority Interest": NaN,
        "Reconciled Depreciation": NaN,
        "EBITDA": NaN,
        "EBIT": NaN,
        "Net Interest Income": NaN,
        "Interest Expense": NaN,
        "Normalized Income": NaN,
        "Net Income From Continuing And Discontinued Operation": NaN,
        "Total Expenses": NaN,
        "Total Operating Income As Reported": NaN,
        "Diluted Average Shares": NaN,
        "Basic Average Shares": NaN,
        "Diluted EPS": NaN,
        "Basic EPS": NaN,
        "Diluted NI Availto Com Stockholders": NaN,
        "Net Income Common Stockholders": NaN,
        "Net Income": NaN,
        "Net Income Including Noncontrolling Interests": NaN,
        "Net Income Discontinuous Operations": -253000.0,
        "Net Income Continuous Operations": NaN,
        "Tax Provision": NaN,
        "Pretax Income": NaN,
        "Other Income Expense": NaN,
        "Other Non Operating Income Expenses": NaN,
        "Gain On Sale Of Security": NaN,
        "Net Non Operating Interest Income Expense": NaN,
        "Interest Expense Non Operating": NaN,
        "Operating Income": NaN,
        "Operating Expense": NaN,
        "Research And Development": NaN,
        "Selling General And Administration": NaN,
        "General And Administrative Expense": NaN,
        "Other Gand A": NaN,
        "Salaries And Wages": NaN,
        "Total Revenue": NaN,
        "Operating Revenue": NaN
    },
    "2022-09-30": {
        "Tax Effect Of Unusual Items": 817600.0,
        "Tax Rate For Calcs": 0.4,
        "Normalized EBITDA": -13785000.0,
        "Total Unusual Items": 2044000.0,
        "Total Unusual Items Excluding Goodwill": 2044000.0,
        "Net Income From Continuing Operation Net Minority Interest": -14874000.0,
        "Reconciled Depreciation": 202000.0,
        "EBITDA": -11741000.0,
        "EBIT": -11943000.0,
        "Net Interest Income": -2773000.0,
        "Interest Expense": 2773000.0,
        "Normalized Income": -16100400.0,
        "Net Income From Continuing And Discontinued Operation": -5114000.0,
        "Total Expenses": 13967000.0,
        "Total Operating Income As Reported": -13887000.0,
        "Diluted Average Shares": 7478150.0,
        "Basic Average Shares": 7478150.0,
        "Diluted EPS": -0.68,
        "Basic EPS": -0.68,
        "Diluted NI Availto Com Stockholders": -5114000.0,
        "Net Income Common Stockholders": -5114000.0,
        "Net Income": -5114000.0,
        "Net Income Including Noncontrolling Interests": -5114000.0,
        "Net Income Discontinuous Operations": 9760000.0,
        "Net Income Continuous Operations": -14874000.0,
        "Tax Provision": 158000.0,
        "Pretax Income": -14716000.0,
        "Other Income Expense": 1944000.0,
        "Other Non Operating Income Expenses": -100000.0,
        "Gain On Sale Of Security": 2044000.0,
        "Net Non Operating Interest Income Expense": -2773000.0,
        "Interest Expense Non Operating": 2773000.0,
        "Operating Income": -13887000.0,
        "Operating Expense": 13967000.0,
        "Research And Development": 5820000.0,
        "Selling General And Administration": 8147000.0,
        "General And Administrative Expense": NaN,
        "Other Gand A": NaN,
        "Salaries And Wages": NaN,
        "Total Revenue": 80000.0,
        "Operating Revenue": 80000.0
    },
    "2022-06-30": {
        "Tax Effect Of Unusual Items": 538386.0,
        "Tax Rate For Calcs": 0.122,
        "Normalized EBITDA": -8250000.0,
        "Total Unusual Items": 4413000.0,
        "Total Unusual Items Excluding Goodwill": 4413000.0,
        "Net Income From Continuing Operation Net Minority Interest": -5997000.0,
        "Reconciled Depreciation": 225000.0,
        "EBITDA": -3837000.0,
        "EBIT": -4062000.0,
        "Net Interest Income": -2772000.0,
        "Interest Expense": 2772000.0,
        "Normalized Income": -9871614.0,
        "Net Income From Continuing And Discontinued Operation": -5513000.0,
        "Total Expenses": 14314000.0,
        "Total Operating Income As Reported": -14210000.0,
        "Diluted Average Shares": 7374865.0,
        "Basic Average Shares": 7374865.0,
        "Diluted EPS": -0.75,
        "Basic EPS": -0.75,
        "Diluted NI Availto Com Stockholders": -5513000.0,
        "Net Income Common Stockholders": -5513000.0,
        "Net Income": -5513000.0,
        "Net Income Including Noncontrolling Interests": -5513000.0,
        "Net Income Discontinuous Operations": 484000.0,
        "Net Income Continuous Operations": -5997000.0,
        "Tax Provision": -837000.0,
        "Pretax Income": -6834000.0,
        "Other Income Expense": 10148000.0,
        "Other Non Operating Income Expenses": 5735000.0,
        "Gain On Sale Of Security": 4413000.0,
        "Net Non Operating Interest Income Expense": -2772000.0,
        "Interest Expense Non Operating": 2772000.0,
        "Operating Income": -14210000.0,
        "Operating Expense": 14314000.0,
        "Research And Development": 5904000.0,
        "Selling General And Administration": 8410000.0,
        "General And Administrative Expense": NaN,
        "Other Gand A": NaN,
        "Salaries And Wages": NaN,
        "Total Revenue": 104000.0,
        "Operating Revenue": 104000.0
    },
    "2022-03-31": {
        "Diluted EPS": -1.88,
        "Total Revenue": 0,
        "Gross Profit": 0,
        "Operating Income": -20,
        "EBIT": -19,
        "Net Income": -14
    },
    "2021-12-31": {
        "Diluted EPS": -14.0,
        "Total Revenue": 0,
        "Gross Profit": 0,
        "Operating Income": -20,
        "EBIT": -19,
        "Net Income": -93
    },
    "2021-09-30": {
        "Diluted EPS": -11.5,
        "Total Revenue": 0,
        "Gross Profit": 0,
        "Operating Income": -31,
        "EBIT": -34,
        "Net Income": -44
    },
    "2021-06-30": {
        "Diluted EPS": -30.75,
        "Total Revenue": 0,
        "Gross Profit": 0,
        "Operating Income": -36,
        "EBIT": -31,
        "Net Income": -79
    },
    "2021-03-31": {
        "Diluted EPS": -14.0,
        "Total Revenue": 0,
        "Gross Profit": 0,
        "Operating Income": -31,
        "EBIT": -31,
        "Net Income": -32
    },
    "2020-12-31": {
        "Diluted EPS": -38.25,
        "Total Revenue": 0,
        "Gross Profit": 0,
        "Operating Income": -28,
        "EBIT": -26,
        "Net Income": -76
    },
    "2020-09-30": {
        "Diluted EPS": -25.25,
        "Total Revenue": 0,
        "Gross Profit": 0,
        "Operating Income": -31,
        "EBIT": -30,
        "Net Income": -47
    },
    "2020-06-30": {
        "Diluted EPS": -152.75,
        "Total Revenue": NaN,
        "Gross Profit": NaN,
        "Operating Income": -26,
        "EBIT": -26,
        "Net Income": -53
    },
    "2020-03-31": {
        "Diluted EPS": -85.75,
        "Total Revenue": 17,
        "Gross Profit": -10,
        "Operating Income": -53,
        "EBIT": -51,
        "Net Income": -17
    },
    "2019-12-31": {
        "Diluted EPS": 0.0,
        "Total Revenue": NaN,
        "Gross Profit": NaN,
        "Operating Income": NaN,
        "EBIT": NaN,
        "Net Income": NaN
    },
    "2019-09-30": {
        "Diluted EPS": -496.25,
        "Total Revenue": 19,
        "Gross Profit": -6,
        "Operating Income": -55,
        "EBIT": -53,
        "Net Income": -98
    },
    "2019-06-30": {
        "Diluted EPS": -83.5,
        "Total Revenue": 57,
        "Gross Profit": 31,
        "Operating Income": -14,
        "EBIT": -14,
        "Net Income": -16
    },
    "2023-06-30": {
        "Tax Effect Of Unusual Items": -33810.0,
        "Tax Rate For Calcs": 0.21,
        "Normalized EBITDA": -14773000.0,
        "Total Unusual Items": -161000.0,
        "Total Unusual Items Excluding Goodwill": -161000.0,
        "Net Income From Continuing Operation Net Minority Interest": -17807000.0,
        "Reconciled Depreciation": 166000.0,
        "EBITDA": -14934000.0,
        "EBIT": -15100000.0,
        "Net Interest Income": -2703000.0,
        "Interest Expense": 2703000.0,
        "Normalized Income": -17679810.0,
        "Net Income From Continuing And Discontinued Operation": -17807000.0,
        "Total Expenses": 14936000.0,
        "Total Operating Income As Reported": -14934000.0,
        "Diluted Average Shares": 12143108.0,
        "Basic Average Shares": 12143108.0,
        "Diluted EPS": -2.94,
        "Basic EPS": -2.94,
        "Diluted NI Availto Com Stockholders": -17807000.0,
        "Net Income Common Stockholders": -17807000.0,
        "Net Income": -17807000.0,
        "Net Income Including Noncontrolling Interests": -17807000.0,
        "Net Income Discontinuous Operations": 0.0,
        "Net Income Continuous Operations": -17807000.0,
        "Tax Provision": 4000.0,
        "Pretax Income": -17803000.0,
        "Other Income Expense": -166000.0,
        "Other Non Operating Income Expenses": -5000.0,
        "Gain On Sale Of Security": -161000.0,
        "Net Non Operating Interest Income Expense": -2703000.0,
        "Interest Expense Non Operating": 2703000.0,
        "Operating Income": -14934000.0,
        "Operating Expense": 14936000.0,
        "Research And Development": 5983000.0,
        "Selling General And Administration": 8953000.0,
        "General And Administrative Expense": NaN,
        "Other Gand A": NaN,
        "Salaries And Wages": NaN,
        "Total Revenue": 2000.0,
        "Operating Revenue": 2000.0
    },
    "2023-09-30": {
        "Tax Effect Of Unusual Items": 0.0,
        "Tax Rate For Calcs": 0.0,
        "Normalized EBITDA": -75304000.0,
        "Total Unusual Items": 4568000.0,
        "Total Unusual Items Excluding Goodwill": 4568000.0,
        "Net Income From Continuing Operation Net Minority Interest": -73454000.0,
        "Reconciled Depreciation": 125000.0,
        "EBITDA": -70736000.0,
        "EBIT": -70861000.0,
        "Net Interest Income": -2592000.0,
        "Interest Expense": 2592000.0,
        "Normalized Income": -78022000.0,
        "Net Income From Continuing And Discontinued Operation": -73454000.0,
        "Total Expenses": 23321000.0,
        "Total Operating Income As Reported": -23321000.0,
        "Diluted Average Shares": 15024726.0,
        "Basic Average Shares": 15024726.0,
        "Diluted EPS": -4.89,
        "Basic EPS": -4.89,
        "Diluted NI Availto Com Stockholders": -73454000.0,
        "Net Income Common Stockholders": -73454000.0,
        "Net Income": -73454000.0,
        "Net Income Including Noncontrolling Interests": -73454000.0,
        "Net Income Discontinuous Operations": 0.0,
        "Net Income Continuous Operations": -73454000.0,
        "Tax Provision": 1000.0,
        "Pretax Income": -73453000.0,
        "Other Income Expense": -47540000.0,
        "Other Non Operating Income Expenses": -52108000.0,
        "Gain On Sale Of Security": 4568000.0,
        "Net Non Operating Interest Income Expense": -2592000.0,
        "Interest Expense Non Operating": 2592000.0,
        "Operating Income": -23321000.0,
        "Operating Expense": 23321000.0,
        "Research And Development": 10547000.0,
        "Selling General And Administration": 12774000.0,
        "General And Administrative Expense": NaN,
        "Other Gand A": NaN,
        "Salaries And Wages": NaN,
        "Total Revenue": 0.0,
        "Operating Revenue": 0.0
    },
    "2023-12-31": {
        "Tax Effect Of Unusual Items": 76914.541871,
        "Tax Rate For Calcs": 0.006041,
        "Normalized EBITDA": -26503000.0,
        "Total Unusual Items": 12733000.0,
        "Total Unusual Items Excluding Goodwill": 12733000.0,
        "Net Income From Continuing Operation Net Minority Interest": -15632000.0,
        "Reconciled Depreciation": 117000.0,
        "EBITDA": -13770000.0,
        "EBIT": -13887000.0,
        "Net Interest Income": -1840000.0,
        "Interest Expense": 1840000.0,
        "Normalized Income": -28288085.458129,
        "Net Income From Continuing And Discontinued Operation": -15413000.0,
        "Total Expenses": 13344000.0,
        "Total Operating Income As Reported": -13344000.0,
        "Diluted Average Shares": 24810923.0,
        "Basic Average Shares": 24810923.0,
        "Diluted EPS": -0.62,
        "Basic EPS": -0.62,
        "Diluted NI Availto Com Stockholders": -15413000.0,
        "Net Income Common Stockholders": -15413000.0,
        "Net Income": -15413000.0,
        "Net Income Including Noncontrolling Interests": -15413000.0,
        "Net Income Discontinuous Operations": 219000.0,
        "Net Income Continuous Operations": -15632000.0,
        "Tax Provision": -95000.0,
        "Pretax Income": -15727000.0,
        "Other Income Expense": -543000.0,
        "Other Non Operating Income Expenses": -13276000.0,
        "Gain On Sale Of Security": 12733000.0,
        "Net Non Operating Interest Income Expense": -1840000.0,
        "Interest Expense Non Operating": 1840000.0,
        "Operating Income": -13344000.0,
        "Operating Expense": 13344000.0,
        "Research And Development": 6118000.0,
        "Selling General And Administration": 7226000.0,
        "General And Administrative Expense": NaN,
        "Other Gand A": NaN,
        "Salaries And Wages": NaN,
        "Total Revenue": 0.0,
        "Operating Revenue": 0.0
    },
    "2024-03-31": {
        "Tax Effect Of Unusual Items": 0.0,
        "Tax Rate For Calcs": 0.0,
        "Normalized EBITDA": -15194000.0,
        "Total Unusual Items": 13915000.0,
        "Total Unusual Items Excluding Goodwill": 13915000.0,
        "Net Income From Continuing Operation Net Minority Interest": -4189000.0,
        "Reconciled Depreciation": 105000.0,
        "EBITDA": -1279000.0,
        "EBIT": -1384000.0,
        "Net Interest Income": -2757000.0,
        "Interest Expense": 2757000.0,
        "Normalized Income": -18104000.0,
        "Net Income From Continuing And Discontinued Operation": -4189000.0,
        "Total Expenses": 16058000.0,
        "Total Operating Income As Reported": -15516000.0,
        "Diluted Average Shares": 29296767.0,
        "Basic Average Shares": 29296767.0,
        "Diluted EPS": -0.14,
        "Basic EPS": -0.14,
        "Diluted NI Availto Com Stockholders": -4189000.0,
        "Net Income Common Stockholders": -4189000.0,
        "Net Income": -4189000.0,
        "Net Income Including Noncontrolling Interests": -4189000.0,
        "Net Income Discontinuous Operations": NaN,
        "Net Income Continuous Operations": -4189000.0,
        "Tax Provision": 48000.0,
        "Pretax Income": -4141000.0,
        "Other Income Expense": 14132000.0,
        "Other Non Operating Income Expenses": 217000.0,
        "Gain On Sale Of Security": 13915000.0,
        "Net Non Operating Interest Income Expense": -2757000.0,
        "Interest Expense Non Operating": 2757000.0,
        "Operating Income": -15516000.0,
        "Operating Expense": 16058000.0,
        "Research And Development": 7005000.0,
        "Selling General And Administration": 9053000.0,
        "General And Administrative Expense": NaN,
        "Other Gand A": NaN,
        "Salaries And Wages": NaN,
        "Total Revenue": 542000.0,
        "Operating Revenue": 542000.0
    },
    "2024-06-30": {
        "Tax Effect Of Unusual Items": 2730630.0,
        "Tax Rate For Calcs": 0.21,
        "Normalized EBITDA": -5784000.0,
        "Total Unusual Items": 13003000.0,
        "Total Unusual Items Excluding Goodwill": 13003000.0,
        "Net Income From Continuing Operation Net Minority Interest": 6465000.0,
        "Reconciled Depreciation": 110000.0,
        "EBITDA": 7219000.0,
        "EBIT": 7109000.0,
        "Net Interest Income": -711000.0,
        "Interest Expense": 711000.0,
        "Normalized Income": -3807370.0,
        "Net Income From Continuing And Discontinued Operation": 6465000.0,
        "Total Expenses": 16104000.0,
        "Total Operating Income As Reported": -15786000.0,
        "Diluted Average Shares": 35720168.0,
        "Basic Average Shares": 35720168.0,
        "Diluted EPS": 0.14,
        "Basic EPS": 0.14,
        "Diluted NI Availto Com Stockholders": 6465000.0,
        "Net Income Common Stockholders": 6465000.0,
        "Net Income": 6465000.0,
        "Net Income Including Noncontrolling Interests": 6465000.0,
        "Net Income Discontinuous Operations": NaN,
        "Net Income Continuous Operations": 6465000.0,
        "Tax Provision": -67000.0,
        "Pretax Income": 6398000.0,
        "Other Income Expense": 22895000.0,
        "Other Non Operating Income Expenses": 9892000.0,
        "Gain On Sale Of Security": 13003000.0,
        "Net Non Operating Interest Income Expense": -711000.0,
        "Interest Expense Non Operating": 711000.0,
        "Operating Income": -15786000.0,
        "Operating Expense": 16104000.0,
        "Research And Development": 7704000.0,
        "Selling General And Administration": 8400000.0,
        "General And Administrative Expense": NaN,
        "Other Gand A": NaN,
        "Salaries And Wages": NaN,
        "Total Revenue": 318000.0,
        "Operating Revenue": 318000.0
    }
}