{
    "2023-03-31": {
        "Tax Effect Of Unusual Items": NaN,
        "Tax Rate For Calcs": NaN,
        "Normalized EBITDA": NaN,
        "Total Unusual Items": NaN,
        "Total Unusual Items Excluding Goodwill": NaN,
        "Net Income From Continuing Operation Net Minority Interest": NaN,
        "Reconciled Depreciation": NaN,
        "Reconciled Cost Of Revenue": NaN,
        "EBITDA": NaN,
        "EBIT": NaN,
        "Net Interest Income": NaN,
        "Interest Expense": NaN,
        "Normalized Income": NaN,
        "Net Income From Continuing And Discontinued Operation": NaN,
        "Total Expenses": NaN,
        "Total Operating Income As Reported": NaN,
        "Diluted Average Shares": 63079523.0,
        "Basic Average Shares": 62002011.0,
        "Diluted EPS": 0.4462,
        "Basic EPS": 0.454,
        "Diluted NI Availto Com Stockholders": NaN,
        "Net Income Common Stockholders": NaN,
        "Net Income": NaN,
        "Minority Interests": NaN,
        "Net Income Including Noncontrolling Interests": NaN,
        "Net Income Continuous Operations": NaN,
        "Tax Provision": NaN,
        "Pretax Income": NaN,
        "Other Income Expense": NaN,
        "Special Income Charges": NaN,
        "Other Special Charges": NaN,
        "Write Off": NaN,
        "Earnings From Equity Interest": NaN,
        "Gain On Sale Of Security": NaN,
        "Net Non Operating Interest Income Expense": NaN,
        "Total Other Finance Cost": NaN,
        "Interest Expense Non Operating": NaN,
        "Operating Income": NaN,
        "Operating Expense": NaN,
        "Other Operating Expenses": NaN,
        "Other Taxes": NaN,
        "Depreciation Amortization Depletion Income Statement": NaN,
        "Depreciation And Amortization In Income Statement": NaN,
        "Amortization": NaN,
        "Amortization Of Intangibles Income Statement": NaN,
        "Depreciation Income Statement": NaN,
        "Research And Development": NaN,
        "Selling General And Administration": NaN,
        "Selling And Marketing Expense": NaN,
        "General And Administrative Expense": NaN,
        "Other Gand A": NaN,
        "Insurance And Claims": NaN,
        "Salaries And Wages": NaN,
        "Gross Profit": NaN,
        "Cost Of Revenue": NaN,
        "Total Revenue": NaN,
        "Operating Revenue": NaN
    },
    "2022-12-31": {
        "Tax Effect Of Unusual Items": NaN,
        "Tax Rate For Calcs": NaN,
        "Normalized EBITDA": NaN,
        "Total Unusual Items": NaN,
        "Total Unusual Items Excluding Goodwill": NaN,
        "Net Income From Continuing Operation Net Minority Interest": NaN,
        "Reconciled Depreciation": 5453857.0,
        "Reconciled Cost Of Revenue": NaN,
        "EBITDA": NaN,
        "EBIT": NaN,
        "Net Interest Income": NaN,
        "Interest Expense": 5759485.0,
        "Normalized Income": NaN,
        "Net Income From Continuing And Discontinued Operation": NaN,
        "Total Expenses": NaN,
        "Total Operating Income As Reported": NaN,
        "Diluted Average Shares": NaN,
        "Basic Average Shares": NaN,
        "Diluted EPS": NaN,
        "Basic EPS": NaN,
        "Diluted NI Availto Com Stockholders": NaN,
        "Net Income Common Stockholders": NaN,
        "Net Income": NaN,
        "Minority Interests": NaN,
        "Net Income Including Noncontrolling Interests": NaN,
        "Net Income Continuous Operations": NaN,
        "Tax Provision": NaN,
        "Pretax Income": NaN,
        "Other Income Expense": NaN,
        "Special Income Charges": NaN,
        "Write Off": NaN,
        "Earnings From Equity Interest": NaN,
        "Gain On Sale Of Security": NaN,
        "Net Non Operating Interest Income Expense": NaN,
        "Total Other Finance Cost": NaN,
        "Interest Expense Non Operating": 5759485.0,
        "Operating Income": NaN,
        "Operating Expense": NaN,
        "Other Operating Expenses": NaN,
        "Other Taxes": NaN,
        "Depreciation Amortization Depletion Income Statement": NaN,
        "Depreciation And Amortization In Income Statement": NaN,
        "Amortization": NaN,
        "Amortization Of Intangibles Income Statement": NaN,
        "Depreciation Income Statement": NaN,
        "Research And Development": 3457892.0,
        "Selling General And Administration": 28413577.0,
        "Selling And Marketing Expense": NaN,
        "General And Administrative Expense": NaN,
        "Other Gand A": NaN,
        "Insurance And Claims": NaN,
        "Salaries And Wages": NaN,
        "Gross Profit": NaN,
        "Cost Of Revenue": NaN,
        "Total Revenue": NaN,
        "Operating Revenue": NaN
    },
    "2022-09-30": {
        "Tax Effect Of Unusual Items": NaN,
        "Tax Rate For Calcs": NaN,
        "Normalized EBITDA": NaN,
        "Total Unusual Items": -1552191.0,
        "Total Unusual Items Excluding Goodwill": -1552191.0,
        "Net Income From Continuing Operation Net Minority Interest": NaN,
        "Reconciled Depreciation": NaN,
        "Reconciled Cost Of Revenue": NaN,
        "EBITDA": NaN,
        "EBIT": NaN,
        "Net Interest Income": NaN,
        "Interest Expense": 5719310.0,
        "Normalized Income": NaN,
        "Net Income From Continuing And Discontinued Operation": NaN,
        "Total Expenses": NaN,
        "Total Operating Income As Reported": NaN,
        "Diluted Average Shares": NaN,
        "Basic Average Shares": NaN,
        "Diluted EPS": NaN,
        "Basic EPS": NaN,
        "Diluted NI Availto Com Stockholders": NaN,
        "Net Income Common Stockholders": NaN,
        "Net Income": NaN,
        "Minority Interests": NaN,
        "Net Income Including Noncontrolling Interests": NaN,
        "Net Income Continuous Operations": NaN,
        "Tax Provision": NaN,
        "Pretax Income": NaN,
        "Other Income Expense": NaN,
        "Special Income Charges": -156053.0,
        "Write Off": 156053.0,
        "Restructuring And Mergern Acquisition": -107832.0,
        "Earnings From Equity Interest": NaN,
        "Gain On Sale Of Security": -1396138.0,
        "Net Non Operating Interest Income Expense": NaN,
        "Total Other Finance Cost": NaN,
        "Interest Expense Non Operating": 5719310.0,
        "Operating Income": NaN,
        "Operating Expense": NaN,
        "Other Operating Expenses": NaN,
        "Other Taxes": 4130539.0,
        "Depreciation Amortization Depletion Income Statement": 1685174.0,
        "Depreciation And Amortization In Income Statement": 1685174.0,
        "Amortization": 922258.0,
        "Amortization Of Intangibles Income Statement": 922258.0,
        "Depreciation Income Statement": 762916.0,
        "Research And Development": NaN,
        "Selling General And Administration": NaN,
        "Selling And Marketing Expense": 5985984.0,
        "General And Administrative Expense": 18966419.0,
        "Other Gand A": 8044940.0,
        "Insurance And Claims": 760276.0,
        "Salaries And Wages": 10161203.0,
        "Gross Profit": NaN,
        "Cost Of Revenue": NaN,
        "Total Revenue": NaN,
        "Operating Revenue": NaN
    },
    "2022-06-30": {
        "Tax Effect Of Unusual Items": 0.0,
        "Tax Rate For Calcs": 0.4,
        "Normalized EBITDA": 9611728.0,
        "Total Unusual Items": -1584974.0,
        "Total Unusual Items Excluding Goodwill": -1584974.0,
        "Net Income From Continuing Operation Net Minority Interest": -5146706.0,
        "Reconciled Depreciation": 3507270.0,
        "Reconciled Cost Of Revenue": 69299211.0,
        "EBITDA": 9611728.0,
        "EBIT": 9611728.0,
        "Net Interest Income": -7768098.0,
        "Interest Expense": 4899053.0,
        "Normalized Income": -5146706.0,
        "Net Income From Continuing And Discontinued Operation": -5146706.0,
        "Total Expenses": 96137592.0,
        "Total Operating Income As Reported": 10041013.0,
        "Diluted Average Shares": 45793691.0,
        "Basic Average Shares": 45793691.0,
        "Diluted EPS": -0.112201,
        "Basic EPS": -0.112201,
        "Diluted NI Availto Com Stockholders": -5146706.0,
        "Net Income Common Stockholders": -5146706.0,
        "Net Income": -5146706.0,
        "Minority Interests": -467483.0,
        "Net Income Including Noncontrolling Interests": -4679223.0,
        "Net Income Continuous Operations": -4679223.0,
        "Tax Provision": 6952138.0,
        "Pretax Income": 2272915.0,
        "Other Income Expense": 429285.0,
        "Special Income Charges": -177842.0,
        "Write Off": 177842.0,
        "Restructuring And Mergern Acquisition": NaN,
        "Earnings From Equity Interest": 429285.0,
        "Gain On Sale Of Security": -1407132.0,
        "Net Non Operating Interest Income Expense": -7768098.0,
        "Total Other Finance Cost": 7768098.0,
        "Interest Expense Non Operating": 4899053.0,
        "Operating Income": 9611728.0,
        "Operating Expense": 26838381.0,
        "Other Operating Expenses": 26838381.0,
        "Other Taxes": 2970104.0,
        "Depreciation Amortization Depletion Income Statement": 1780522.0,
        "Depreciation And Amortization In Income Statement": 1780522.0,
        "Amortization": 575262.0,
        "Amortization Of Intangibles Income Statement": 575262.0,
        "Depreciation Income Statement": 1205260.0,
        "Research And Development": 2295857.0,
        "Selling General And Administration": 19032812.0,
        "Selling And Marketing Expense": 2215267.0,
        "General And Administrative Expense": 16817545.0,
        "Other Gand A": 9045984.0,
        "Insurance And Claims": 453990.0,
        "Salaries And Wages": 7317571.0,
        "Gross Profit": 36450109.0,
        "Cost Of Revenue": 69299211.0,
        "Total Revenue": 105749320.0,
        "Operating Revenue": 105749320.0
    },
    "2022-03-31": {
        "Diluted EPS": -0.16,
        "Total Revenue": 69,
        "Gross Profit": 24,
        "Operating Income": 2,
        "EBIT": 4,
        "Net Income": -6
    },
    "2021-12-31": {
        "Diluted EPS": 0.08,
        "Total Revenue": 93,
        "Gross Profit": 37,
        "Operating Income": 18,
        "EBIT": 19,
        "Net Income": 3
    },
    "2021-09-30": {
        "Diluted EPS": 0.02,
        "Total Revenue": 67,
        "Gross Profit": 29,
        "Operating Income": 10,
        "EBIT": 12,
        "Net Income": 1
    },
    "2021-06-30": {
        "Diluted EPS": 0.03,
        "Total Revenue": 82,
        "Gross Profit": 33,
        "Operating Income": 14,
        "EBIT": 16,
        "Net Income": 1
    },
    "2021-03-31": {
        "Diluted EPS": -0.03,
        "Total Revenue": 36,
        "Gross Profit": 15,
        "Operating Income": 5,
        "EBIT": 7,
        "Net Income": -1
    },
    "2020-12-31": {
        "Diluted EPS": 0.02,
        "Total Revenue": 49,
        "Gross Profit": 24,
        "Operating Income": 12,
        "EBIT": 13,
        "Net Income": 1
    },
    "2020-09-30": {
        "Diluted EPS": -0.19,
        "Total Revenue": 42,
        "Gross Profit": 19,
        "Operating Income": 8,
        "EBIT": 10,
        "Net Income": -7
    },
    "2020-06-30": {
        "Diluted EPS": 0.06,
        "Total Revenue": 48,
        "Gross Profit": 23,
        "Operating Income": 13,
        "EBIT": 14,
        "Net Income": 2
    },
    "2020-03-31": {
        "Diluted EPS": -0.09,
        "Total Revenue": 26,
        "Gross Profit": 11,
        "Operating Income": 1,
        "EBIT": 2,
        "Net Income": -3
    },
    "2019-12-31": {
        "Diluted EPS": 0.31,
        "Total Revenue": 63,
        "Gross Profit": 30,
        "Operating Income": 20,
        "EBIT": 21,
        "Net Income": 11
    },
    "2019-09-30": {
        "Diluted EPS": -0.2,
        "Total Revenue": 36,
        "Gross Profit": 16,
        "Operating Income": 6,
        "EBIT": 7,
        "Net Income": -7
    },
    "2019-06-30": {
        "Diluted EPS": 0.18,
        "Total Revenue": 50,
        "Gross Profit": 21,
        "Operating Income": -36,
        "EBIT": -34,
        "Net Income": 5
    },
    "2019-03-31": {
        "Diluted EPS": -0.72,
        "Total Revenue": 19,
        "Gross Profit": 8,
        "Operating Income": -2,
        "EBIT": -1,
        "Net Income": -21
    },
    "2018-12-31": {
        "Diluted EPS": 0.19,
        "Total Revenue": 62,
        "Gross Profit": 29,
        "Operating Income": 19,
        "EBIT": 20,
        "Net Income": 7
    },
    "2018-10-31": {
        "Diluted EPS": -0.06,
        "Total Revenue": NaN,
        "Gross Profit": NaN,
        "Operating Income": 0,
        "EBIT": 0,
        "Net Income": 0
    },
    "2018-09-30": {
        "Diluted EPS": 0.0,
        "Total Revenue": 30,
        "Gross Profit": 15,
        "Operating Income": 8,
        "EBIT": 9,
        "Net Income": -3
    },
    "2018-06-30": {
        "Diluted EPS": -0.04,
        "Total Revenue": NaN,
        "Gross Profit": NaN,
        "Operating Income": 0,
        "EBIT": NaN,
        "Net Income": 0
    },
    "2018-04-30": {
        "Diluted EPS": -0.07,
        "Total Revenue": NaN,
        "Gross Profit": NaN,
        "Operating Income": 0,
        "EBIT": 0,
        "Net Income": 0
    },
    "2018-03-31": {
        "Diluted EPS": 0.0,
        "Total Revenue": NaN,
        "Gross Profit": NaN,
        "Operating Income": 0,
        "EBIT": 0,
        "Net Income": 0
    },
    "2018-01-31": {
        "Diluted EPS": 0.0,
        "Total Revenue": NaN,
        "Gross Profit": NaN,
        "Operating Income": NaN,
        "EBIT": NaN,
        "Net Income": NaN
    },
    "2017-12-31": {
        "Diluted EPS": 0.0,
        "Total Revenue": NaN,
        "Gross Profit": NaN,
        "Operating Income": NaN,
        "EBIT": NaN,
        "Net Income": NaN
    },
    "2023-06-30": {
        "Tax Effect Of Unusual Items": NaN,
        "Tax Rate For Calcs": NaN,
        "Normalized EBITDA": NaN,
        "Total Unusual Items": NaN,
        "Total Unusual Items Excluding Goodwill": NaN,
        "Net Income From Continuing Operation Net Minority Interest": NaN,
        "Reconciled Depreciation": 4414597.0,
        "Reconciled Cost Of Revenue": NaN,
        "EBITDA": NaN,
        "EBIT": NaN,
        "Net Interest Income": NaN,
        "Interest Expense": NaN,
        "Normalized Income": NaN,
        "Net Income From Continuing And Discontinued Operation": NaN,
        "Total Expenses": NaN,
        "Total Operating Income As Reported": NaN,
        "Diluted Average Shares": 63185508.0,
        "Basic Average Shares": 62146082.0,
        "Diluted EPS": -0.061146,
        "Basic EPS": -0.061146,
        "Diluted NI Availto Com Stockholders": NaN,
        "Net Income Common Stockholders": NaN,
        "Net Income": NaN,
        "Minority Interests": NaN,
        "Net Income Including Noncontrolling Interests": NaN,
        "Net Income Continuous Operations": NaN,
        "Tax Provision": NaN,
        "Pretax Income": NaN,
        "Other Income Expense": NaN,
        "Special Income Charges": NaN,
        "Other Special Charges": NaN,
        "Write Off": NaN,
        "Earnings From Equity Interest": NaN,
        "Gain On Sale Of Security": NaN,
        "Net Non Operating Interest Income Expense": NaN,
        "Total Other Finance Cost": NaN,
        "Interest Expense Non Operating": NaN,
        "Operating Income": NaN,
        "Operating Expense": NaN,
        "Other Operating Expenses": NaN,
        "Other Taxes": NaN,
        "Depreciation Amortization Depletion Income Statement": NaN,
        "Depreciation And Amortization In Income Statement": NaN,
        "Amortization": NaN,
        "Amortization Of Intangibles Income Statement": NaN,
        "Depreciation Income Statement": NaN,
        "Research And Development": 4141522.0,
        "Selling General And Administration": 1234471.0,
        "Selling And Marketing Expense": NaN,
        "General And Administrative Expense": NaN,
        "Other Gand A": NaN,
        "Insurance And Claims": NaN,
        "Salaries And Wages": NaN,
        "Gross Profit": NaN,
        "Cost Of Revenue": NaN,
        "Total Revenue": NaN,
        "Operating Revenue": NaN
    },
    "2023-09-30": {
        "Tax Effect Of Unusual Items": -1260000.0,
        "Tax Rate For Calcs": 0.35,
        "Normalized EBITDA": 9527808.0,
        "Total Unusual Items": -3600000.0,
        "Total Unusual Items Excluding Goodwill": -3600000.0,
        "Net Income From Continuing Operation Net Minority Interest": -5400000.0,
        "Reconciled Depreciation": 4827808.0,
        "Reconciled Cost Of Revenue": 71200000.0,
        "EBITDA": 5927808.0,
        "EBIT": 1100000.0,
        "Net Interest Income": -3900000.0,
        "Interest Expense": 3300000.0,
        "Normalized Income": -3060000.0,
        "Net Income From Continuing And Discontinued Operation": -5400000.0,
        "Total Expenses": 112300000.0,
        "Total Operating Income As Reported": 5300000.0,
        "Diluted Average Shares": 62800000.0,
        "Basic Average Shares": 62800000.0,
        "Diluted EPS": -0.085987,
        "Basic EPS": -0.085987,
        "Diluted NI Availto Com Stockholders": -5400000.0,
        "Net Income Common Stockholders": -5400000.0,
        "Net Income": -5400000.0,
        "Minority Interests": -1900000.0,
        "Net Income Including Noncontrolling Interests": -2700000.0,
        "Net Income Continuous Operations": -2600000.0,
        "Tax Provision": 400000.0,
        "Pretax Income": -2200000.0,
        "Other Income Expense": -2100000.0,
        "Special Income Charges": -352920.0,
        "Other Special Charges": NaN,
        "Write Off": 352920.0,
        "Earnings From Equity Interest": 1500000.0,
        "Gain On Sale Of Security": -3600000.0,
        "Net Non Operating Interest Income Expense": -3900000.0,
        "Total Other Finance Cost": 600000.0,
        "Interest Expense Non Operating": 3300000.0,
        "Operating Income": 3900000.0,
        "Operating Expense": 41100000.0,
        "Other Operating Expenses": 41100000.0,
        "Other Taxes": 3766419.0,
        "Depreciation Amortization Depletion Income Statement": 2492198.0,
        "Depreciation And Amortization In Income Statement": 2492198.0,
        "Amortization": 1551788.0,
        "Amortization Of Intangibles Income Statement": 1551788.0,
        "Depreciation Income Statement": 940410.0,
        "Research And Development": 4581241.0,
        "Selling General And Administration": 25959098.0,
        "Selling And Marketing Expense": 4150592.0,
        "General And Administrative Expense": 21808506.0,
        "Other Gand A": 5365739.0,
        "Insurance And Claims": 473850.0,
        "Salaries And Wages": 15968917.0,
        "Gross Profit": 45000000.0,
        "Cost Of Revenue": 71200000.0,
        "Total Revenue": 116200000.0,
        "Operating Revenue": 116200000.0
    },
    "2023-12-31": {
        "Tax Effect Of Unusual Items": 0.0,
        "Tax Rate For Calcs": 0.35,
        "Normalized EBITDA": 18302722.0,
        "Total Unusual Items": NaN,
        "Total Unusual Items Excluding Goodwill": NaN,
        "Net Income From Continuing Operation Net Minority Interest": 108449.0,
        "Reconciled Depreciation": 4914841.0,
        "Reconciled Cost Of Revenue": 89529564.0,
        "EBITDA": 18302722.0,
        "EBIT": 13387881.0,
        "Net Interest Income": -7270054.0,
        "Interest Expense": 3815993.0,
        "Normalized Income": 108449.0,
        "Net Income From Continuing And Discontinued Operation": 108449.0,
        "Total Expenses": 125504181.0,
        "Total Operating Income As Reported": 16841942.0,
        "Diluted Average Shares": 63877692.0,
        "Basic Average Shares": 62839961.0,
        "Diluted EPS": 0.0017,
        "Basic EPS": 0.0017,
        "Diluted NI Availto Com Stockholders": 108449.0,
        "Net Income Common Stockholders": 108449.0,
        "Net Income": 108449.0,
        "Minority Interests": -1130052.0,
        "Net Income Including Noncontrolling Interests": 1238501.0,
        "Net Income Continuous Operations": 1238501.0,
        "Tax Provision": 8333387.0,
        "Pretax Income": 9571888.0,
        "Other Income Expense": 2052296.0,
        "Special Income Charges": NaN,
        "Other Special Charges": NaN,
        "Write Off": NaN,
        "Earnings From Equity Interest": 2052296.0,
        "Gain On Sale Of Security": NaN,
        "Net Non Operating Interest Income Expense": -7270054.0,
        "Total Other Finance Cost": 3454061.0,
        "Interest Expense Non Operating": 3815993.0,
        "Operating Income": 14789646.0,
        "Operating Expense": 35974617.0,
        "Other Operating Expenses": 1166603.0,
        "Other Taxes": NaN,
        "Depreciation Amortization Depletion Income Statement": NaN,
        "Depreciation And Amortization In Income Statement": NaN,
        "Amortization": NaN,
        "Amortization Of Intangibles Income Statement": NaN,
        "Depreciation Income Statement": NaN,
        "Research And Development": 3643077.0,
        "Selling General And Administration": 31164937.0,
        "Selling And Marketing Expense": NaN,
        "General And Administrative Expense": NaN,
        "Other Gand A": NaN,
        "Insurance And Claims": NaN,
        "Salaries And Wages": NaN,
        "Gross Profit": 50764263.0,
        "Cost Of Revenue": 89529564.0,
        "Total Revenue": 140293827.0,
        "Operating Revenue": 140293827.0
    },
    "2024-03-31": {
        "Tax Effect Of Unusual Items": 0.0,
        "Tax Rate For Calcs": 0.35,
        "Normalized EBITDA": 17236961.0,
        "Total Unusual Items": NaN,
        "Total Unusual Items Excluding Goodwill": NaN,
        "Net Income From Continuing Operation Net Minority Interest": 9257226.0,
        "Reconciled Depreciation": 4942277.0,
        "Reconciled Cost Of Revenue": 41223681.0,
        "EBITDA": 17236961.0,
        "EBIT": 12294684.0,
        "Net Interest Income": -4379343.0,
        "Interest Expense": NaN,
        "Normalized Income": 9257226.0,
        "Net Income From Continuing And Discontinued Operation": 9257226.0,
        "Total Expenses": 71744077.0,
        "Total Operating Income As Reported": 13200820.0,
        "Diluted Average Shares": 66761225.0,
        "Basic Average Shares": 62837668.0,
        "Diluted EPS": 0.1387,
        "Basic EPS": 0.1473,
        "Diluted NI Availto Com Stockholders": 9257226.0,
        "Net Income Common Stockholders": 9257226.0,
        "Net Income": 9257226.0,
        "Minority Interests": -520083.0,
        "Net Income Including Noncontrolling Interests": 9777309.0,
        "Net Income Continuous Operations": 9777309.0,
        "Tax Provision": -955832.0,
        "Pretax Income": 8821477.0,
        "Other Income Expense": 906136.0,
        "Special Income Charges": NaN,
        "Other Special Charges": NaN,
        "Write Off": NaN,
        "Earnings From Equity Interest": 906136.0,
        "Gain On Sale Of Security": NaN,
        "Net Non Operating Interest Income Expense": -4379343.0,
        "Total Other Finance Cost": 4379343.0,
        "Interest Expense Non Operating": NaN,
        "Operating Income": 12294684.0,
        "Operating Expense": 30520396.0,
        "Other Operating Expenses": -158946.0,
        "Other Taxes": NaN,
        "Depreciation Amortization Depletion Income Statement": NaN,
        "Depreciation And Amortization In Income Statement": NaN,
        "Amortization": NaN,
        "Amortization Of Intangibles Income Statement": NaN,
        "Depreciation Income Statement": NaN,
        "Research And Development": 3590101.0,
        "Selling General And Administration": 27089241.0,
        "Selling And Marketing Expense": NaN,
        "General And Administrative Expense": NaN,
        "Other Gand A": NaN,
        "Insurance And Claims": NaN,
        "Salaries And Wages": NaN,
        "Gross Profit": 42815080.0,
        "Cost Of Revenue": 41223681.0,
        "Total Revenue": 84038761.0,
        "Operating Revenue": 84038761.0
    },
    "2024-06-30": {
        "Tax Effect Of Unusual Items": -2703113.0,
        "Tax Rate For Calcs": 0.35,
        "Normalized EBITDA": 15437044.0,
        "Total Unusual Items": -7723180.0,
        "Total Unusual Items Excluding Goodwill": -7723180.0,
        "Net Income From Continuing Operation Net Minority Interest": -1530680.0,
        "Reconciled Depreciation": 6610386.0,
        "Reconciled Cost Of Revenue": 73803759.0,
        "EBITDA": 7713864.0,
        "EBIT": 1103478.0,
        "Net Interest Income": -8158496.0,
        "Interest Expense": 7212148.0,
        "Normalized Income": 3489387.0,
        "Net Income From Continuing And Discontinued Operation": -1530680.0,
        "Total Expenses": 114122554.0,
        "Total Operating Income As Reported": 9483266.0,
        "Diluted Average Shares": NaN,
        "Basic Average Shares": NaN,
        "Diluted EPS": NaN,
        "Basic EPS": NaN,
        "Diluted NI Availto Com Stockholders": -1530680.0,
        "Net Income Common Stockholders": -1530680.0,
        "Net Income": -1530680.0,
        "Minority Interests": 550010.0,
        "Net Income Including Noncontrolling Interests": -2080690.0,
        "Net Income Continuous Operations": -2080690.0,
        "Tax Provision": -4027980.0,
        "Pretax Income": -6108670.0,
        "Other Income Expense": -8140775.0,
        "Special Income Charges": 399262.0,
        "Other Special Charges": -689002.0,
        "Write Off": 289740.0,
        "Earnings From Equity Interest": -417595.0,
        "Gain On Sale Of Security": -8122442.0,
        "Net Non Operating Interest Income Expense": -8158496.0,
        "Total Other Finance Cost": 946348.0,
        "Interest Expense Non Operating": 7212148.0,
        "Operating Income": 10190601.0,
        "Operating Expense": 36471998.0,
        "Other Operating Expenses": 1184481.0,
        "Other Taxes": 4572836.0,
        "Depreciation Amortization Depletion Income Statement": 2763589.0,
        "Depreciation And Amortization In Income Statement": 2763589.0,
        "Amortization": 1495755.0,
        "Amortization Of Intangibles Income Statement": 1495755.0,
        "Depreciation Income Statement": 1267834.0,
        "Research And Development": 5368622.0,
        "Selling General And Administration": 22582470.0,
        "Selling And Marketing Expense": 4055751.0,
        "General And Administrative Expense": 18526719.0,
        "Other Gand A": 7324338.0,
        "Insurance And Claims": 514675.0,
        "Salaries And Wages": 10687706.0,
        "Gross Profit": 46662599.0,
        "Cost Of Revenue": 77650556.0,
        "Total Revenue": 124313155.0,
        "Operating Revenue": 124313155.0
    },
    "2024-09-30": {
        "Tax Effect Of Unusual Items": -675000.0,
        "Tax Rate For Calcs": 0.1875,
        "Normalized EBITDA": 2300000.0,
        "Total Unusual Items": -3600000.0,
        "Total Unusual Items Excluding Goodwill": -3600000.0,
        "Net Income From Continuing Operation Net Minority Interest": -5500000.0,
        "Reconciled Depreciation": NaN,
        "Reconciled Cost Of Revenue": 55100000.0,
        "EBITDA": -1300000.0,
        "EBIT": -1300000.0,
        "Net Interest Income": -6200000.0,
        "Interest Expense": 5100000.0,
        "Normalized Income": -2575000.0,
        "Net Income From Continuing And Discontinued Operation": -5500000.0,
        "Total Expenses": 88600000.0,
        "Total Operating Income As Reported": 3400000.0,
        "Diluted Average Shares": 62900000.0,
        "Basic Average Shares": 62900000.0,
        "Diluted EPS": -0.08744,
        "Basic EPS": -0.08744,
        "Diluted NI Availto Com Stockholders": -5500000.0,
        "Net Income Common Stockholders": -5500000.0,
        "Net Income": -5500000.0,
        "Minority Interests": -200000.0,
        "Net Income Including Noncontrolling Interests": -5300000.0,
        "Net Income Continuous Operations": -5200000.0,
        "Tax Provision": -1200000.0,
        "Pretax Income": -6400000.0,
        "Other Income Expense": -4200000.0,
        "Special Income Charges": NaN,
        "Other Special Charges": NaN,
        "Write Off": NaN,
        "Earnings From Equity Interest": -600000.0,
        "Gain On Sale Of Security": -3600000.0,
        "Net Non Operating Interest Income Expense": -6200000.0,
        "Total Other Finance Cost": 1100000.0,
        "Interest Expense Non Operating": 5100000.0,
        "Operating Income": 4000000.0,
        "Operating Expense": 33500000.0,
        "Other Operating Expenses": 33500000.0,
        "Other Taxes": NaN,
        "Depreciation Amortization Depletion Income Statement": NaN,
        "Depreciation And Amortization In Income Statement": NaN,
        "Amortization": NaN,
        "Amortization Of Intangibles Income Statement": NaN,
        "Depreciation Income Statement": NaN,
        "Research And Development": NaN,
        "Selling General And Administration": NaN,
        "Selling And Marketing Expense": NaN,
        "General And Administrative Expense": NaN,
        "Other Gand A": NaN,
        "Insurance And Claims": NaN,
        "Salaries And Wages": NaN,
        "Gross Profit": 37500000.0,
        "Cost Of Revenue": 55100000.0,
        "Total Revenue": 92600000.0,
        "Operating Revenue": 92600000.0
    }
}