{
    "2023-03-31": {
        "Tax Effect Of Unusual Items": NaN,
        "Tax Rate For Calcs": NaN,
        "Normalized EBITDA": NaN,
        "Total Unusual Items": NaN,
        "Total Unusual Items Excluding Goodwill": NaN,
        "Net Income From Continuing Operation Net Minority Interest": NaN,
        "Reconciled Depreciation": NaN,
        "Reconciled Cost Of Revenue": NaN,
        "EBITDA": NaN,
        "EBIT": NaN,
        "Net Interest Income": NaN,
        "Interest Income": NaN,
        "Normalized Income": NaN,
        "Net Income From Continuing And Discontinued Operation": NaN,
        "Total Expenses": NaN,
        "Total Operating Income As Reported": NaN,
        "Diluted Average Shares": NaN,
        "Basic Average Shares": NaN,
        "Diluted EPS": NaN,
        "Basic EPS": NaN,
        "Diluted NI Availto Com Stockholders": NaN,
        "Net Income Common Stockholders": NaN,
        "Net Income": NaN,
        "Net Income Including Noncontrolling Interests": NaN,
        "Net Income Continuous Operations": NaN,
        "Tax Provision": NaN,
        "Pretax Income": NaN,
        "Other Income Expense": NaN,
        "Other Non Operating Income Expenses": NaN,
        "Special Income Charges": NaN,
        "Gain On Sale Of Business": NaN,
        "Restructuring And Mergern Acquisition": NaN,
        "Net Non Operating Interest Income Expense": NaN,
        "Total Other Finance Cost": -808000.0,
        "Interest Income Non Operating": NaN,
        "Operating Income": NaN,
        "Operating Expense": NaN,
        "Depreciation Amortization Depletion Income Statement": NaN,
        "Depreciation And Amortization In Income Statement": NaN,
        "Selling General And Administration": NaN,
        "Selling And Marketing Expense": NaN,
        "General And Administrative Expense": NaN,
        "Other Gand A": NaN,
        "Salaries And Wages": NaN,
        "Gross Profit": NaN,
        "Cost Of Revenue": NaN,
        "Total Revenue": NaN,
        "Operating Revenue": NaN
    },
    "2022-12-31": {
        "Tax Effect Of Unusual Items": 0.0,
        "Tax Rate For Calcs": 0.028369,
        "Normalized EBITDA": -18238000.0,
        "Total Unusual Items": NaN,
        "Total Unusual Items Excluding Goodwill": NaN,
        "Net Income From Continuing Operation Net Minority Interest": -24865000.0,
        "Reconciled Depreciation": 3550000.0,
        "Reconciled Cost Of Revenue": 47875000.0,
        "EBITDA": -18238000.0,
        "EBIT": -21788000.0,
        "Net Interest Income": 126000.0,
        "Interest Income": NaN,
        "Normalized Income": -24865000.0,
        "Net Income From Continuing And Discontinued Operation": -24865000.0,
        "Total Expenses": 105573000.0,
        "Total Operating Income As Reported": -25463000.0,
        "Diluted Average Shares": 149573335.0,
        "Basic Average Shares": 149573335.0,
        "Diluted EPS": -0.17,
        "Basic EPS": -0.17,
        "Diluted NI Availto Com Stockholders": -24865000.0,
        "Net Income Common Stockholders": -24865000.0,
        "Net Income": -24865000.0,
        "Net Income Including Noncontrolling Interests": -24865000.0,
        "Net Income Continuous Operations": -24865000.0,
        "Tax Provision": -726000.0,
        "Pretax Income": -25591000.0,
        "Other Income Expense": -4322000.0,
        "Other Non Operating Income Expenses": -254000.0,
        "Special Income Charges": NaN,
        "Gain On Sale Of Business": NaN,
        "Restructuring And Mergern Acquisition": NaN,
        "Net Non Operating Interest Income Expense": 126000.0,
        "Total Other Finance Cost": NaN,
        "Interest Income Non Operating": NaN,
        "Operating Income": -21395000.0,
        "Operating Expense": 57698000.0,
        "Depreciation Amortization Depletion Income Statement": NaN,
        "Depreciation And Amortization In Income Statement": NaN,
        "Selling General And Administration": 57698000.0,
        "Selling And Marketing Expense": 16815000.0,
        "General And Administrative Expense": 40883000.0,
        "Other Gand A": 40883000.0,
        "Salaries And Wages": NaN,
        "Gross Profit": 36303000.0,
        "Cost Of Revenue": 47875000.0,
        "Total Revenue": 84178000.0,
        "Operating Revenue": 84178000.0
    },
    "2022-09-30": {
        "Tax Effect Of Unusual Items": NaN,
        "Tax Rate For Calcs": NaN,
        "Normalized EBITDA": NaN,
        "Total Unusual Items": NaN,
        "Total Unusual Items Excluding Goodwill": NaN,
        "Net Income From Continuing Operation Net Minority Interest": NaN,
        "Reconciled Depreciation": NaN,
        "Reconciled Cost Of Revenue": NaN,
        "EBITDA": NaN,
        "EBIT": NaN,
        "Net Interest Income": NaN,
        "Interest Expense": 35000.0,
        "Interest Income": NaN,
        "Normalized Income": NaN,
        "Net Income From Continuing And Discontinued Operation": NaN,
        "Total Expenses": NaN,
        "Total Operating Income As Reported": NaN,
        "Diluted Average Shares": NaN,
        "Basic Average Shares": NaN,
        "Diluted EPS": NaN,
        "Basic EPS": NaN,
        "Diluted NI Availto Com Stockholders": NaN,
        "Net Income Common Stockholders": NaN,
        "Net Income": NaN,
        "Net Income Including Noncontrolling Interests": NaN,
        "Net Income Continuous Operations": NaN,
        "Tax Provision": NaN,
        "Pretax Income": NaN,
        "Other Income Expense": NaN,
        "Other Non Operating Income Expenses": NaN,
        "Special Income Charges": NaN,
        "Gain On Sale Of Business": 0.0,
        "Restructuring And Mergern Acquisition": NaN,
        "Net Non Operating Interest Income Expense": NaN,
        "Total Other Finance Cost": 35000.0,
        "Interest Expense Non Operating": 35000.0,
        "Interest Income Non Operating": NaN,
        "Operating Income": NaN,
        "Operating Expense": NaN,
        "Depreciation Amortization Depletion Income Statement": NaN,
        "Depreciation And Amortization In Income Statement": NaN,
        "Selling General And Administration": NaN,
        "Selling And Marketing Expense": NaN,
        "General And Administrative Expense": NaN,
        "Other Gand A": NaN,
        "Salaries And Wages": NaN,
        "Gross Profit": NaN,
        "Cost Of Revenue": NaN,
        "Total Revenue": NaN,
        "Operating Revenue": NaN
    },
    "2022-06-30": {
        "Tax Effect Of Unusual Items": 0.0,
        "Tax Rate For Calcs": 0.4,
        "Normalized EBITDA": -25370000.0,
        "Total Unusual Items": NaN,
        "Total Unusual Items Excluding Goodwill": NaN,
        "Net Income From Continuing Operation Net Minority Interest": -29368000.0,
        "Reconciled Depreciation": 3621000.0,
        "Reconciled Cost Of Revenue": 49983000.0,
        "EBITDA": -25370000.0,
        "EBIT": -28991000.0,
        "Net Interest Income": -35000.0,
        "Interest Expense": 35000.0,
        "Interest Income": NaN,
        "Normalized Income": -29368000.0,
        "Net Income From Continuing And Discontinued Operation": -29368000.0,
        "Total Expenses": 107503000.0,
        "Total Operating Income As Reported": -29329000.0,
        "Diluted Average Shares": 148646906.0,
        "Basic Average Shares": 148646906.0,
        "Diluted EPS": -0.2,
        "Basic EPS": -0.2,
        "Diluted NI Availto Com Stockholders": -29368000.0,
        "Net Income Common Stockholders": -29368000.0,
        "Net Income": -29368000.0,
        "Net Income Including Noncontrolling Interests": -29368000.0,
        "Net Income Continuous Operations": -29368000.0,
        "Tax Provision": 342000.0,
        "Pretax Income": -29026000.0,
        "Other Income Expense": 338000.0,
        "Other Non Operating Income Expenses": 338000.0,
        "Special Income Charges": NaN,
        "Write Off": NaN,
        "Restructuring And Mergern Acquisition": NaN,
        "Net Non Operating Interest Income Expense": -35000.0,
        "Total Other Finance Cost": NaN,
        "Interest Expense Non Operating": 35000.0,
        "Interest Income Non Operating": NaN,
        "Operating Income": -29329000.0,
        "Operating Expense": 57520000.0,
        "Depreciation Amortization Depletion Income Statement": NaN,
        "Depreciation And Amortization In Income Statement": NaN,
        "Selling General And Administration": 57520000.0,
        "Selling And Marketing Expense": 15813000.0,
        "General And Administrative Expense": 41707000.0,
        "Other Gand A": 41707000.0,
        "Salaries And Wages": NaN,
        "Gross Profit": 28191000.0,
        "Cost Of Revenue": 49983000.0,
        "Total Revenue": 78174000.0,
        "Operating Revenue": 78174000.0
    },
    "2022-03-31": {
        "Diluted EPS": -0.38,
        "Total Revenue": 208,
        "Gross Profit": 3,
        "Operating Income": -17,
        "EBIT": -13,
        "Net Income": -12
    },
    "2021-12-31": {
        "Diluted EPS": -0.15,
        "Total Revenue": 129,
        "Gross Profit": 16,
        "Operating Income": -2,
        "EBIT": 2,
        "Net Income": -4
    },
    "2021-09-30": {
        "Diluted EPS": -0.09,
        "Total Revenue": 192,
        "Gross Profit": 13,
        "Operating Income": -2,
        "EBIT": 1,
        "Net Income": -2
    },
    "2021-06-30": {
        "Diluted EPS": 0.16,
        "Total Revenue": 197,
        "Gross Profit": 26,
        "Operating Income": 8,
        "EBIT": 12,
        "Net Income": 4
    },
    "2021-03-31": {
        "Diluted EPS": -0.02,
        "Total Revenue": 165,
        "Gross Profit": 18,
        "Operating Income": 1,
        "EBIT": 5,
        "Net Income": -1
    },
    "2020-12-31": {
        "Diluted EPS": -0.06,
        "Total Revenue": 130,
        "Gross Profit": 14,
        "Operating Income": 0,
        "EBIT": 4,
        "Net Income": -2
    },
    "2020-09-30": {
        "Diluted EPS": 0.44,
        "Total Revenue": 281,
        "Gross Profit": 30,
        "Operating Income": 14,
        "EBIT": 18,
        "Net Income": 12
    },
    "2020-06-30": {
        "Diluted EPS": 0.05,
        "Total Revenue": 189,
        "Gross Profit": 21,
        "Operating Income": 3,
        "EBIT": 7,
        "Net Income": 1
    },
    "2020-03-31": {
        "Diluted EPS": -0.02,
        "Total Revenue": 255,
        "Gross Profit": 24,
        "Operating Income": 4,
        "EBIT": 8,
        "Net Income": -1
    },
    "2019-12-31": {
        "Diluted EPS": -0.02,
        "Total Revenue": 153,
        "Gross Profit": 21,
        "Operating Income": 1,
        "EBIT": 5,
        "Net Income": 0
    },
    "2019-09-30": {
        "Diluted EPS": 0.43,
        "Total Revenue": 344,
        "Gross Profit": 47,
        "Operating Income": 18,
        "EBIT": 22,
        "Net Income": 12
    },
    "2019-06-30": {
        "Diluted EPS": 0.55,
        "Total Revenue": 309,
        "Gross Profit": 42,
        "Operating Income": 21,
        "EBIT": 24,
        "Net Income": 15
    },
    "2019-03-31": {
        "Diluted EPS": -0.03,
        "Total Revenue": 212,
        "Gross Profit": 26,
        "Operating Income": 3,
        "EBIT": 6,
        "Net Income": -1
    },
    "2018-12-31": {
        "Diluted EPS": -0.05,
        "Total Revenue": 155,
        "Gross Profit": 19,
        "Operating Income": 2,
        "EBIT": 5,
        "Net Income": -1
    },
    "2018-09-30": {
        "Diluted EPS": 0.63,
        "Total Revenue": 332,
        "Gross Profit": 43,
        "Operating Income": 20,
        "EBIT": 24,
        "Net Income": 15
    },
    "2018-06-30": {
        "Diluted EPS": 0.77,
        "Total Revenue": 314,
        "Gross Profit": 37,
        "Operating Income": 16,
        "EBIT": 20,
        "Net Income": 22
    },
    "2018-03-31": {
        "Diluted EPS": 0.04,
        "Total Revenue": 217,
        "Gross Profit": 22,
        "Operating Income": 3,
        "EBIT": 6,
        "Net Income": 1
    },
    "2017-12-31": {
        "Diluted EPS": -0.36,
        "Total Revenue": 163,
        "Gross Profit": 21,
        "Operating Income": -5,
        "EBIT": -2,
        "Net Income": -9
    },
    "2017-09-30": {
        "Diluted EPS": 0.41,
        "Total Revenue": 313,
        "Gross Profit": 40,
        "Operating Income": 25,
        "EBIT": 28,
        "Net Income": 7
    },
    "2017-06-30": {
        "Diluted EPS": 0.68,
        "Total Revenue": 333,
        "Gross Profit": 45,
        "Operating Income": 29,
        "EBIT": 32,
        "Net Income": 19
    },
    "2017-03-31": {
        "Diluted EPS": 0.07,
        "Total Revenue": 209,
        "Gross Profit": 25,
        "Operating Income": 5,
        "EBIT": 9,
        "Net Income": 2
    },
    "2016-12-31": {
        "Diluted EPS": -0.42,
        "Total Revenue": 137,
        "Gross Profit": 18,
        "Operating Income": 0,
        "EBIT": 4,
        "Net Income": -9
    },
    "2016-09-30": {
        "Diluted EPS": 0.46,
        "Total Revenue": 286,
        "Gross Profit": 39,
        "Operating Income": 17,
        "EBIT": 21,
        "Net Income": 10
    },
    "2016-06-30": {
        "Diluted EPS": -0.18,
        "Total Revenue": 323,
        "Gross Profit": 47,
        "Operating Income": 1,
        "EBIT": 5,
        "Net Income": -4
    },
    "2016-03-31": {
        "Diluted EPS": 0.02,
        "Total Revenue": 191,
        "Gross Profit": 25,
        "Operating Income": 6,
        "EBIT": 10,
        "Net Income": 0
    },
    "2015-12-31": {
        "Diluted EPS": -0.16,
        "Total Revenue": 131,
        "Gross Profit": 19,
        "Operating Income": 2,
        "EBIT": 6,
        "Net Income": -3
    },
    "2015-09-30": {
        "Diluted EPS": 0.74,
        "Total Revenue": 308,
        "Gross Profit": 41,
        "Operating Income": 23,
        "EBIT": 27,
        "Net Income": 15
    },
    "2015-06-30": {
        "Diluted EPS": 0.42,
        "Total Revenue": 263,
        "Gross Profit": 37,
        "Operating Income": 19,
        "EBIT": 23,
        "Net Income": 10
    },
    "2015-03-31": {
        "Diluted EPS": -0.54,
        "Total Revenue": 183,
        "Gross Profit": 23,
        "Operating Income": -11,
        "EBIT": -7,
        "Net Income": -12
    },
    "2014-12-31": {
        "Diluted EPS": 0.0,
        "Total Revenue": -582,
        "Gross Profit": -582,
        "Operating Income": -582,
        "EBIT": 8,
        "Net Income": NaN
    },
    "2014-09-30": {
        "Diluted EPS": -0.9,
        "Total Revenue": 274,
        "Gross Profit": 29,
        "Operating Income": 270,
        "EBIT": 274,
        "Net Income": -3
    },
    "2014-06-30": {
        "Diluted EPS": -0.37,
        "Total Revenue": 240,
        "Gross Profit": 34,
        "Operating Income": -5,
        "EBIT": -1,
        "Net Income": -8
    },
    "2014-03-31": {
        "Diluted EPS": 0.35,
        "Total Revenue": 196,
        "Gross Profit": 26,
        "Operating Income": 12,
        "EBIT": 18,
        "Net Income": 8
    },
    "2013-12-31": {
        "Diluted EPS": 0.0,
        "Total Revenue": 146,
        "Gross Profit": 20,
        "Operating Income": 6,
        "EBIT": 6,
        "Net Income": 4
    },
    "2013-09-30": {
        "Diluted EPS": 0.0,
        "Total Revenue": NaN,
        "Gross Profit": NaN,
        "Operating Income": NaN,
        "EBIT": NaN,
        "Net Income": NaN
    },
    "2023-06-30": {
        "Tax Effect Of Unusual Items": NaN,
        "Tax Rate For Calcs": NaN,
        "Normalized EBITDA": NaN,
        "Total Unusual Items": NaN,
        "Total Unusual Items Excluding Goodwill": NaN,
        "Net Income From Continuing Operation Net Minority Interest": NaN,
        "Reconciled Depreciation": NaN,
        "Reconciled Cost Of Revenue": NaN,
        "EBITDA": NaN,
        "EBIT": NaN,
        "Net Interest Income": NaN,
        "Interest Income": NaN,
        "Normalized Income": NaN,
        "Net Income From Continuing And Discontinued Operation": NaN,
        "Total Expenses": NaN,
        "Total Operating Income As Reported": NaN,
        "Diluted Average Shares": NaN,
        "Basic Average Shares": NaN,
        "Diluted EPS": NaN,
        "Basic EPS": NaN,
        "Diluted NI Availto Com Stockholders": NaN,
        "Net Income Common Stockholders": NaN,
        "Net Income": NaN,
        "Net Income Including Noncontrolling Interests": NaN,
        "Net Income Continuous Operations": NaN,
        "Tax Provision": NaN,
        "Pretax Income": NaN,
        "Other Income Expense": NaN,
        "Other Non Operating Income Expenses": NaN,
        "Special Income Charges": NaN,
        "Gain On Sale Of Business": 0.0,
        "Restructuring And Mergern Acquisition": NaN,
        "Net Non Operating Interest Income Expense": NaN,
        "Total Other Finance Cost": -1034000.0,
        "Interest Income Non Operating": NaN,
        "Operating Income": NaN,
        "Operating Expense": NaN,
        "Depreciation Amortization Depletion Income Statement": 5000000.0,
        "Depreciation And Amortization In Income Statement": 5000000.0,
        "Selling General And Administration": NaN,
        "Selling And Marketing Expense": NaN,
        "General And Administrative Expense": NaN,
        "Other Gand A": NaN,
        "Salaries And Wages": 5300000.0,
        "Gross Profit": NaN,
        "Cost Of Revenue": NaN,
        "Total Revenue": NaN,
        "Operating Revenue": NaN
    },
    "2023-09-30": {
        "Tax Effect Of Unusual Items": -751800.0,
        "Tax Rate For Calcs": 0.21,
        "Normalized EBITDA": -20139000.0,
        "Total Unusual Items": -3580000.0,
        "Total Unusual Items Excluding Goodwill": -3580000.0,
        "Net Income From Continuing Operation Net Minority Interest": -31575000.0,
        "Reconciled Depreciation": 5109000.0,
        "Reconciled Cost Of Revenue": 32351000.0,
        "EBITDA": -23719000.0,
        "EBIT": -28828000.0,
        "Net Interest Income": 1120000.0,
        "Interest Income": 1120000.0,
        "Normalized Income": -28746800.0,
        "Net Income From Continuing And Discontinued Operation": -31575000.0,
        "Total Expenses": 86072000.0,
        "Total Operating Income As Reported": -30062000.0,
        "Diluted Average Shares": 7605191.0,
        "Basic Average Shares": 7605191.0,
        "Diluted EPS": -4.15,
        "Basic EPS": -4.15,
        "Diluted NI Availto Com Stockholders": -31575000.0,
        "Net Income Common Stockholders": -31575000.0,
        "Net Income": -31575000.0,
        "Net Income Including Noncontrolling Interests": -31575000.0,
        "Net Income Continuous Operations": -31575000.0,
        "Tax Provision": 134000.0,
        "Pretax Income": -31441000.0,
        "Other Income Expense": -3733000.0,
        "Other Non Operating Income Expenses": -153000.0,
        "Special Income Charges": -3580000.0,
        "Gain On Sale Of Business": -2346000.0,
        "Restructuring And Mergern Acquisition": 1234000.0,
        "Net Non Operating Interest Income Expense": 1120000.0,
        "Total Other Finance Cost": -1120000.0,
        "Interest Income Non Operating": 1120000.0,
        "Operating Income": -28828000.0,
        "Operating Expense": 53721000.0,
        "Depreciation Amortization Depletion Income Statement": NaN,
        "Depreciation And Amortization In Income Statement": NaN,
        "Selling General And Administration": 53721000.0,
        "Selling And Marketing Expense": 10176000.0,
        "General And Administrative Expense": 43545000.0,
        "Other Gand A": 43545000.0,
        "Salaries And Wages": NaN,
        "Gross Profit": 24893000.0,
        "Cost Of Revenue": 32351000.0,
        "Total Revenue": 57244000.0,
        "Operating Revenue": 57244000.0
    },
    "2023-12-31": {
        "Tax Effect Of Unusual Items": -151164.237157,
        "Tax Rate For Calcs": 0.005204,
        "Normalized EBITDA": 5910000.0,
        "Total Unusual Items": -29050000.0,
        "Total Unusual Items Excluding Goodwill": -29050000.0,
        "Net Income From Continuing Operation Net Minority Interest": -56779000.0,
        "Reconciled Depreciation": 5863000.0,
        "Reconciled Cost Of Revenue": 44615000.0,
        "EBITDA": -23140000.0,
        "EBIT": -29003000.0,
        "Net Interest Income": 1115000.0,
        "Interest Income": 1115000.0,
        "Normalized Income": -27880164.237157,
        "Net Income From Continuing And Discontinued Operation": -56779000.0,
        "Total Expenses": 100993000.0,
        "Total Operating Income As Reported": -57638000.0,
        "Diluted Average Shares": 7683725.0,
        "Basic Average Shares": 7683725.0,
        "Diluted EPS": -7.4,
        "Basic EPS": -7.4,
        "Diluted NI Availto Com Stockholders": -56779000.0,
        "Net Income Common Stockholders": -56779000.0,
        "Net Income": -56779000.0,
        "Net Income Including Noncontrolling Interests": -56779000.0,
        "Net Income Continuous Operations": -56779000.0,
        "Tax Provision": -297000.0,
        "Pretax Income": -57076000.0,
        "Other Income Expense": -29188000.0,
        "Other Non Operating Income Expenses": -138000.0,
        "Special Income Charges": -29050000.0,
        "Gain On Sale Of Business": -415000.0,
        "Restructuring And Mergern Acquisition": 1243000.0,
        "Net Non Operating Interest Income Expense": 1115000.0,
        "Total Other Finance Cost": NaN,
        "Interest Income Non Operating": 1115000.0,
        "Operating Income": -29003000.0,
        "Operating Expense": 56378000.0,
        "Depreciation Amortization Depletion Income Statement": NaN,
        "Depreciation And Amortization In Income Statement": NaN,
        "Selling General And Administration": 56378000.0,
        "Selling And Marketing Expense": 14850000.0,
        "General And Administrative Expense": 41528000.0,
        "Other Gand A": 41528000.0,
        "Salaries And Wages": NaN,
        "Gross Profit": 27375000.0,
        "Cost Of Revenue": 44615000.0,
        "Total Revenue": 71990000.0,
        "Operating Revenue": 71990000.0
    },
    "2024-03-31": {
        "Tax Effect Of Unusual Items": -168000.0,
        "Tax Rate For Calcs": 0.21,
        "Normalized EBITDA": -23364000.0,
        "Total Unusual Items": -800000.0,
        "Total Unusual Items Excluding Goodwill": -800000.0,
        "Net Income From Continuing Operation Net Minority Interest": -27331000.0,
        "Reconciled Depreciation": 4846000.0,
        "Reconciled Cost Of Revenue": 20871000.0,
        "EBITDA": -24164000.0,
        "EBIT": -29010000.0,
        "Net Interest Income": 1020000.0,
        "Interest Income": 1020000.0,
        "Normalized Income": -26699000.0,
        "Net Income From Continuing And Discontinued Operation": -27331000.0,
        "Total Expenses": 68337000.0,
        "Total Operating Income As Reported": -29810000.0,
        "Diluted Average Shares": 7769027.0,
        "Basic Average Shares": 7769027.0,
        "Diluted EPS": -3.6,
        "Basic EPS": -3.6,
        "Diluted NI Availto Com Stockholders": -27331000.0,
        "Net Income Common Stockholders": -27331000.0,
        "Net Income": -27331000.0,
        "Net Income Including Noncontrolling Interests": -27331000.0,
        "Net Income Continuous Operations": -27331000.0,
        "Tax Provision": 239000.0,
        "Pretax Income": -27092000.0,
        "Other Income Expense": 898000.0,
        "Other Non Operating Income Expenses": 1698000.0,
        "Special Income Charges": -800000.0,
        "Gain On Sale Of Business": NaN,
        "Restructuring And Mergern Acquisition": 800000.0,
        "Net Non Operating Interest Income Expense": 1020000.0,
        "Total Other Finance Cost": NaN,
        "Interest Income Non Operating": 1020000.0,
        "Operating Income": -29010000.0,
        "Operating Expense": 47466000.0,
        "Depreciation Amortization Depletion Income Statement": NaN,
        "Depreciation And Amortization In Income Statement": NaN,
        "Selling General And Administration": 47466000.0,
        "Selling And Marketing Expense": 7760000.0,
        "General And Administrative Expense": 39706000.0,
        "Other Gand A": 39706000.0,
        "Salaries And Wages": NaN,
        "Gross Profit": 18456000.0,
        "Cost Of Revenue": 20871000.0,
        "Total Revenue": 39327000.0,
        "Operating Revenue": 39327000.0
    },
    "2024-06-30": {
        "Tax Effect Of Unusual Items": -241080.0,
        "Tax Rate For Calcs": 0.21,
        "Normalized EBITDA": -15600000.0,
        "Total Unusual Items": -1148000.0,
        "Total Unusual Items Excluding Goodwill": -1148000.0,
        "Net Income From Continuing Operation Net Minority Interest": -19133000.0,
        "Reconciled Depreciation": 2488000.0,
        "Reconciled Cost Of Revenue": 25527000.0,
        "EBITDA": -16748000.0,
        "EBIT": -19236000.0,
        "Net Interest Income": 1228000.0,
        "Interest Income": 1228000.0,
        "Normalized Income": -18226080.0,
        "Net Income From Continuing And Discontinued Operation": -19133000.0,
        "Total Expenses": 70818000.0,
        "Total Operating Income As Reported": -20190000.0,
        "Diluted Average Shares": 7824200.0,
        "Basic Average Shares": 7824200.0,
        "Diluted EPS": -2.4,
        "Basic EPS": -2.4,
        "Diluted NI Availto Com Stockholders": -19133000.0,
        "Net Income Common Stockholders": -19133000.0,
        "Net Income": -19133000.0,
        "Net Income Including Noncontrolling Interests": -19133000.0,
        "Net Income Continuous Operations": -19133000.0,
        "Tax Provision": 552000.0,
        "Pretax Income": -18581000.0,
        "Other Income Expense": -573000.0,
        "Other Non Operating Income Expenses": 575000.0,
        "Special Income Charges": -1148000.0,
        "Gain On Sale Of Business": -194000.0,
        "Restructuring And Mergern Acquisition": 954000.0,
        "Net Non Operating Interest Income Expense": 1228000.0,
        "Total Other Finance Cost": NaN,
        "Interest Income Non Operating": 1228000.0,
        "Operating Income": -19236000.0,
        "Operating Expense": 45291000.0,
        "Depreciation Amortization Depletion Income Statement": NaN,
        "Depreciation And Amortization In Income Statement": NaN,
        "Selling General And Administration": 45291000.0,
        "Selling And Marketing Expense": 11739000.0,
        "General And Administrative Expense": 33552000.0,
        "Other Gand A": 33552000.0,
        "Salaries And Wages": NaN,
        "Gross Profit": 26055000.0,
        "Cost Of Revenue": 25527000.0,
        "Total Revenue": 51582000.0,
        "Operating Revenue": 51582000.0
    },
    "2024-09-30": {
        "Tax Effect Of Unusual Items": -56910.0,
        "Tax Rate For Calcs": 0.21,
        "Normalized EBITDA": -18584000.0,
        "Total Unusual Items": -271000.0,
        "Total Unusual Items Excluding Goodwill": -271000.0,
        "Net Income From Continuing Operation Net Minority Interest": -21177000.0,
        "Reconciled Depreciation": 2892000.0,
        "Reconciled Cost Of Revenue": 23921000.0,
        "EBITDA": -18855000.0,
        "EBIT": -21747000.0,
        "Net Interest Income": 744000.0,
        "Interest Income": 744000.0,
        "Normalized Income": -20962910.0,
        "Net Income From Continuing And Discontinued Operation": -21177000.0,
        "Total Expenses": 64743000.0,
        "Total Operating Income As Reported": -21782000.0,
        "Diluted Average Shares": 7900246.0,
        "Basic Average Shares": 7900246.0,
        "Diluted EPS": -2.68,
        "Basic EPS": -2.68,
        "Diluted NI Availto Com Stockholders": -21177000.0,
        "Net Income Common Stockholders": -21177000.0,
        "Net Income": -21177000.0,
        "Net Income Including Noncontrolling Interests": -21177000.0,
        "Net Income Continuous Operations": -21177000.0,
        "Tax Provision": 86000.0,
        "Pretax Income": -21091000.0,
        "Other Income Expense": -88000.0,
        "Other Non Operating Income Expenses": 183000.0,
        "Special Income Charges": -271000.0,
        "Gain On Sale Of Business": -236000.0,
        "Restructuring And Mergern Acquisition": 35000.0,
        "Net Non Operating Interest Income Expense": 744000.0,
        "Total Other Finance Cost": NaN,
        "Interest Income Non Operating": 744000.0,
        "Operating Income": -21747000.0,
        "Operating Expense": 40822000.0,
        "Depreciation Amortization Depletion Income Statement": NaN,
        "Depreciation And Amortization In Income Statement": NaN,
        "Selling General And Administration": 40822000.0,
        "Selling And Marketing Expense": 9855000.0,
        "General And Administrative Expense": 30967000.0,
        "Other Gand A": 30967000.0,
        "Salaries And Wages": NaN,
        "Gross Profit": 19075000.0,
        "Cost Of Revenue": 23921000.0,
        "Total Revenue": 42996000.0,
        "Operating Revenue": 42996000.0
    }
}