{
    "2023-03-31": {
        "Tax Effect Of Unusual Items": NaN,
        "Tax Rate For Calcs": NaN,
        "Normalized EBITDA": NaN,
        "Total Unusual Items": NaN,
        "Total Unusual Items Excluding Goodwill": NaN,
        "Net Income From Continuing Operation Net Minority Interest": NaN,
        "Reconciled Depreciation": NaN,
        "Reconciled Cost Of Revenue": NaN,
        "EBITDA": NaN,
        "EBIT": NaN,
        "Net Interest Income": NaN,
        "Interest Expense": NaN,
        "Interest Income": 266000.0,
        "Normalized Income": NaN,
        "Net Income From Continuing And Discontinued Operation": NaN,
        "Total Expenses": NaN,
        "Total Operating Income As Reported": NaN,
        "Diluted Average Shares": 232541000.0,
        "Basic Average Shares": 232541000.0,
        "Diluted EPS": -0.02,
        "Basic EPS": -0.02,
        "Diluted NI Availto Com Stockholders": NaN,
        "Net Income Common Stockholders": NaN,
        "Net Income": NaN,
        "Net Income Including Noncontrolling Interests": NaN,
        "Net Income Continuous Operations": NaN,
        "Tax Provision": NaN,
        "Pretax Income": NaN,
        "Other Income Expense": NaN,
        "Other Non Operating Income Expenses": 2695000.0,
        "Special Income Charges": NaN,
        "Gain On Sale Of Ppe": NaN,
        "Other Special Charges": -12835000.0,
        "Impairment Of Capital Assets": NaN,
        "Gain On Sale Of Security": NaN,
        "Net Non Operating Interest Income Expense": NaN,
        "Total Other Finance Cost": NaN,
        "Interest Expense Non Operating": NaN,
        "Interest Income Non Operating": 266000.0,
        "Operating Income": NaN,
        "Operating Expense": NaN,
        "Other Operating Expenses": NaN,
        "Other Taxes": NaN,
        "Selling General And Administration": NaN,
        "Selling And Marketing Expense": NaN,
        "General And Administrative Expense": NaN,
        "Other Gand A": NaN,
        "Insurance And Claims": NaN,
        "Salaries And Wages": NaN,
        "Gross Profit": NaN,
        "Cost Of Revenue": NaN,
        "Total Revenue": NaN,
        "Operating Revenue": NaN
    },
    "2022-12-31": {
        "Tax Effect Of Unusual Items": NaN,
        "Tax Rate For Calcs": NaN,
        "Normalized EBITDA": NaN,
        "Total Unusual Items": NaN,
        "Total Unusual Items Excluding Goodwill": NaN,
        "Net Income From Continuing Operation Net Minority Interest": NaN,
        "Reconciled Depreciation": NaN,
        "Reconciled Cost Of Revenue": NaN,
        "EBITDA": NaN,
        "EBIT": NaN,
        "Net Interest Income": NaN,
        "Interest Expense": NaN,
        "Interest Income": NaN,
        "Normalized Income": NaN,
        "Net Income From Continuing And Discontinued Operation": NaN,
        "Total Expenses": NaN,
        "Total Operating Income As Reported": NaN,
        "Diluted Average Shares": NaN,
        "Basic Average Shares": NaN,
        "Diluted EPS": NaN,
        "Basic EPS": NaN,
        "Diluted NI Availto Com Stockholders": NaN,
        "Net Income Common Stockholders": NaN,
        "Net Income": NaN,
        "Net Income Including Noncontrolling Interests": NaN,
        "Net Income Continuous Operations": NaN,
        "Tax Provision": NaN,
        "Pretax Income": NaN,
        "Other Income Expense": NaN,
        "Other Non Operating Income Expenses": NaN,
        "Special Income Charges": NaN,
        "Gain On Sale Of Ppe": NaN,
        "Other Special Charges": NaN,
        "Impairment Of Capital Assets": -8903000.0,
        "Gain On Sale Of Security": NaN,
        "Net Non Operating Interest Income Expense": NaN,
        "Total Other Finance Cost": NaN,
        "Interest Expense Non Operating": NaN,
        "Interest Income Non Operating": NaN,
        "Operating Income": NaN,
        "Operating Expense": NaN,
        "Other Operating Expenses": NaN,
        "Other Taxes": NaN,
        "Selling General And Administration": NaN,
        "Selling And Marketing Expense": NaN,
        "General And Administrative Expense": NaN,
        "Other Gand A": NaN,
        "Insurance And Claims": NaN,
        "Salaries And Wages": NaN,
        "Gross Profit": NaN,
        "Cost Of Revenue": NaN,
        "Total Revenue": NaN,
        "Operating Revenue": NaN
    },
    "2022-09-30": {
        "Tax Effect Of Unusual Items": NaN,
        "Tax Rate For Calcs": NaN,
        "Normalized EBITDA": NaN,
        "Total Unusual Items": NaN,
        "Total Unusual Items Excluding Goodwill": NaN,
        "Net Income From Continuing Operation Net Minority Interest": NaN,
        "Reconciled Depreciation": NaN,
        "Reconciled Cost Of Revenue": NaN,
        "EBITDA": NaN,
        "EBIT": NaN,
        "Net Interest Income": NaN,
        "Interest Expense": NaN,
        "Interest Income": NaN,
        "Normalized Income": NaN,
        "Net Income From Continuing And Discontinued Operation": NaN,
        "Total Expenses": NaN,
        "Total Operating Income As Reported": NaN,
        "Diluted Average Shares": NaN,
        "Basic Average Shares": NaN,
        "Diluted EPS": NaN,
        "Basic EPS": NaN,
        "Diluted NI Availto Com Stockholders": NaN,
        "Net Income Common Stockholders": NaN,
        "Net Income": NaN,
        "Net Income Including Noncontrolling Interests": NaN,
        "Net Income Continuous Operations": NaN,
        "Tax Provision": NaN,
        "Pretax Income": NaN,
        "Other Income Expense": NaN,
        "Other Non Operating Income Expenses": NaN,
        "Special Income Charges": NaN,
        "Gain On Sale Of Ppe": NaN,
        "Other Special Charges": NaN,
        "Impairment Of Capital Assets": 84116000.0,
        "Gain On Sale Of Security": NaN,
        "Net Non Operating Interest Income Expense": NaN,
        "Total Other Finance Cost": NaN,
        "Interest Expense Non Operating": NaN,
        "Interest Income Non Operating": NaN,
        "Operating Income": NaN,
        "Operating Expense": NaN,
        "Other Operating Expenses": NaN,
        "Selling General And Administration": NaN,
        "Selling And Marketing Expense": NaN,
        "General And Administrative Expense": NaN,
        "Other Gand A": NaN,
        "Insurance And Claims": NaN,
        "Salaries And Wages": NaN,
        "Gross Profit": NaN,
        "Cost Of Revenue": NaN,
        "Total Revenue": NaN,
        "Operating Revenue": NaN
    },
    "2022-06-30": {
        "Tax Effect Of Unusual Items": -19287.966558,
        "Tax Rate For Calcs": 0.119801,
        "Normalized EBITDA": -138670000.0,
        "Total Unusual Items": -161000.0,
        "Total Unusual Items Excluding Goodwill": -161000.0,
        "Net Income From Continuing Operation Net Minority Interest": -141918000.0,
        "Reconciled Depreciation": 17857000.0,
        "Reconciled Cost Of Revenue": 42202000.0,
        "EBITDA": -138831000.0,
        "EBIT": -156688000.0,
        "Net Interest Income": -4739000.0,
        "Interest Expense": 4546000.0,
        "Normalized Income": -141776287.966558,
        "Net Income From Continuing And Discontinued Operation": -141918000.0,
        "Total Expenses": 120269000.0,
        "Total Operating Income As Reported": -173091000.0,
        "Diluted Average Shares": 203503000.0,
        "Basic Average Shares": 203503000.0,
        "Diluted EPS": -0.7,
        "Basic EPS": -0.7,
        "Diluted NI Availto Com Stockholders": -141918000.0,
        "Net Income Common Stockholders": -141918000.0,
        "Net Income": -141918000.0,
        "Net Income Including Noncontrolling Interests": -141918000.0,
        "Net Income Continuous Operations": -141918000.0,
        "Tax Provision": -19316000.0,
        "Pretax Income": -161234000.0,
        "Other Income Expense": -161000.0,
        "Special Income Charges": -18848000.0,
        "Gain On Sale Of Ppe": -948000.0,
        "Other Special Charges": NaN,
        "Impairment Of Capital Assets": 17900000.0,
        "Gain On Sale Of Security": 18687000.0,
        "Net Non Operating Interest Income Expense": -4739000.0,
        "Total Other Finance Cost": 193000.0,
        "Interest Expense Non Operating": 4546000.0,
        "Operating Income": -156334000.0,
        "Operating Expense": 78067000.0,
        "Other Operating Expenses": 72566000.0,
        "Selling General And Administration": 5501000.0,
        "Selling And Marketing Expense": 69000.0,
        "General And Administrative Expense": 5432000.0,
        "Other Gand A": 3038000.0,
        "Insurance And Claims": 2394000.0,
        "Salaries And Wages": 9891000.0,
        "Gross Profit": -78267000.0,
        "Cost Of Revenue": 42202000.0,
        "Total Revenue": -36065000.0,
        "Operating Revenue": -36065000.0
    },
    "2022-03-31": {
        "Diluted EPS": 0.02,
        "Total Revenue": 40,
        "Gross Profit": 17,
        "Operating Income": 7,
        "EBIT": 20,
        "Net Income": 5
    },
    "2021-12-31": {
        "Diluted EPS": 0.08,
        "Total Revenue": 60,
        "Gross Profit": 39,
        "Operating Income": 15,
        "EBIT": 25,
        "Net Income": 10
    },
    "2021-09-30": {
        "Diluted EPS": 0.13,
        "Total Revenue": 45,
        "Gross Profit": 29,
        "Operating Income": 34,
        "EBIT": 40,
        "Net Income": 24
    },
    "2021-06-30": {
        "Diluted EPS": -0.02,
        "Total Revenue": 37,
        "Gross Profit": 23,
        "Operating Income": -2,
        "EBIT": 3,
        "Net Income": -4
    },
    "2021-03-31": {
        "Diluted EPS": -0.06,
        "Total Revenue": 28,
        "Gross Profit": 19,
        "Operating Income": 17,
        "EBIT": 20,
        "Net Income": -8
    },
    "2020-12-31": {
        "Diluted EPS": -0.06,
        "Total Revenue": 11,
        "Gross Profit": 3,
        "Operating Income": -1,
        "EBIT": 2,
        "Net Income": -5
    },
    "2020-09-30": {
        "Diluted EPS": -0.06,
        "Total Revenue": 7,
        "Gross Profit": -1,
        "Operating Income": -3,
        "EBIT": 0,
        "Net Income": -5
    },
    "2020-06-30": {
        "Diluted EPS": -0.04,
        "Total Revenue": 7,
        "Gross Profit": 0,
        "Operating Income": -1,
        "EBIT": 1,
        "Net Income": -4
    },
    "2020-03-31": {
        "Diluted EPS": -0.03,
        "Total Revenue": 9,
        "Gross Profit": 1,
        "Operating Income": -2,
        "EBIT": 1,
        "Net Income": -2
    },
    "2019-12-31": {
        "Diluted EPS": 0.02,
        "Total Revenue": 11,
        "Gross Profit": 3,
        "Operating Income": 0,
        "EBIT": 3,
        "Net Income": 1
    },
    "2019-09-30": {
        "Diluted EPS": 0.05,
        "Total Revenue": 10,
        "Gross Profit": 4,
        "Operating Income": 2,
        "EBIT": 4,
        "Net Income": 4
    },
    "2019-06-30": {
        "Diluted EPS": -0.01,
        "Total Revenue": 9,
        "Gross Profit": 4,
        "Operating Income": 1,
        "EBIT": 2,
        "Net Income": -1
    },
    "2019-03-31": {
        "Diluted EPS": -0.02,
        "Total Revenue": 4,
        "Gross Profit": 0,
        "Operating Income": -2,
        "EBIT": 0,
        "Net Income": -1
    },
    "2018-12-31": {
        "Diluted EPS": 0.0,
        "Total Revenue": NaN,
        "Gross Profit": NaN,
        "Operating Income": NaN,
        "EBIT": NaN,
        "Net Income": NaN
    },
    "2023-06-30": {
        "Tax Effect Of Unusual Items": -32831.951713,
        "Tax Rate For Calcs": 0.003591,
        "Normalized EBITDA": 4517000.0,
        "Total Unusual Items": -9143000.0,
        "Total Unusual Items Excluding Goodwill": -9143000.0,
        "Net Income From Continuing Operation Net Minority Interest": -26083000.0,
        "Reconciled Depreciation": 20528000.0,
        "Reconciled Cost Of Revenue": 41519000.0,
        "EBITDA": -4626000.0,
        "EBIT": -25154000.0,
        "Net Interest Income": -1146000.0,
        "Interest Expense": 1023000.0,
        "Interest Income": 177000.0,
        "Normalized Income": -16972831.951713,
        "Net Income From Continuing And Discontinued Operation": -26083000.0,
        "Total Expenses": 51367000.0,
        "Total Operating Income As Reported": -25170000.0,
        "Diluted Average Shares": 246129000.0,
        "Basic Average Shares": 246129000.0,
        "Diluted EPS": -0.11,
        "Basic EPS": -0.11,
        "Diluted NI Availto Com Stockholders": -26083000.0,
        "Net Income Common Stockholders": -26083000.0,
        "Net Income": -26083000.0,
        "Net Income Including Noncontrolling Interests": -26083000.0,
        "Net Income Continuous Operations": -26083000.0,
        "Tax Provision": -94000.0,
        "Pretax Income": -26177000.0,
        "Other Income Expense": -9143000.0,
        "Other Non Operating Income Expenses": NaN,
        "Special Income Charges": -9975000.0,
        "Gain On Sale Of Ppe": 7000.0,
        "Other Special Charges": NaN,
        "Impairment Of Capital Assets": 9982000.0,
        "Gain On Sale Of Security": 832000.0,
        "Net Non Operating Interest Income Expense": -1146000.0,
        "Total Other Finance Cost": 300000.0,
        "Interest Expense Non Operating": 1023000.0,
        "Interest Income Non Operating": 177000.0,
        "Operating Income": -15888000.0,
        "Operating Expense": 9848000.0,
        "Other Operating Expenses": 693000.0,
        "Other Taxes": 0.0,
        "Selling General And Administration": 9155000.0,
        "Selling And Marketing Expense": 206000.0,
        "General And Administrative Expense": 8949000.0,
        "Other Gand A": 1971000.0,
        "Insurance And Claims": 1938000.0,
        "Salaries And Wages": 5040000.0,
        "Gross Profit": -6040000.0,
        "Cost Of Revenue": 41519000.0,
        "Total Revenue": 35479000.0,
        "Operating Revenue": 35479000.0
    },
    "2023-09-30": {
        "Tax Effect Of Unusual Items": 733200.0,
        "Tax Rate For Calcs": 0.4,
        "Normalized EBITDA": 2447000.0,
        "Total Unusual Items": 1833000.0,
        "Total Unusual Items Excluding Goodwill": 1833000.0,
        "Net Income From Continuing Operation Net Minority Interest": -18703000.0,
        "Reconciled Depreciation": 21767000.0,
        "Reconciled Cost Of Revenue": 43462000.0,
        "EBITDA": 4280000.0,
        "EBIT": -17487000.0,
        "Net Interest Income": -1714000.0,
        "Interest Expense": 815000.0,
        "Interest Income": NaN,
        "Normalized Income": -19802800.0,
        "Net Income From Continuing And Discontinued Operation": -18703000.0,
        "Total Expenses": 53017000.0,
        "Total Operating Income As Reported": -18638000.0,
        "Diluted Average Shares": 273907000.0,
        "Basic Average Shares": 273907000.0,
        "Diluted EPS": -0.07,
        "Basic EPS": -0.07,
        "Diluted NI Availto Com Stockholders": -18703000.0,
        "Net Income Common Stockholders": -18703000.0,
        "Net Income": -18703000.0,
        "Net Income Including Noncontrolling Interests": -18703000.0,
        "Net Income Continuous Operations": -18703000.0,
        "Tax Provision": 401000.0,
        "Pretax Income": -18302000.0,
        "Other Income Expense": 1833000.0,
        "Other Non Operating Income Expenses": NaN,
        "Special Income Charges": -217000.0,
        "Gain On Sale Of Ppe": -217000.0,
        "Other Special Charges": NaN,
        "Impairment Of Capital Assets": 0.0,
        "Gain On Sale Of Security": 2050000.0,
        "Net Non Operating Interest Income Expense": -1714000.0,
        "Total Other Finance Cost": 899000.0,
        "Interest Expense Non Operating": 815000.0,
        "Interest Income Non Operating": NaN,
        "Operating Income": -18421000.0,
        "Operating Expense": 9555000.0,
        "Other Operating Expenses": 1183000.0,
        "Other Taxes": NaN,
        "Selling General And Administration": 8372000.0,
        "Selling And Marketing Expense": 73000.0,
        "General And Administrative Expense": 8299000.0,
        "Other Gand A": 2195000.0,
        "Insurance And Claims": 1165000.0,
        "Salaries And Wages": 4939000.0,
        "Gross Profit": -8866000.0,
        "Cost Of Revenue": 43462000.0,
        "Total Revenue": 34596000.0,
        "Operating Revenue": 34596000.0
    },
    "2023-12-31": {
        "Tax Effect Of Unusual Items": -224518.294056,
        "Tax Rate For Calcs": 0.006545,
        "Normalized EBITDA": 6804000.0,
        "Total Unusual Items": -34302000.0,
        "Total Unusual Items Excluding Goodwill": -34302000.0,
        "Net Income From Continuing Operation Net Minority Interest": -57373000.0,
        "Reconciled Depreciation": 21790000.0,
        "Reconciled Cost Of Revenue": 44484000.0,
        "EBITDA": -27498000.0,
        "EBIT": -49288000.0,
        "Net Interest Income": -7081000.0,
        "Interest Expense": 8463000.0,
        "Interest Income": NaN,
        "Normalized Income": -23295518.294056,
        "Net Income From Continuing And Discontinued Operation": -57373000.0,
        "Total Expenses": 62609000.0,
        "Total Operating Income As Reported": -12737000.0,
        "Diluted Average Shares": NaN,
        "Basic Average Shares": NaN,
        "Diluted EPS": NaN,
        "Basic EPS": NaN,
        "Diluted NI Availto Com Stockholders": -57373000.0,
        "Net Income Common Stockholders": -57373000.0,
        "Net Income": -57373000.0,
        "Net Income Including Noncontrolling Interests": -57373000.0,
        "Net Income Continuous Operations": -57373000.0,
        "Tax Provision": -378000.0,
        "Pretax Income": -57751000.0,
        "Other Income Expense": -34302000.0,
        "Other Non Operating Income Expenses": NaN,
        "Special Income Charges": -2272000.0,
        "Gain On Sale Of Ppe": -2000.0,
        "Other Special Charges": 0.0,
        "Impairment Of Capital Assets": 2270000.0,
        "Gain On Sale Of Security": -32030000.0,
        "Net Non Operating Interest Income Expense": -7081000.0,
        "Total Other Finance Cost": 38000.0,
        "Interest Expense Non Operating": 8463000.0,
        "Interest Income Non Operating": NaN,
        "Operating Income": -16368000.0,
        "Operating Expense": 18125000.0,
        "Other Operating Expenses": 4720000.0,
        "Other Taxes": NaN,
        "Selling General And Administration": 13405000.0,
        "Selling And Marketing Expense": 131000.0,
        "General And Administrative Expense": 13274000.0,
        "Other Gand A": 2714000.0,
        "Insurance And Claims": 1591000.0,
        "Salaries And Wages": 8969000.0,
        "Gross Profit": 1757000.0,
        "Cost Of Revenue": 44484000.0,
        "Total Revenue": 46241000.0,
        "Operating Revenue": 46241000.0
    },
    "2024-03-31": {
        "Tax Effect Of Unusual Items": 1796550.0,
        "Tax Rate For Calcs": 0.15,
        "Normalized EBITDA": 15113000.0,
        "Total Unusual Items": 11977000.0,
        "Total Unusual Items Excluding Goodwill": 11977000.0,
        "Net Income From Continuing Operation Net Minority Interest": -5980000.0,
        "Reconciled Depreciation": 38977000.0,
        "Reconciled Cost Of Revenue": 60999000.0,
        "EBITDA": 27090000.0,
        "EBIT": -11887000.0,
        "Net Interest Income": -299000.0,
        "Interest Expense": 378000.0,
        "Interest Income": 680000.0,
        "Normalized Income": -16160450.0,
        "Net Income From Continuing And Discontinued Operation": -5980000.0,
        "Total Expenses": 74260000.0,
        "Total Operating Income As Reported": -23708000.0,
        "Diluted Average Shares": 338745000.0,
        "Basic Average Shares": 338745000.0,
        "Diluted EPS": -0.02,
        "Basic EPS": -0.02,
        "Diluted NI Availto Com Stockholders": -5980000.0,
        "Net Income Common Stockholders": -5980000.0,
        "Net Income": -5980000.0,
        "Net Income Including Noncontrolling Interests": -5980000.0,
        "Net Income Continuous Operations": -5980000.0,
        "Tax Provision": -6285000.0,
        "Pretax Income": -12265000.0,
        "Other Income Expense": 11977000.0,
        "Other Non Operating Income Expenses": NaN,
        "Special Income Charges": 170000.0,
        "Gain On Sale Of Ppe": 170000.0,
        "Other Special Charges": NaN,
        "Impairment Of Capital Assets": NaN,
        "Gain On Sale Of Security": 11807000.0,
        "Net Non Operating Interest Income Expense": -299000.0,
        "Total Other Finance Cost": 601000.0,
        "Interest Expense Non Operating": 378000.0,
        "Interest Income Non Operating": 680000.0,
        "Operating Income": -23943000.0,
        "Operating Expense": 13261000.0,
        "Other Operating Expenses": 65000.0,
        "Other Taxes": NaN,
        "Selling General And Administration": 13196000.0,
        "Selling And Marketing Expense": 116000.0,
        "General And Administrative Expense": 13080000.0,
        "Other Gand A": 1982000.0,
        "Insurance And Claims": 1957000.0,
        "Salaries And Wages": 9141000.0,
        "Gross Profit": -10682000.0,
        "Cost Of Revenue": 60999000.0,
        "Total Revenue": 50317000.0,
        "Operating Revenue": 50317000.0
    },
    "2024-06-30": {
        "Tax Effect Of Unusual Items": -603150.0,
        "Tax Rate For Calcs": 0.15,
        "Normalized EBITDA": 28052000.0,
        "Total Unusual Items": -4021000.0,
        "Total Unusual Items Excluding Goodwill": -4021000.0,
        "Net Income From Continuing Operation Net Minority Interest": -26599000.0,
        "Reconciled Depreciation": 48577000.0,
        "Reconciled Cost Of Revenue": 52823000.0,
        "EBITDA": 24031000.0,
        "EBIT": -24546000.0,
        "Net Interest Income": 2738000.0,
        "Interest Expense": 349000.0,
        "Interest Income": 2042000.0,
        "Normalized Income": -23181150.0,
        "Net Income From Continuing And Discontinued Operation": -26599000.0,
        "Total Expenses": 65160000.0,
        "Total Operating Income As Reported": -23578000.0,
        "Diluted Average Shares": 401239000.0,
        "Basic Average Shares": 401239000.0,
        "Diluted EPS": -0.07,
        "Basic EPS": -0.07,
        "Diluted NI Availto Com Stockholders": -26599000.0,
        "Net Income Common Stockholders": -26599000.0,
        "Net Income": -26599000.0,
        "Net Income Including Noncontrolling Interests": -26599000.0,
        "Net Income Continuous Operations": -26599000.0,
        "Tax Provision": 1704000.0,
        "Pretax Income": -24895000.0,
        "Other Income Expense": -4021000.0,
        "Other Non Operating Income Expenses": NaN,
        "Special Income Charges": 99000.0,
        "Gain On Sale Of Ppe": 99000.0,
        "Other Special Charges": NaN,
        "Impairment Of Capital Assets": 0.0,
        "Gain On Sale Of Security": -4120000.0,
        "Net Non Operating Interest Income Expense": 2738000.0,
        "Total Other Finance Cost": -1045000.0,
        "Interest Expense Non Operating": 349000.0,
        "Interest Income Non Operating": 2042000.0,
        "Operating Income": -23612000.0,
        "Operating Expense": 12337000.0,
        "Other Operating Expenses": -65000.0,
        "Other Taxes": -2142000.0,
        "Selling General And Administration": 14544000.0,
        "Selling And Marketing Expense": 165000.0,
        "General And Administrative Expense": 14379000.0,
        "Other Gand A": 6236000.0,
        "Insurance And Claims": 2436000.0,
        "Salaries And Wages": 5707000.0,
        "Gross Profit": -11275000.0,
        "Cost Of Revenue": 52823000.0,
        "Total Revenue": 41548000.0,
        "Operating Revenue": 41548000.0
    }
}