{
    "2023-04-30": {
        "Tax Effect Of Unusual Items": NaN,
        "Tax Rate For Calcs": NaN,
        "Normalized EBITDA": NaN,
        "Total Unusual Items": NaN,
        "Total Unusual Items Excluding Goodwill": NaN,
        "Net Income From Continuing Operation Net Minority Interest": NaN,
        "Reconciled Depreciation": NaN,
        "Reconciled Cost Of Revenue": NaN,
        "EBITDA": NaN,
        "EBIT": NaN,
        "Net Interest Income": NaN,
        "Interest Expense": NaN,
        "Normalized Income": NaN,
        "Net Income From Continuing And Discontinued Operation": NaN,
        "Total Expenses": NaN,
        "Total Operating Income As Reported": NaN,
        "Diluted Average Shares": NaN,
        "Basic Average Shares": NaN,
        "Diluted EPS": NaN,
        "Basic EPS": NaN,
        "Diluted NI Availto Com Stockholders": NaN,
        "Net Income Common Stockholders": NaN,
        "Net Income": NaN,
        "Net Income Including Noncontrolling Interests": NaN,
        "Net Income Discontinuous Operations": 89000.0,
        "Net Income Continuous Operations": NaN,
        "Tax Provision": NaN,
        "Pretax Income": NaN,
        "Other Income Expense": NaN,
        "Special Income Charges": NaN,
        "Other Special Charges": NaN,
        "Net Non Operating Interest Income Expense": NaN,
        "Interest Expense Non Operating": NaN,
        "Operating Income": NaN,
        "Operating Expense": NaN,
        "Other Operating Expenses": 3894000.0,
        "Selling General And Administration": NaN,
        "Gross Profit": NaN,
        "Cost Of Revenue": NaN,
        "Total Revenue": NaN,
        "Operating Revenue": NaN
    },
    "2023-01-31": {
        "Tax Effect Of Unusual Items": NaN,
        "Tax Rate For Calcs": NaN,
        "Normalized EBITDA": NaN,
        "Total Unusual Items": NaN,
        "Total Unusual Items Excluding Goodwill": NaN,
        "Net Income From Continuing Operation Net Minority Interest": NaN,
        "Reconciled Depreciation": NaN,
        "Reconciled Cost Of Revenue": NaN,
        "EBITDA": NaN,
        "EBIT": NaN,
        "Net Interest Income": NaN,
        "Interest Expense": NaN,
        "Normalized Income": NaN,
        "Net Income From Continuing And Discontinued Operation": NaN,
        "Total Expenses": NaN,
        "Total Operating Income As Reported": NaN,
        "Diluted Average Shares": NaN,
        "Basic Average Shares": NaN,
        "Diluted EPS": NaN,
        "Basic EPS": NaN,
        "Diluted NI Availto Com Stockholders": NaN,
        "Net Income Common Stockholders": NaN,
        "Net Income": NaN,
        "Net Income Including Noncontrolling Interests": NaN,
        "Net Income Discontinuous Operations": NaN,
        "Net Income Continuous Operations": NaN,
        "Tax Provision": NaN,
        "Pretax Income": NaN,
        "Other Income Expense": NaN,
        "Special Income Charges": NaN,
        "Other Special Charges": NaN,
        "Net Non Operating Interest Income Expense": NaN,
        "Interest Expense Non Operating": NaN,
        "Operating Income": NaN,
        "Operating Expense": NaN,
        "Other Operating Expenses": 3425000.0,
        "Selling General And Administration": NaN,
        "Gross Profit": NaN,
        "Cost Of Revenue": NaN,
        "Total Revenue": NaN,
        "Operating Revenue": NaN
    },
    "2022-10-31": {
        "Tax Effect Of Unusual Items": NaN,
        "Tax Rate For Calcs": NaN,
        "Normalized EBITDA": NaN,
        "Total Unusual Items": NaN,
        "Total Unusual Items Excluding Goodwill": NaN,
        "Net Income From Continuing Operation Net Minority Interest": NaN,
        "Reconciled Depreciation": NaN,
        "Reconciled Cost Of Revenue": NaN,
        "EBITDA": NaN,
        "EBIT": NaN,
        "Net Interest Income": NaN,
        "Interest Expense": NaN,
        "Normalized Income": NaN,
        "Net Income From Continuing And Discontinued Operation": NaN,
        "Total Expenses": NaN,
        "Total Operating Income As Reported": NaN,
        "Diluted Average Shares": NaN,
        "Basic Average Shares": NaN,
        "Diluted EPS": NaN,
        "Basic EPS": NaN,
        "Diluted NI Availto Com Stockholders": NaN,
        "Net Income Common Stockholders": NaN,
        "Net Income": NaN,
        "Net Income Including Noncontrolling Interests": NaN,
        "Net Income Discontinuous Operations": NaN,
        "Net Income Continuous Operations": NaN,
        "Tax Provision": NaN,
        "Pretax Income": NaN,
        "Other Income Expense": NaN,
        "Special Income Charges": NaN,
        "Other Special Charges": NaN,
        "Net Non Operating Interest Income Expense": NaN,
        "Interest Expense Non Operating": NaN,
        "Operating Income": NaN,
        "Operating Expense": NaN,
        "Other Operating Expenses": 10706000.0,
        "Selling General And Administration": NaN,
        "Gross Profit": NaN,
        "Cost Of Revenue": NaN,
        "Total Revenue": NaN,
        "Operating Revenue": NaN
    },
    "2022-07-31": {
        "Tax Effect Of Unusual Items": 0.0,
        "Tax Rate For Calcs": 0.26569,
        "Normalized EBITDA": 252894000.0,
        "Net Income From Continuing Operation Net Minority Interest": 141014000.0,
        "Reconciled Depreciation": 49984000.0,
        "Reconciled Cost Of Revenue": 4243769000.0,
        "EBITDA": 252894000.0,
        "EBIT": 202910000.0,
        "Net Interest Income": -10874000.0,
        "Interest Expense": 10874000.0,
        "Normalized Income": 141014000.0,
        "Net Income From Continuing And Discontinued Operation": 141007000.0,
        "Total Expenses": 4900906000.0,
        "Total Operating Income As Reported": 202910000.0,
        "Diluted Average Shares": 136567000.0,
        "Basic Average Shares": 134341000.0,
        "Diluted EPS": 1.03,
        "Basic EPS": 1.05,
        "Diluted NI Availto Com Stockholders": 141007000.0,
        "Net Income Common Stockholders": 141007000.0,
        "Net Income": 141007000.0,
        "Net Income Including Noncontrolling Interests": 141007000.0,
        "Net Income Discontinuous Operations": -7000.0,
        "Net Income Continuous Operations": 141014000.0,
        "Tax Provision": 51022000.0,
        "Pretax Income": 192036000.0,
        "Net Non Operating Interest Income Expense": -10874000.0,
        "Interest Expense Non Operating": 10874000.0,
        "Operating Income": 202910000.0,
        "Operating Expense": 657137000.0,
        "Other Operating Expenses": 5901000.0,
        "Selling General And Administration": 651236000.0,
        "Gross Profit": 860047000.0,
        "Cost Of Revenue": 4243769000.0,
        "Total Revenue": 5103816000.0,
        "Operating Revenue": 5103816000.0
    },
    "2023-07-31": {
        "Tax Effect Of Unusual Items": NaN,
        "Tax Rate For Calcs": NaN,
        "Normalized EBITDA": NaN,
        "Total Unusual Items": NaN,
        "Total Unusual Items Excluding Goodwill": NaN,
        "Net Income From Continuing Operation Net Minority Interest": NaN,
        "Reconciled Depreciation": NaN,
        "Reconciled Cost Of Revenue": NaN,
        "EBITDA": NaN,
        "EBIT": NaN,
        "Net Interest Income": NaN,
        "Interest Expense": NaN,
        "Normalized Income": NaN,
        "Net Income From Continuing And Discontinued Operation": NaN,
        "Total Expenses": NaN,
        "Total Operating Income As Reported": NaN,
        "Diluted Average Shares": 135129000.0,
        "Basic Average Shares": 133317000.0,
        "Diluted EPS": 0.97,
        "Basic EPS": 0.99,
        "Diluted NI Availto Com Stockholders": NaN,
        "Net Income Common Stockholders": NaN,
        "Net Income": NaN,
        "Net Income Including Noncontrolling Interests": NaN,
        "Net Income Discontinuous Operations": 0.0,
        "Net Income Continuous Operations": NaN,
        "Tax Provision": NaN,
        "Pretax Income": NaN,
        "Other Income Expense": NaN,
        "Special Income Charges": NaN,
        "Other Special Charges": NaN,
        "Net Non Operating Interest Income Expense": NaN,
        "Interest Expense Non Operating": NaN,
        "Operating Income": NaN,
        "Operating Expense": NaN,
        "Other Operating Expenses": 1584000.0,
        "Selling General And Administration": NaN,
        "Gross Profit": NaN,
        "Cost Of Revenue": NaN,
        "Total Revenue": NaN,
        "Operating Revenue": NaN
    },
    "2023-10-31": {
        "Tax Effect Of Unusual Items": -1686281.0,
        "Tax Rate For Calcs": 0.281,
        "Normalized EBITDA": 262782000.0,
        "Total Unusual Items": -6001000.0,
        "Total Unusual Items Excluding Goodwill": -6001000.0,
        "Net Income From Continuing Operation Net Minority Interest": 130467000.0,
        "Reconciled Depreciation": 57406000.0,
        "Reconciled Cost Of Revenue": 4022243000.0,
        "EBITDA": 256781000.0,
        "EBIT": 199375000.0,
        "Net Interest Income": -18004000.0,
        "Interest Expense": 18004000.0,
        "Normalized Income": 134781719.0,
        "Net Income From Continuing And Discontinued Operation": 130467000.0,
        "Total Expenses": 4719347000.0,
        "Total Operating Income As Reported": 199375000.0,
        "Diluted Average Shares": 134984000.0,
        "Basic Average Shares": 133069000.0,
        "Diluted EPS": 0.97,
        "Basic EPS": 0.98,
        "Diluted NI Availto Com Stockholders": 130467000.0,
        "Net Income Common Stockholders": 130467000.0,
        "Net Income": 130467000.0,
        "Net Income Including Noncontrolling Interests": 130467000.0,
        "Net Income Discontinuous Operations": 0.0,
        "Net Income Continuous Operations": 130467000.0,
        "Tax Provision": 50904000.0,
        "Pretax Income": 181371000.0,
        "Other Income Expense": -6001000.0,
        "Special Income Charges": -6001000.0,
        "Other Special Charges": 6001000.0,
        "Net Non Operating Interest Income Expense": -18004000.0,
        "Interest Expense Non Operating": 18004000.0,
        "Operating Income": 205376000.0,
        "Operating Expense": 697104000.0,
        "Other Operating Expenses": NaN,
        "Selling General And Administration": 697104000.0,
        "Gross Profit": 902480000.0,
        "Cost Of Revenue": 4022243000.0,
        "Total Revenue": 4924723000.0,
        "Operating Revenue": 4924723000.0
    },
    "2024-01-31": {
        "Tax Effect Of Unusual Items": -2466484.282878,
        "Tax Rate For Calcs": 0.264928,
        "Normalized EBITDA": 282515000.0,
        "Total Unusual Items": -9310000.0,
        "Total Unusual Items Excluding Goodwill": -9310000.0,
        "Net Income From Continuing Operation Net Minority Interest": 145872000.0,
        "Reconciled Depreciation": 61275000.0,
        "Reconciled Cost Of Revenue": 4394009000.0,
        "EBITDA": 273205000.0,
        "EBIT": 211930000.0,
        "Net Interest Income": -14398000.0,
        "Interest Expense": 13484000.0,
        "Normalized Income": 152715515.717122,
        "Net Income From Continuing And Discontinued Operation": 145872000.0,
        "Total Expenses": 5135130000.0,
        "Total Operating Income As Reported": 214005000.0,
        "Diluted Average Shares": NaN,
        "Basic Average Shares": NaN,
        "Diluted EPS": NaN,
        "Basic EPS": NaN,
        "Diluted NI Availto Com Stockholders": 145872000.0,
        "Net Income Common Stockholders": 145872000.0,
        "Net Income": 145872000.0,
        "Net Income Including Noncontrolling Interests": 145872000.0,
        "Net Income Discontinuous Operations": 0.0,
        "Net Income Continuous Operations": 145872000.0,
        "Tax Provision": 52574000.0,
        "Pretax Income": 198446000.0,
        "Other Income Expense": -9310000.0,
        "Special Income Charges": -9979000.0,
        "Other Special Charges": 9979000.0,
        "Net Non Operating Interest Income Expense": -14398000.0,
        "Interest Expense Non Operating": 13484000.0,
        "Operating Income": 222154000.0,
        "Operating Expense": 741121000.0,
        "Other Operating Expenses": NaN,
        "Selling General And Administration": 741121000.0,
        "Gross Profit": 963275000.0,
        "Cost Of Revenue": 4394009000.0,
        "Total Revenue": 5357284000.0,
        "Operating Revenue": 5357284000.0
    },
    "2024-04-30": {
        "Tax Effect Of Unusual Items": -210816.0,
        "Tax Rate For Calcs": 0.244,
        "Normalized EBITDA": 225041000.0,
        "Total Unusual Items": -864000.0,
        "Total Unusual Items Excluding Goodwill": -864000.0,
        "Net Income From Continuing Operation Net Minority Interest": 111019000.0,
        "Reconciled Depreciation": 63422000.0,
        "Reconciled Cost Of Revenue": 4035129000.0,
        "EBITDA": 224177000.0,
        "EBIT": 160755000.0,
        "Net Interest Income": -13951000.0,
        "Interest Expense": 13951000.0,
        "Normalized Income": 111672184.0,
        "Net Income From Continuing And Discontinued Operation": 111019000.0,
        "Total Expenses": 4756900000.0,
        "Total Operating Income As Reported": 160755000.0,
        "Diluted Average Shares": 134111000.0,
        "Basic Average Shares": 132397000.0,
        "Diluted EPS": 0.83,
        "Basic EPS": 0.84,
        "Diluted NI Availto Com Stockholders": 111019000.0,
        "Net Income Common Stockholders": 111019000.0,
        "Net Income": 111019000.0,
        "Net Income Including Noncontrolling Interests": 111019000.0,
        "Net Income Discontinuous Operations": 0.0,
        "Net Income Continuous Operations": 111019000.0,
        "Tax Provision": 35785000.0,
        "Pretax Income": 146804000.0,
        "Other Income Expense": -864000.0,
        "Special Income Charges": -864000.0,
        "Other Special Charges": 864000.0,
        "Net Non Operating Interest Income Expense": -13951000.0,
        "Interest Expense Non Operating": 13951000.0,
        "Operating Income": 161619000.0,
        "Operating Expense": 721771000.0,
        "Other Operating Expenses": NaN,
        "Selling General And Administration": 721771000.0,
        "Gross Profit": 883390000.0,
        "Cost Of Revenue": 4035129000.0,
        "Total Revenue": 4918519000.0,
        "Operating Revenue": 4918519000.0
    },
    "2024-07-31": {
        "Tax Effect Of Unusual Items": -621298.0,
        "Tax Rate For Calcs": 0.241,
        "Normalized EBITDA": 271390000.0,
        "Total Unusual Items": -2578000.0,
        "Total Unusual Items Excluding Goodwill": -2578000.0,
        "Net Income From Continuing Operation Net Minority Interest": 144988000.0,
        "Reconciled Depreciation": 65137000.0,
        "Reconciled Cost Of Revenue": 4248819000.0,
        "EBITDA": 268812000.0,
        "EBIT": 203675000.0,
        "Net Interest Income": -12755000.0,
        "Interest Expense": 12755000.0,
        "Normalized Income": 146944702.0,
        "Net Income From Continuing And Discontinued Operation": 144988000.0,
        "Total Expenses": 4999142000.0,
        "Total Operating Income As Reported": 203675000.0,
        "Diluted Average Shares": 133849000.0,
        "Basic Average Shares": 132431000.0,
        "Diluted EPS": 0.99,
        "Basic EPS": 1.09,
        "Diluted NI Availto Com Stockholders": 144988000.0,
        "Net Income Common Stockholders": 144988000.0,
        "Net Income": 144988000.0,
        "Net Income Including Noncontrolling Interests": 144988000.0,
        "Net Income Discontinuous Operations": NaN,
        "Net Income Continuous Operations": 144988000.0,
        "Tax Provision": 45932000.0,
        "Pretax Income": 190920000.0,
        "Other Income Expense": -2578000.0,
        "Special Income Charges": -2578000.0,
        "Other Special Charges": 2578000.0,
        "Net Non Operating Interest Income Expense": -12755000.0,
        "Interest Expense Non Operating": 12755000.0,
        "Operating Income": 206253000.0,
        "Operating Expense": 750323000.0,
        "Other Operating Expenses": NaN,
        "Selling General And Administration": 750323000.0,
        "Gross Profit": 956576000.0,
        "Cost Of Revenue": 4248819000.0,
        "Total Revenue": 5205395000.0,
        "Operating Revenue": 5205395000.0
    },
    "2024-10-31": {
        "Tax Effect Of Unusual Items": -3528666.0,
        "Tax Rate For Calcs": 0.282,
        "Normalized EBITDA": 307575000.0,
        "Total Unusual Items": -12513000.0,
        "Total Unusual Items Excluding Goodwill": -12513000.0,
        "Net Income From Continuing Operation Net Minority Interest": 155748000.0,
        "Reconciled Depreciation": 65679000.0,
        "Reconciled Cost Of Revenue": 4123888000.0,
        "EBITDA": 295062000.0,
        "EBIT": 229383000.0,
        "Net Interest Income": -12593000.0,
        "Interest Expense": 12593000.0,
        "Normalized Income": 164732334.0,
        "Net Income From Continuing And Discontinued Operation": 155748000.0,
        "Total Expenses": 4857468000.0,
        "Total Operating Income As Reported": 229383000.0,
        "Diluted Average Shares": 133333000.0,
        "Basic Average Shares": 132083000.0,
        "Diluted EPS": 1.17,
        "Basic EPS": 1.18,
        "Diluted NI Availto Com Stockholders": 155748000.0,
        "Net Income Common Stockholders": 155748000.0,
        "Net Income": 155748000.0,
        "Net Income Including Noncontrolling Interests": 155748000.0,
        "Net Income Discontinuous Operations": NaN,
        "Net Income Continuous Operations": 155748000.0,
        "Tax Provision": 61042000.0,
        "Pretax Income": 216790000.0,
        "Other Income Expense": -12513000.0,
        "Special Income Charges": -12513000.0,
        "Other Special Charges": 12513000.0,
        "Net Non Operating Interest Income Expense": -12593000.0,
        "Interest Expense Non Operating": 12593000.0,
        "Operating Income": 241896000.0,
        "Operating Expense": 733580000.0,
        "Other Operating Expenses": NaN,
        "Selling General And Administration": 733580000.0,
        "Gross Profit": 975476000.0,
        "Cost Of Revenue": 4123888000.0,
        "Total Revenue": 5099364000.0,
        "Operating Revenue": 5099364000.0
    }
}