{
    "2023-06-30": {
        "Tax Effect Of Unusual Items": -237300.0,
        "Tax Rate For Calcs": 0.21,
        "Normalized EBITDA": 29672000.0,
        "Total Unusual Items": -1130000.0,
        "Total Unusual Items Excluding Goodwill": -1130000.0,
        "Net Income From Continuing Operation Net Minority Interest": 11932000.0,
        "Reconciled Depreciation": 17708000.0,
        "Reconciled Cost Of Revenue": 299048000.0,
        "EBITDA": 28542000.0,
        "EBIT": 10834000.0,
        "Net Interest Income": -1108000.0,
        "Interest Expense": 1108000.0,
        "Normalized Income": 12824700.0,
        "Net Income From Continuing And Discontinued Operation": 11932000.0,
        "Total Expenses": 338328000.0,
        "Rent Expense Supplemental": 81912000.0,
        "Total Operating Income As Reported": 10212000.0,
        "Diluted Average Shares": 23971000.0,
        "Basic Average Shares": 23539000.0,
        "Diluted EPS": 0.5,
        "Basic EPS": 0.51,
        "Diluted NI Availto Com Stockholders": 11932000.0,
        "Net Income Common Stockholders": 11932000.0,
        "Net Income": 11932000.0,
        "Net Income Including Noncontrolling Interests": 11932000.0,
        "Net Income Continuous Operations": 11932000.0,
        "Tax Provision": -2206000.0,
        "Pretax Income": 9726000.0,
        "Other Income Expense": -508000.0,
        "Other Non Operating Income Expenses": 622000.0,
        "Special Income Charges": -1130000.0,
        "Gain On Sale Of Ppe": -1130000.0,
        "Net Non Operating Interest Income Expense": -1108000.0,
        "Interest Expense Non Operating": 1108000.0,
        "Operating Income": 11342000.0,
        "Operating Expense": 39280000.0,
        "Other Operating Expenses": 378000.0,
        "Depreciation Amortization Depletion Income Statement": 17708000.0,
        "Depreciation And Amortization In Income Statement": 17708000.0,
        "Selling General And Administration": 21194000.0,
        "General And Administrative Expense": 21194000.0,
        "Other Gand A": 21194000.0,
        "Gross Profit": 50622000.0,
        "Cost Of Revenue": 299048000.0,
        "Total Revenue": 349670000.0,
        "Operating Revenue": 349670000.0
    },
    "2023-03-31": {
        "Tax Effect Of Unusual Items": -450660.0,
        "Tax Rate For Calcs": 0.21,
        "Normalized EBITDA": 22570000.0,
        "Total Unusual Items": -2146000.0,
        "Total Unusual Items Excluding Goodwill": -2146000.0,
        "Net Income From Continuing Operation Net Minority Interest": 3481000.0,
        "Reconciled Depreciation": 17612000.0,
        "Reconciled Cost Of Revenue": 298356000.0,
        "EBITDA": 20424000.0,
        "EBIT": 2812000.0,
        "Net Interest Income": -1121000.0,
        "Interest Expense": 1121000.0,
        "Normalized Income": 5176340.0,
        "Net Income From Continuing And Discontinued Operation": 3481000.0,
        "Total Expenses": 336518000.0,
        "Rent Expense Supplemental": 79146000.0,
        "Total Operating Income As Reported": 2616000.0,
        "Diluted Average Shares": 23926000.0,
        "Basic Average Shares": 23481000.0,
        "Diluted EPS": 0.15,
        "Basic EPS": 0.15,
        "Diluted NI Availto Com Stockholders": 3481000.0,
        "Net Income Common Stockholders": 3481000.0,
        "Net Income": 3481000.0,
        "Net Income Including Noncontrolling Interests": 3481000.0,
        "Net Income Continuous Operations": 3481000.0,
        "Tax Provision": -1790000.0,
        "Pretax Income": 1691000.0,
        "Other Income Expense": -1950000.0,
        "Other Non Operating Income Expenses": 196000.0,
        "Special Income Charges": -2146000.0,
        "Gain On Sale Of Ppe": -2146000.0,
        "Net Non Operating Interest Income Expense": -1121000.0,
        "Interest Expense Non Operating": 1121000.0,
        "Operating Income": 4762000.0,
        "Operating Expense": 38162000.0,
        "Other Operating Expenses": 844000.0,
        "Depreciation Amortization Depletion Income Statement": 17612000.0,
        "Depreciation And Amortization In Income Statement": 17612000.0,
        "Selling General And Administration": 19706000.0,
        "General And Administrative Expense": 19706000.0,
        "Other Gand A": 19706000.0,
        "Gross Profit": 42924000.0,
        "Cost Of Revenue": 298356000.0,
        "Total Revenue": 341280000.0,
        "Operating Revenue": 341280000.0
    },
    "2022-12-31": {
        "Tax Effect Of Unusual Items": -1097460.0,
        "Tax Rate For Calcs": 0.21,
        "Normalized EBITDA": 27531000.0,
        "Total Unusual Items": -5226000.0,
        "Total Unusual Items Excluding Goodwill": -5226000.0,
        "Net Income From Continuing Operation Net Minority Interest": 3961000.0,
        "Reconciled Depreciation": 17488000.0,
        "Reconciled Cost Of Revenue": 299693000.0,
        "EBITDA": 22305000.0,
        "EBIT": 4817000.0,
        "Net Interest Income": -1173000.0,
        "Interest Expense": 1173000.0,
        "Normalized Income": 8089540.0,
        "Net Income From Continuing And Discontinued Operation": 3961000.0,
        "Total Expenses": 334687000.0,
        "Rent Expense Supplemental": 80958000.0,
        "Total Operating Income As Reported": 4239000.0,
        "Diluted Average Shares": 23764000.0,
        "Basic Average Shares": 23381000.0,
        "Diluted EPS": 0.17,
        "Basic EPS": 0.17,
        "Diluted NI Availto Com Stockholders": 3961000.0,
        "Net Income Common Stockholders": 3961000.0,
        "Net Income": 3961000.0,
        "Net Income Including Noncontrolling Interests": 3961000.0,
        "Net Income Continuous Operations": 3961000.0,
        "Tax Provision": -317000.0,
        "Pretax Income": 3644000.0,
        "Other Income Expense": -4648000.0,
        "Other Non Operating Income Expenses": 578000.0,
        "Special Income Charges": -5226000.0,
        "Gain On Sale Of Ppe": -5226000.0,
        "Net Non Operating Interest Income Expense": -1173000.0,
        "Interest Expense Non Operating": 1173000.0,
        "Operating Income": 9465000.0,
        "Operating Expense": 34994000.0,
        "Other Operating Expenses": -1784000.0,
        "Depreciation Amortization Depletion Income Statement": 17488000.0,
        "Depreciation And Amortization In Income Statement": 17488000.0,
        "Selling General And Administration": 19290000.0,
        "General And Administrative Expense": 19290000.0,
        "Other Gand A": 19290000.0,
        "Gross Profit": 44459000.0,
        "Cost Of Revenue": 299693000.0,
        "Total Revenue": 344152000.0,
        "Operating Revenue": 344152000.0
    },
    "2022-09-30": {
        "Tax Effect Of Unusual Items": -79590.0,
        "Tax Rate For Calcs": 0.21,
        "Normalized EBITDA": 12621000.0,
        "Total Unusual Items": -379000.0,
        "Total Unusual Items Excluding Goodwill": -379000.0,
        "Net Income From Continuing Operation Net Minority Interest": -1642000.0,
        "Reconciled Depreciation": 17356000.0,
        "Reconciled Cost Of Revenue": 279417000.0,
        "EBITDA": 12242000.0,
        "EBIT": -5114000.0,
        "Net Interest Income": -645000.0,
        "Interest Expense": 645000.0,
        "Normalized Income": -1342590.0,
        "Net Income From Continuing And Discontinued Operation": -1642000.0,
        "Total Expenses": 316140000.0,
        "Rent Expense Supplemental": 76931000.0,
        "Total Operating Income As Reported": -5171000.0,
        "Diluted Average Shares": 23427000.0,
        "Basic Average Shares": 23427000.0,
        "Diluted EPS": -0.07,
        "Basic EPS": -0.07,
        "Diluted NI Availto Com Stockholders": -1642000.0,
        "Net Income Common Stockholders": -1642000.0,
        "Net Income": -1642000.0,
        "Net Income Including Noncontrolling Interests": -1642000.0,
        "Net Income Continuous Operations": -1642000.0,
        "Tax Provision": -4117000.0,
        "Pretax Income": -5759000.0,
        "Other Income Expense": -322000.0,
        "Other Non Operating Income Expenses": 57000.0,
        "Special Income Charges": -379000.0,
        "Gain On Sale Of Ppe": -379000.0,
        "Net Non Operating Interest Income Expense": -645000.0,
        "Interest Expense Non Operating": 645000.0,
        "Operating Income": -4792000.0,
        "Operating Expense": 36723000.0,
        "Other Operating Expenses": 482000.0,
        "Depreciation Amortization Depletion Income Statement": 17356000.0,
        "Depreciation And Amortization In Income Statement": 17356000.0,
        "Selling General And Administration": 18885000.0,
        "General And Administrative Expense": 18885000.0,
        "Other Gand A": 18885000.0,
        "Gross Profit": 31931000.0,
        "Cost Of Revenue": 279417000.0,
        "Total Revenue": 311348000.0,
        "Operating Revenue": 311348000.0
    },
    "2022-06-30": {
        "Tax Effect Of Unusual Items": -175200.0,
        "Tax Rate For Calcs": 0.4,
        "Normalized EBITDA": 20961000.0,
        "Total Unusual Items": -438000.0,
        "Total Unusual Items Excluding Goodwill": -438000.0,
        "Net Income From Continuing Operation Net Minority Interest": 297000.0,
        "Reconciled Depreciation": 17565000.0,
        "Reconciled Cost Of Revenue": 290599000.0,
        "EBITDA": 20523000.0,
        "EBIT": 2958000.0,
        "Net Interest Income": -436000.0,
        "Interest Expense": 436000.0,
        "Normalized Income": 559800.0,
        "Net Income From Continuing And Discontinued Operation": 297000.0,
        "Total Expenses": 326114000.0,
        "Rent Expense Supplemental": 76560000.0,
        "Total Operating Income As Reported": 3145000.0,
        "Diluted Average Shares": 23576000.0,
        "Basic Average Shares": 23434000.0,
        "Diluted EPS": 0.01,
        "Basic EPS": 0.01,
        "Diluted NI Availto Com Stockholders": 297000.0,
        "Net Income Common Stockholders": 297000.0,
        "Net Income": 297000.0,
        "Net Income Including Noncontrolling Interests": 297000.0,
        "Net Income Continuous Operations": 297000.0,
        "Tax Provision": 2225000.0,
        "Pretax Income": 2522000.0,
        "Other Income Expense": -625000.0,
        "Other Non Operating Income Expenses": -187000.0,
        "Special Income Charges": -438000.0,
        "Gain On Sale Of Ppe": -438000.0,
        "Net Non Operating Interest Income Expense": -436000.0,
        "Interest Expense Non Operating": 436000.0,
        "Operating Income": 3583000.0,
        "Operating Expense": 35515000.0,
        "Other Operating Expenses": 1045000.0,
        "Depreciation Amortization Depletion Income Statement": 17565000.0,
        "Depreciation And Amortization In Income Statement": 17565000.0,
        "Selling General And Administration": 16905000.0,
        "General And Administrative Expense": 16905000.0,
        "Other Gand A": 16905000.0,
        "Gross Profit": 39098000.0,
        "Cost Of Revenue": 290599000.0,
        "Total Revenue": 329697000.0,
        "Operating Revenue": 329697000.0
    },
    "2022-03-31": {
        "Diluted EPS": 0.06,
        "Total Revenue": 299,
        "Gross Profit": 217,
        "Operating Income": -8,
        "EBIT": 10,
        "Net Income": 1
    },
    "2021-12-31": {
        "Diluted EPS": -0.19,
        "Total Revenue": 291,
        "Gross Profit": 212,
        "Operating Income": -8,
        "EBIT": 10,
        "Net Income": -5
    },
    "2021-09-30": {
        "Diluted EPS": -0.09,
        "Total Revenue": 282,
        "Gross Profit": 206,
        "Operating Income": -7,
        "EBIT": 11,
        "Net Income": -2
    },
    "2021-06-30": {
        "Diluted EPS": 0.26,
        "Total Revenue": 290,
        "Gross Profit": 215,
        "Operating Income": 7,
        "EBIT": 25,
        "Net Income": 6
    },
    "2021-03-31": {
        "Diluted EPS": -0.14,
        "Total Revenue": 223,
        "Gross Profit": 167,
        "Operating Income": -8,
        "EBIT": 10,
        "Net Income": -3
    },
    "2020-12-31": {
        "Diluted EPS": -0.84,
        "Total Revenue": 197,
        "Gross Profit": 146,
        "Operating Income": -20,
        "EBIT": -2,
        "Net Income": -18
    },
    "2020-09-30": {
        "Diluted EPS": -0.3,
        "Total Revenue": 199,
        "Gross Profit": 150,
        "Operating Income": -13,
        "EBIT": 5,
        "Net Income": -7
    },
    "2020-06-30": {
        "Diluted EPS": -1.38,
        "Total Revenue": 128,
        "Gross Profit": 96,
        "Operating Income": -46,
        "EBIT": -27,
        "Net Income": -29
    },
    "2020-03-31": {
        "Diluted EPS": -0.22,
        "Total Revenue": 255,
        "Gross Profit": 191,
        "Operating Income": -8,
        "EBIT": 11,
        "Net Income": -4
    },
    "2019-12-31": {
        "Diluted EPS": 0.74,
        "Total Revenue": 291,
        "Gross Profit": 218,
        "Operating Income": 16,
        "EBIT": 35,
        "Net Income": 15
    },
    "2019-09-30": {
        "Diluted EPS": 0.18,
        "Total Revenue": 279,
        "Gross Profit": 207,
        "Operating Income": 3,
        "EBIT": 21,
        "Net Income": 4
    },
    "2019-06-30": {
        "Diluted EPS": 0.68,
        "Total Revenue": 301,
        "Gross Profit": 224,
        "Operating Income": 16,
        "EBIT": 34,
        "Net Income": 14
    },
    "2019-03-31": {
        "Diluted EPS": 0.6,
        "Total Revenue": 291,
        "Gross Profit": 217,
        "Operating Income": 14,
        "EBIT": 31,
        "Net Income": 13
    },
    "2018-12-31": {
        "Diluted EPS": 0.47,
        "Total Revenue": 281,
        "Gross Profit": 209,
        "Operating Income": 14,
        "EBIT": 32,
        "Net Income": 11
    },
    "2018-09-30": {
        "Diluted EPS": 0.39,
        "Total Revenue": 270,
        "Gross Profit": 202,
        "Operating Income": 8,
        "EBIT": 26,
        "Net Income": 9
    },
    "2018-06-30": {
        "Diluted EPS": 0.79,
        "Total Revenue": 288,
        "Gross Profit": 216,
        "Operating Income": 19,
        "EBIT": 37,
        "Net Income": 17
    },
    "2018-03-31": {
        "Diluted EPS": 0.7,
        "Total Revenue": 279,
        "Gross Profit": 209,
        "Operating Income": 16,
        "EBIT": 34,
        "Net Income": 15
    },
    "2017-12-31": {
        "Diluted EPS": 1.09,
        "Total Revenue": 261,
        "Gross Profit": 193,
        "Operating Income": 11,
        "EBIT": 28,
        "Net Income": 23
    },
    "2017-09-30": {
        "Diluted EPS": 0.11,
        "Total Revenue": 247,
        "Gross Profit": 181,
        "Operating Income": 2,
        "EBIT": 19,
        "Net Income": 2
    },
    "2017-06-30": {
        "Diluted EPS": 0.44,
        "Total Revenue": 266,
        "Gross Profit": 196,
        "Operating Income": 12,
        "EBIT": 29,
        "Net Income": 10
    },
    "2017-03-31": {
        "Diluted EPS": 0.42,
        "Total Revenue": 258,
        "Gross Profit": 192,
        "Operating Income": 13,
        "EBIT": 30,
        "Net Income": 9
    },
    "2016-12-31": {
        "Diluted EPS": 0.55,
        "Total Revenue": 266,
        "Gross Profit": 197,
        "Operating Income": 17,
        "EBIT": 33,
        "Net Income": 13
    },
    "2016-09-30": {
        "Diluted EPS": 0.3,
        "Total Revenue": 234,
        "Gross Profit": 174,
        "Operating Income": 9,
        "EBIT": 25,
        "Net Income": 7
    },
    "2016-06-30": {
        "Diluted EPS": 0.56,
        "Total Revenue": 250,
        "Gross Profit": 188,
        "Operating Income": 20,
        "EBIT": 36,
        "Net Income": 14
    },
    "2016-03-31": {
        "Diluted EPS": 0.47,
        "Total Revenue": 243,
        "Gross Profit": 183,
        "Operating Income": 16,
        "EBIT": 32,
        "Net Income": 12
    },
    "2015-12-31": {
        "Diluted EPS": 0.42,
        "Total Revenue": 233,
        "Gross Profit": 176,
        "Operating Income": 16,
        "EBIT": 31,
        "Net Income": 11
    },
    "2015-09-30": {
        "Diluted EPS": 0.48,
        "Total Revenue": 229,
        "Gross Profit": 173,
        "Operating Income": 17,
        "EBIT": 32,
        "Net Income": 12
    },
    "2015-06-30": {
        "Diluted EPS": 0.47,
        "Total Revenue": 232,
        "Gross Profit": 175,
        "Operating Income": 18,
        "EBIT": 32,
        "Net Income": 12
    },
    "2015-03-31": {
        "Diluted EPS": 0.36,
        "Total Revenue": 225,
        "Gross Profit": 169,
        "Operating Income": 13,
        "EBIT": 27,
        "Net Income": 10
    },
    "2014-12-31": {
        "Diluted EPS": 0.3,
        "Total Revenue": 214,
        "Gross Profit": 159,
        "Operating Income": 11,
        "EBIT": 25,
        "Net Income": 8
    },
    "2014-09-30": {
        "Diluted EPS": 0.23,
        "Total Revenue": 206,
        "Gross Profit": 155,
        "Operating Income": 8,
        "EBIT": 22,
        "Net Income": 6
    },
    "2014-06-30": {
        "Diluted EPS": 0.28,
        "Total Revenue": 219,
        "Gross Profit": 164,
        "Operating Income": 11,
        "EBIT": 25,
        "Net Income": 8
    },
    "2014-03-31": {
        "Diluted EPS": 0.16,
        "Total Revenue": 206,
        "Gross Profit": 155,
        "Operating Income": 6,
        "EBIT": 19,
        "Net Income": 5
    },
    "2013-12-31": {
        "Diluted EPS": 0.01,
        "Total Revenue": 200,
        "Gross Profit": 149,
        "Operating Income": -2,
        "EBIT": 11,
        "Net Income": 1
    },
    "2013-09-30": {
        "Diluted EPS": 0.13,
        "Total Revenue": 188,
        "Gross Profit": 142,
        "Operating Income": 3,
        "EBIT": 16,
        "Net Income": 4
    },
    "2013-06-30": {
        "Diluted EPS": 0.3,
        "Total Revenue": 198,
        "Gross Profit": 150,
        "Operating Income": 12,
        "EBIT": 24,
        "Net Income": 9
    },
    "2013-03-31": {
        "Diluted EPS": 0.29,
        "Total Revenue": 189,
        "Gross Profit": 142,
        "Operating Income": 11,
        "EBIT": 22,
        "Net Income": 8
    },
    "2012-12-31": {
        "Diluted EPS": 0.24,
        "Total Revenue": 185,
        "Gross Profit": 139,
        "Operating Income": 8,
        "EBIT": 19,
        "Net Income": 7
    },
    "2012-09-30": {
        "Diluted EPS": 0.24,
        "Total Revenue": 175,
        "Gross Profit": 132,
        "Operating Income": 9,
        "EBIT": 19,
        "Net Income": 7
    },
    "2012-06-30": {
        "Diluted EPS": 0.31,
        "Total Revenue": 181,
        "Gross Profit": 136,
        "Operating Income": 12,
        "EBIT": 22,
        "Net Income": 9
    },
    "2012-03-31": {
        "Diluted EPS": 0.3,
        "Total Revenue": 168,
        "Gross Profit": 126,
        "Operating Income": 12,
        "EBIT": 21,
        "Net Income": 9
    },
    "2011-12-31": {
        "Diluted EPS": 0.33,
        "Total Revenue": 172,
        "Gross Profit": 130,
        "Operating Income": 13,
        "EBIT": 22,
        "Net Income": 10
    },
    "2011-09-30": {
        "Diluted EPS": 0.22,
        "Total Revenue": 151,
        "Gross Profit": 114,
        "Operating Income": 9,
        "EBIT": 17,
        "Net Income": 6
    },
    "2011-06-30": {
        "Diluted EPS": 0.28,
        "Total Revenue": 153,
        "Gross Profit": 115,
        "Operating Income": 11,
        "EBIT": 19,
        "Net Income": 8
    },
    "2011-03-31": {
        "Diluted EPS": 0.25,
        "Total Revenue": 145,
        "Gross Profit": 109,
        "Operating Income": 10,
        "EBIT": 18,
        "Net Income": 7
    },
    "2010-12-31": {
        "Diluted EPS": 0.23,
        "Total Revenue": 133,
        "Gross Profit": 100,
        "Operating Income": 8,
        "EBIT": 16,
        "Net Income": 7
    },
    "2010-09-30": {
        "Diluted EPS": 0.2,
        "Total Revenue": 129,
        "Gross Profit": 97,
        "Operating Income": 7,
        "EBIT": 15,
        "Net Income": 6
    },
    "2010-06-30": {
        "Diluted EPS": 0.23,
        "Total Revenue": 130,
        "Gross Profit": 99,
        "Operating Income": 9,
        "EBIT": 16,
        "Net Income": 6
    },
    "2010-03-31": {
        "Diluted EPS": 0.16,
        "Total Revenue": 122,
        "Gross Profit": 92,
        "Operating Income": 6,
        "EBIT": 12,
        "Net Income": 4
    },
    "2009-12-31": {
        "Diluted EPS": 0.06,
        "Total Revenue": 113,
        "Gross Profit": 85,
        "Operating Income": 4,
        "EBIT": 10,
        "Net Income": 2
    },
    "2009-09-30": {
        "Diluted EPS": 0.12,
        "Total Revenue": 104,
        "Gross Profit": 78,
        "Operating Income": 4,
        "EBIT": 11,
        "Net Income": 3
    },
    "2009-06-30": {
        "Diluted EPS": 0.16,
        "Total Revenue": 108,
        "Gross Profit": 81,
        "Operating Income": 6,
        "EBIT": 12,
        "Net Income": 4
    },
    "2009-03-31": {
        "Diluted EPS": 0.14,
        "Total Revenue": 102,
        "Gross Profit": 77,
        "Operating Income": 5,
        "EBIT": 11,
        "Net Income": 4
    },
    "2023-09-30": {
        "Tax Effect Of Unusual Items": -300300.0,
        "Tax Rate For Calcs": 0.21,
        "Normalized EBITDA": 16919000.0,
        "Total Unusual Items": -1430000.0,
        "Total Unusual Items Excluding Goodwill": -1430000.0,
        "Net Income From Continuing Operation Net Minority Interest": -3804000.0,
        "Reconciled Depreciation": 17879000.0,
        "Reconciled Cost Of Revenue": 280870000.0,
        "EBITDA": 15489000.0,
        "EBIT": -2390000.0,
        "Net Interest Income": -1013000.0,
        "Interest Expense": 1013000.0,
        "Normalized Income": -2674300.0,
        "Net Income From Continuing And Discontinued Operation": -3804000.0,
        "Total Expenses": 319601000.0,
        "Rent Expense Supplemental": 80020000.0,
        "Total Operating Income As Reported": -2387000.0,
        "Diluted Average Shares": 23542000.0,
        "Basic Average Shares": 23542000.0,
        "Diluted EPS": -0.16,
        "Basic EPS": -0.16,
        "Diluted NI Availto Com Stockholders": -3804000.0,
        "Net Income Common Stockholders": -3804000.0,
        "Net Income": -3804000.0,
        "Net Income Including Noncontrolling Interests": -3804000.0,
        "Net Income Continuous Operations": -3804000.0,
        "Tax Provision": 401000.0,
        "Pretax Income": -3403000.0,
        "Other Income Expense": -1433000.0,
        "Other Non Operating Income Expenses": -3000.0,
        "Special Income Charges": -1430000.0,
        "Gain On Sale Of Ppe": -1430000.0,
        "Net Non Operating Interest Income Expense": -1013000.0,
        "Interest Expense Non Operating": 1013000.0,
        "Operating Income": -957000.0,
        "Operating Expense": 38731000.0,
        "Other Operating Expenses": 1379000.0,
        "Depreciation Amortization Depletion Income Statement": 17879000.0,
        "Depreciation And Amortization In Income Statement": 17879000.0,
        "Selling General And Administration": 19473000.0,
        "General And Administrative Expense": 19473000.0,
        "Other Gand A": 19473000.0,
        "Gross Profit": 37774000.0,
        "Cost Of Revenue": 280870000.0,
        "Total Revenue": 318644000.0,
        "Operating Revenue": 318644000.0
    }
}