{
    "2023-06-30": {
        "Tax Effect Of Unusual Items": 0.0,
        "Tax Rate For Calcs": 0.202,
        "Total Unusual Items": NaN,
        "Total Unusual Items Excluding Goodwill": NaN,
        "Net Income From Continuing Operation Net Minority Interest": 1067000000.0,
        "Reconciled Depreciation": 379000000.0,
        "Net Interest Income": 1100000000.0,
        "Interest Expense": 4124000000.0,
        "Interest Income": 5224000000.0,
        "Normalized Income": 1067000000.0,
        "Net Income From Continuing And Discontinued Operation": 1067000000.0,
        "Diluted Average Shares": 790725000.0,
        "Basic Average Shares": 787718000.0,
        "Diluted EPS": 1.3,
        "Basic EPS": 1.31,
        "Diluted NI Availto Com Stockholders": 1031000000.0,
        "Net Income Common Stockholders": 1031000000.0,
        "Preferred Stock Dividends": 36000000.0,
        "Net Income": 1067000000.0,
        "Minority Interests": -1000000.0,
        "Net Income Including Noncontrolling Interests": 1068000000.0,
        "Net Income Continuous Operations": 1068000000.0,
        "Tax Provision": 270000000.0,
        "Pretax Income": 1338000000.0,
        "Special Income Charges": NaN,
        "Gain On Sale Of Business": NaN,
        "Other Special Charges": NaN,
        "Impairment Of Capital Assets": NaN,
        "Restructuring And Mergern Acquisition": NaN,
        "Gain On Sale Of Security": -19000000.0,
        "Depreciation Amortization Depletion Income Statement": 14000000.0,
        "Depreciation And Amortization In Income Statement": 14000000.0,
        "Amortization": 14000000.0,
        "Amortization Of Intangibles Income Statement": 14000000.0,
        "Selling General And Administration": 1718000000.0,
        "General And Administrative Expense": 1718000000.0,
        "Salaries And Wages": 1718000000.0,
        "Total Revenue": 4361000000.0,
        "Operating Revenue": 4361000000.0
    },
    "2023-03-31": {
        "Tax Effect Of Unusual Items": -1834000.0,
        "Tax Rate For Calcs": 0.262,
        "Total Unusual Items": -7000000.0,
        "Total Unusual Items Excluding Goodwill": -7000000.0,
        "Net Income From Continuing Operation Net Minority Interest": 982000000.0,
        "Reconciled Depreciation": 351000000.0,
        "Net Interest Income": 1128000000.0,
        "Interest Expense": 2814000000.0,
        "Interest Income": 3942000000.0,
        "Normalized Income": 987166000.0,
        "Net Income From Continuing And Discontinued Operation": 982000000.0,
        "Diluted Average Shares": 807718000.0,
        "Basic Average Shares": 803340000.0,
        "Diluted EPS": 1.13,
        "Basic EPS": 1.13,
        "Diluted NI Availto Com Stockholders": 911000000.0,
        "Net Income Common Stockholders": 911000000.0,
        "Preferred Stock Dividends": 71000000.0,
        "Net Income": 982000000.0,
        "Minority Interests": 0.0,
        "Net Income Including Noncontrolling Interests": 982000000.0,
        "Net Income Continuous Operations": 982000000.0,
        "Tax Provision": 306000000.0,
        "Pretax Income": 1288000000.0,
        "Special Income Charges": -7000000.0,
        "Gain On Sale Of Business": -1000000.0,
        "Other Special Charges": 6000000.0,
        "Impairment Of Capital Assets": NaN,
        "Restructuring And Mergern Acquisition": 0.0,
        "Gain On Sale Of Security": 23000000.0,
        "Depreciation Amortization Depletion Income Statement": 14000000.0,
        "Depreciation And Amortization In Income Statement": 14000000.0,
        "Amortization": 14000000.0,
        "Amortization Of Intangibles Income Statement": 14000000.0,
        "Selling General And Administration": 1791000000.0,
        "General And Administrative Expense": 1791000000.0,
        "Salaries And Wages": 1791000000.0,
        "Total Revenue": 4331000000.0,
        "Operating Revenue": 4331000000.0
    },
    "2022-12-31": {
        "Tax Effect Of Unusual Items": NaN,
        "Tax Rate For Calcs": NaN,
        "Total Unusual Items": 137000000.0,
        "Total Unusual Items Excluding Goodwill": 137000000.0,
        "Net Income From Continuing Operation Net Minority Interest": NaN,
        "Reconciled Depreciation": NaN,
        "Net Interest Income": NaN,
        "Interest Expense": NaN,
        "Interest Income": NaN,
        "Normalized Income": NaN,
        "Net Income From Continuing And Discontinued Operation": NaN,
        "Diluted Average Shares": NaN,
        "Basic Average Shares": NaN,
        "Diluted EPS": NaN,
        "Basic EPS": NaN,
        "Diluted NI Availto Com Stockholders": NaN,
        "Net Income Common Stockholders": NaN,
        "Preferred Stock Dividends": NaN,
        "Net Income": NaN,
        "Minority Interests": NaN,
        "Net Income Including Noncontrolling Interests": NaN,
        "Net Income Continuous Operations": NaN,
        "Tax Provision": NaN,
        "Pretax Income": NaN,
        "Special Income Charges": 137000000.0,
        "Gain On Sale Of Business": NaN,
        "Other Special Charges": NaN,
        "Impairment Of Capital Assets": 0.0,
        "Restructuring And Mergern Acquisition": NaN,
        "Gain On Sale Of Security": NaN,
        "Depreciation Amortization Depletion Income Statement": NaN,
        "Depreciation And Amortization In Income Statement": NaN,
        "Amortization": NaN,
        "Amortization Of Intangibles Income Statement": NaN,
        "Selling General And Administration": NaN,
        "General And Administrative Expense": NaN,
        "Salaries And Wages": NaN,
        "Total Revenue": NaN,
        "Operating Revenue": NaN
    },
    "2022-09-30": {
        "Tax Effect Of Unusual Items": NaN,
        "Tax Rate For Calcs": NaN,
        "Total Unusual Items": NaN,
        "Total Unusual Items Excluding Goodwill": NaN,
        "Net Income From Continuing Operation Net Minority Interest": NaN,
        "Reconciled Depreciation": NaN,
        "Net Interest Income": NaN,
        "Interest Expense": NaN,
        "Interest Income": NaN,
        "Normalized Income": NaN,
        "Net Income From Continuing And Discontinued Operation": NaN,
        "Diluted Average Shares": NaN,
        "Basic Average Shares": NaN,
        "Diluted EPS": NaN,
        "Basic EPS": NaN,
        "Diluted NI Availto Com Stockholders": NaN,
        "Net Income Common Stockholders": NaN,
        "Preferred Stock Dividends": NaN,
        "Net Income": NaN,
        "Minority Interests": NaN,
        "Net Income Including Noncontrolling Interests": NaN,
        "Net Income Continuous Operations": NaN,
        "Tax Provision": NaN,
        "Pretax Income": NaN,
        "Special Income Charges": NaN,
        "Gain On Sale Of Business": 37000000.0,
        "Other Special Charges": 2000000.0,
        "Impairment Of Capital Assets": 680000000.0,
        "Restructuring And Mergern Acquisition": 32000000.0,
        "Gain On Sale Of Security": NaN,
        "Depreciation Amortization Depletion Income Statement": NaN,
        "Depreciation And Amortization In Income Statement": NaN,
        "Amortization": NaN,
        "Amortization Of Intangibles Income Statement": NaN,
        "Selling General And Administration": NaN,
        "General And Administrative Expense": NaN,
        "Salaries And Wages": NaN,
        "Total Revenue": NaN,
        "Operating Revenue": NaN
    },
    "2022-06-30": {
        "Tax Effect Of Unusual Items": 0.0,
        "Tax Rate For Calcs": 0.211,
        "Total Unusual Items": NaN,
        "Total Unusual Items Excluding Goodwill": NaN,
        "Net Income From Continuing Operation Net Minority Interest": 869000000.0,
        "Reconciled Depreciation": 17000000.0,
        "Net Interest Income": 824000000.0,
        "Interest Expense": 335000000.0,
        "Interest Income": 1159000000.0,
        "Normalized Income": 869000000.0,
        "Net Income From Continuing And Discontinued Operation": 869000000.0,
        "Diluted Average Shares": 813590000.0,
        "Basic Average Shares": 810903000.0,
        "Diluted EPS": 1.03,
        "Basic EPS": 1.03,
        "Diluted NI Availto Com Stockholders": 835000000.0,
        "Net Income Common Stockholders": 835000000.0,
        "Preferred Stock Dividends": 34000000.0,
        "Net Income": 869000000.0,
        "Minority Interests": 5000000.0,
        "Net Income Including Noncontrolling Interests": 864000000.0,
        "Net Income Continuous Operations": 864000000.0,
        "Tax Provision": 231000000.0,
        "Pretax Income": 1095000000.0,
        "Special Income Charges": NaN,
        "Other Special Charges": NaN,
        "Impairment Of Capital Assets": NaN,
        "Gain On Sale Of Security": 91000000.0,
        "Depreciation Amortization Depletion Income Statement": 17000000.0,
        "Depreciation And Amortization In Income Statement": 17000000.0,
        "Amortization": 17000000.0,
        "Amortization Of Intangibles Income Statement": 17000000.0,
        "Selling General And Administration": 1623000000.0,
        "General And Administrative Expense": 1623000000.0,
        "Salaries And Wages": 1623000000.0,
        "Total Revenue": 4164000000.0,
        "Operating Revenue": 4164000000.0
    },
    "2023-09-30": {
        "Tax Effect Of Unusual Items": -8272000.0,
        "Tax Rate For Calcs": 0.188,
        "Total Unusual Items": -44000000.0,
        "Total Unusual Items Excluding Goodwill": -44000000.0,
        "Net Income From Continuing Operation Net Minority Interest": 1038000000.0,
        "Reconciled Depreciation": 392000000.0,
        "Net Interest Income": 1016000000.0,
        "Interest Expense": 4503000000.0,
        "Interest Income": 5519000000.0,
        "Normalized Income": 1073728000.0,
        "Net Income From Continuing And Discontinued Operation": 1038000000.0,
        "Diluted Average Shares": 781781000.0,
        "Basic Average Shares": 777813000.0,
        "Diluted EPS": 1.22,
        "Basic EPS": 1.23,
        "Diluted NI Availto Com Stockholders": 956000000.0,
        "Net Income Common Stockholders": 956000000.0,
        "Preferred Stock Dividends": 82000000.0,
        "Net Income": 1038000000.0,
        "Minority Interests": -3000000.0,
        "Net Income Including Noncontrolling Interests": 1041000000.0,
        "Net Income Continuous Operations": 1041000000.0,
        "Tax Provision": 241000000.0,
        "Pretax Income": 1282000000.0,
        "Special Income Charges": -44000000.0,
        "Gain On Sale Of Business": 2000000.0,
        "Other Special Charges": 5000000.0,
        "Impairment Of Capital Assets": 0.0,
        "Restructuring And Mergern Acquisition": 41000000.0,
        "Gain On Sale Of Security": -33000000.0,
        "Depreciation Amortization Depletion Income Statement": 15000000.0,
        "Depreciation And Amortization In Income Statement": 15000000.0,
        "Amortization": 15000000.0,
        "Amortization Of Intangibles Income Statement": 15000000.0,
        "Selling General And Administration": 1714000000.0,
        "General And Administrative Expense": 1714000000.0,
        "Salaries And Wages": 1714000000.0,
        "Total Revenue": 4285000000.0,
        "Operating Revenue": 4285000000.0
    },
    "2023-12-31": {
        "Tax Effect Of Unusual Items": -128000000.0,
        "Tax Rate For Calcs": 0.125,
        "Total Unusual Items": -1024000000.0,
        "Total Unusual Items Excluding Goodwill": -1024000000.0,
        "Net Income From Continuing Operation Net Minority Interest": 205000000.0,
        "Reconciled Depreciation": 626000000.0,
        "Net Interest Income": 1101000000.0,
        "Interest Expense": 4862000000.0,
        "Interest Income": 5963000000.0,
        "Normalized Income": 1101000000.0,
        "Net Income From Continuing And Discontinued Operation": 205000000.0,
        "Diluted Average Shares": 772102000.0,
        "Basic Average Shares": 767146000.0,
        "Diluted EPS": 0.33,
        "Basic EPS": 0.33,
        "Diluted NI Availto Com Stockholders": 159000000.0,
        "Net Income Common Stockholders": 159000000.0,
        "Preferred Stock Dividends": 46000000.0,
        "Net Income": 205000000.0,
        "Minority Interests": 2000000.0,
        "Net Income Including Noncontrolling Interests": 203000000.0,
        "Net Income Continuous Operations": 203000000.0,
        "Tax Provision": 29000000.0,
        "Pretax Income": 232000000.0,
        "Special Income Charges": -1024000000.0,
        "Gain On Sale Of Business": NaN,
        "Other Special Charges": 680000000.0,
        "Impairment Of Capital Assets": 0.0,
        "Restructuring And Mergern Acquisition": 200000000.0,
        "Gain On Sale Of Security": 26000000.0,
        "Depreciation Amortization Depletion Income Statement": 14000000.0,
        "Depreciation And Amortization In Income Statement": 14000000.0,
        "Amortization": 14000000.0,
        "Amortization Of Intangibles Income Statement": 14000000.0,
        "Selling General And Administration": 1631000000.0,
        "General And Administrative Expense": 1631000000.0,
        "Salaries And Wages": 1631000000.0,
        "Total Revenue": 4367000000.0,
        "Operating Revenue": 4367000000.0
    },
    "2024-03-31": {
        "Tax Effect Of Unusual Items": -8512000.0,
        "Tax Rate For Calcs": 0.224,
        "Total Unusual Items": -38000000.0,
        "Total Unusual Items Excluding Goodwill": -38000000.0,
        "Net Income From Continuing Operation Net Minority Interest": 1025000000.0,
        "Reconciled Depreciation": 468000000.0,
        "Net Interest Income": 1040000000.0,
        "Interest Expense": 5056000000.0,
        "Interest Income": 6096000000.0,
        "Normalized Income": 1054488000.0,
        "Net Income From Continuing And Discontinued Operation": 1025000000.0,
        "Diluted Average Shares": 762268000.0,
        "Basic Average Shares": 756937000.0,
        "Diluted EPS": 1.25,
        "Basic EPS": 1.26,
        "Diluted NI Availto Com Stockholders": 953000000.0,
        "Net Income Common Stockholders": 953000000.0,
        "Preferred Stock Dividends": 72000000.0,
        "Net Income": 1025000000.0,
        "Minority Interests": -2000000.0,
        "Net Income Including Noncontrolling Interests": 1027000000.0,
        "Net Income Continuous Operations": 1027000000.0,
        "Tax Provision": 297000000.0,
        "Pretax Income": 1324000000.0,
        "Special Income Charges": -38000000.0,
        "Gain On Sale Of Business": 0.0,
        "Other Special Charges": 2000000.0,
        "Impairment Of Capital Assets": NaN,
        "Restructuring And Mergern Acquisition": 36000000.0,
        "Gain On Sale Of Security": 51000000.0,
        "Depreciation Amortization Depletion Income Statement": 12000000.0,
        "Depreciation And Amortization In Income Statement": 12000000.0,
        "Amortization": 12000000.0,
        "Amortization Of Intangibles Income Statement": 12000000.0,
        "Selling General And Administration": 1821000000.0,
        "General And Administrative Expense": 1821000000.0,
        "Salaries And Wages": 1821000000.0,
        "Total Revenue": 4431000000.0,
        "Operating Revenue": 4431000000.0
    }
}