{
    "2023-03-31": {
        "Tax Effect Of Unusual Items": -189840.0,
        "Tax Rate For Calcs": 0.21,
        "Normalized EBITDA": 100654000.0,
        "Total Unusual Items": -904000.0,
        "Total Unusual Items Excluding Goodwill": -904000.0,
        "Net Income From Continuing Operation Net Minority Interest": -44549000.0,
        "Reconciled Depreciation": 86874000.0,
        "Reconciled Cost Of Revenue": 563821000.0,
        "EBITDA": 99750000.0,
        "EBIT": 12876000.0,
        "Net Interest Income": -53481000.0,
        "Interest Expense": 56867000.0,
        "Interest Income": 5326000.0,
        "Normalized Income": -43834840.0,
        "Net Income From Continuing And Discontinued Operation": -44549000.0,
        "Total Expenses": 743113000.0,
        "Rent Expense Supplemental": 46127000.0,
        "Total Operating Income As Reported": 7822000.0,
        "Diluted Average Shares": 224578000.0,
        "Basic Average Shares": 224578000.0,
        "Diluted EPS": -0.2,
        "Basic EPS": -0.2,
        "Diluted NI Availto Com Stockholders": -44549000.0,
        "Net Income Common Stockholders": -44549000.0,
        "Net Income": -44549000.0,
        "Minority Interests": 14000.0,
        "Net Income Including Noncontrolling Interests": -44563000.0,
        "Net Income Continuous Operations": -44563000.0,
        "Tax Provision": 572000.0,
        "Pretax Income": -43991000.0,
        "Other Income Expense": 1668000.0,
        "Other Non Operating Income Expenses": 3149000.0,
        "Special Income Charges": 0.0,
        "Gain On Sale Of Ppe": 0.0,
        "Write Off": NaN,
        "Impairment Of Capital Assets": 0.0,
        "Earnings From Equity Interest": -577000.0,
        "Gain On Sale Of Security": -904000.0,
        "Net Non Operating Interest Income Expense": -53481000.0,
        "Total Other Finance Cost": 1940000.0,
        "Interest Expense Non Operating": 56867000.0,
        "Interest Income Non Operating": 5326000.0,
        "Operating Income": 7822000.0,
        "Operating Expense": 177352000.0,
        "Other Operating Expenses": -2328000.0,
        "Depreciation Amortization Depletion Income Statement": 84934000.0,
        "Depreciation And Amortization In Income Statement": 84934000.0,
        "Selling General And Administration": 94746000.0,
        "General And Administrative Expense": 94746000.0,
        "Other Gand A": 48619000.0,
        "Rent And Landing Fees": 46127000.0,
        "Salaries And Wages": NaN,
        "Gross Profit": 185174000.0,
        "Cost Of Revenue": 565761000.0,
        "Total Revenue": 750935000.0,
        "Operating Revenue": 715981000.0
    },
    "2022-12-31": {
        "Tax Effect Of Unusual Items": NaN,
        "Tax Rate For Calcs": NaN,
        "Normalized EBITDA": NaN,
        "Total Unusual Items": NaN,
        "Total Unusual Items Excluding Goodwill": NaN,
        "Net Income From Continuing Operation Net Minority Interest": NaN,
        "Reconciled Depreciation": NaN,
        "Reconciled Cost Of Revenue": NaN,
        "EBITDA": NaN,
        "EBIT": NaN,
        "Net Interest Income": NaN,
        "Interest Expense": NaN,
        "Interest Income": NaN,
        "Normalized Income": NaN,
        "Net Income From Continuing And Discontinued Operation": NaN,
        "Total Expenses": NaN,
        "Rent Expense Supplemental": NaN,
        "Total Operating Income As Reported": NaN,
        "Diluted Average Shares": NaN,
        "Basic Average Shares": NaN,
        "Diluted EPS": NaN,
        "Basic EPS": NaN,
        "Diluted NI Availto Com Stockholders": NaN,
        "Net Income Common Stockholders": NaN,
        "Net Income": NaN,
        "Minority Interests": NaN,
        "Net Income Including Noncontrolling Interests": NaN,
        "Net Income Continuous Operations": NaN,
        "Tax Provision": NaN,
        "Pretax Income": NaN,
        "Other Income Expense": NaN,
        "Other Non Operating Income Expenses": NaN,
        "Special Income Charges": NaN,
        "Gain On Sale Of Ppe": NaN,
        "Write Off": NaN,
        "Impairment Of Capital Assets": 12256000.0,
        "Earnings From Equity Interest": NaN,
        "Gain On Sale Of Security": NaN,
        "Net Non Operating Interest Income Expense": NaN,
        "Total Other Finance Cost": NaN,
        "Interest Expense Non Operating": NaN,
        "Interest Income Non Operating": NaN,
        "Operating Income": NaN,
        "Operating Expense": NaN,
        "Other Operating Expenses": -4923000.0,
        "Depreciation Amortization Depletion Income Statement": NaN,
        "Depreciation And Amortization In Income Statement": NaN,
        "Selling General And Administration": NaN,
        "General And Administrative Expense": NaN,
        "Other Gand A": NaN,
        "Rent And Landing Fees": NaN,
        "Salaries And Wages": NaN,
        "Gross Profit": NaN,
        "Cost Of Revenue": NaN,
        "Total Revenue": NaN,
        "Operating Revenue": NaN
    },
    "2022-09-30": {
        "Tax Effect Of Unusual Items": NaN,
        "Tax Rate For Calcs": NaN,
        "Normalized EBITDA": NaN,
        "Total Unusual Items": NaN,
        "Total Unusual Items Excluding Goodwill": NaN,
        "Net Income From Continuing Operation Net Minority Interest": NaN,
        "Reconciled Depreciation": NaN,
        "Reconciled Cost Of Revenue": NaN,
        "EBITDA": NaN,
        "EBIT": NaN,
        "Net Interest Income": NaN,
        "Interest Expense": NaN,
        "Interest Income": NaN,
        "Normalized Income": NaN,
        "Net Income From Continuing And Discontinued Operation": NaN,
        "Total Expenses": NaN,
        "Rent Expense Supplemental": NaN,
        "Total Operating Income As Reported": NaN,
        "Diluted Average Shares": NaN,
        "Basic Average Shares": NaN,
        "Diluted EPS": NaN,
        "Basic EPS": NaN,
        "Diluted NI Availto Com Stockholders": NaN,
        "Net Income Common Stockholders": NaN,
        "Net Income": NaN,
        "Minority Interests": NaN,
        "Net Income Including Noncontrolling Interests": NaN,
        "Net Income Continuous Operations": NaN,
        "Tax Provision": NaN,
        "Pretax Income": NaN,
        "Other Income Expense": NaN,
        "Other Non Operating Income Expenses": NaN,
        "Special Income Charges": NaN,
        "Gain On Sale Of Ppe": NaN,
        "Write Off": 5688000.0,
        "Impairment Of Capital Assets": 5688000.0,
        "Earnings From Equity Interest": NaN,
        "Gain On Sale Of Security": NaN,
        "Net Non Operating Interest Income Expense": NaN,
        "Total Other Finance Cost": NaN,
        "Interest Expense Non Operating": NaN,
        "Interest Income Non Operating": NaN,
        "Operating Income": NaN,
        "Operating Expense": NaN,
        "Other Operating Expenses": NaN,
        "Depreciation Amortization Depletion Income Statement": NaN,
        "Depreciation And Amortization In Income Statement": NaN,
        "Selling General And Administration": NaN,
        "General And Administrative Expense": NaN,
        "Other Gand A": NaN,
        "Rent And Landing Fees": NaN,
        "Salaries And Wages": 3403000.0,
        "Gross Profit": NaN,
        "Cost Of Revenue": NaN,
        "Total Revenue": NaN,
        "Operating Revenue": NaN
    },
    "2022-06-30": {
        "Tax Effect Of Unusual Items": -266000.0,
        "Tax Rate For Calcs": 0.4,
        "Normalized EBITDA": 51882000.0,
        "Total Unusual Items": -665000.0,
        "Total Unusual Items Excluding Goodwill": -665000.0,
        "Net Income From Continuing Operation Net Minority Interest": -84418000.0,
        "Reconciled Depreciation": 86623000.0,
        "Reconciled Cost Of Revenue": 551052000.0,
        "EBITDA": 51217000.0,
        "EBIT": -35406000.0,
        "Net Interest Income": -48429000.0,
        "Interest Expense": 47687000.0,
        "Interest Income": 778000.0,
        "Normalized Income": -84019000.0,
        "Net Income From Continuing And Discontinued Operation": -84418000.0,
        "Total Expenses": 712554000.0,
        "Rent Expense Supplemental": 41538000.0,
        "Total Operating Income As Reported": -34048000.0,
        "Diluted Average Shares": 186761000.0,
        "Basic Average Shares": 186761000.0,
        "Diluted EPS": -0.45,
        "Basic EPS": -0.45,
        "Diluted NI Availto Com Stockholders": -84418000.0,
        "Net Income Common Stockholders": -84418000.0,
        "Net Income": -84418000.0,
        "Minority Interests": -135000.0,
        "Net Income Including Noncontrolling Interests": -84283000.0,
        "Net Income Continuous Operations": -84283000.0,
        "Tax Provision": 1190000.0,
        "Pretax Income": -83093000.0,
        "Other Income Expense": -3215000.0,
        "Other Non Operating Income Expenses": -111000.0,
        "Special Income Charges": -1638000.0,
        "Gain On Sale Of Ppe": 961000.0,
        "Other Special Charges": NaN,
        "Write Off": 2599000.0,
        "Impairment Of Capital Assets": NaN,
        "Earnings From Equity Interest": -2439000.0,
        "Gain On Sale Of Security": 973000.0,
        "Net Non Operating Interest Income Expense": -48429000.0,
        "Total Other Finance Cost": 1520000.0,
        "Interest Expense Non Operating": 47687000.0,
        "Interest Income Non Operating": 778000.0,
        "Operating Income": -31449000.0,
        "Operating Expense": 161502000.0,
        "Other Operating Expenses": -8411000.0,
        "Depreciation Amortization Depletion Income Statement": 86623000.0,
        "Depreciation And Amortization In Income Statement": 86623000.0,
        "Selling General And Administration": 83290000.0,
        "General And Administrative Expense": 83290000.0,
        "Other Gand A": 41752000.0,
        "Rent And Landing Fees": 41538000.0,
        "Salaries And Wages": NaN,
        "Gross Profit": 130053000.0,
        "Cost Of Revenue": 551052000.0,
        "Total Revenue": 681105000.0,
        "Operating Revenue": 643717000.0
    },
    "2022-03-31": {
        "Diluted EPS": -0.54,
        "Total Revenue": 678,
        "Gross Profit": 165,
        "Operating Income": -54,
        "EBIT": 33,
        "Net Income": -100
    },
    "2021-12-31": {
        "Diluted EPS": -0.39,
        "Total Revenue": 644,
        "Gross Profit": 156,
        "Operating Income": -54,
        "EBIT": 33,
        "Net Income": -82
    },
    "2021-09-30": {
        "Diluted EPS": 0.89,
        "Total Revenue": 642,
        "Gross Profit": 161,
        "Operating Income": -49,
        "EBIT": 37,
        "Net Income": 174
    },
    "2021-06-30": {
        "Diluted EPS": -0.45,
        "Total Revenue": 723,
        "Gross Profit": 172,
        "Operating Income": -52,
        "EBIT": 32,
        "Net Income": -84
    },
    "2021-03-31": {
        "Diluted EPS": -0.59,
        "Total Revenue": 749,
        "Gross Profit": 193,
        "Operating Income": -62,
        "EBIT": 24,
        "Net Income": -108
    },
    "2020-12-31": {
        "Diluted EPS": -0.23,
        "Total Revenue": 852,
        "Gross Profit": 275,
        "Operating Income": 3,
        "EBIT": 91,
        "Net Income": -44
    },
    "2020-09-30": {
        "Diluted EPS": -0.68,
        "Total Revenue": 808,
        "Gross Profit": 237,
        "Operating Income": -55,
        "EBIT": 34,
        "Net Income": -125
    },
    "2020-06-30": {
        "Diluted EPS": -0.65,
        "Total Revenue": 866,
        "Gross Profit": 260,
        "Operating Income": -60,
        "EBIT": 34,
        "Net Income": -118
    },
    "2020-03-31": {
        "Diluted EPS": 2.0,
        "Total Revenue": NaN,
        "Gross Profit": 426,
        "Operating Income": 15,
        "EBIT": 107,
        "Net Income": 370
    },
    "2019-12-31": {
        "Diluted EPS": -0.49,
        "Total Revenue": 987,
        "Gross Profit": 388,
        "Operating Income": -43,
        "EBIT": 52,
        "Net Income": -91
    },
    "2019-09-30": {
        "Diluted EPS": -0.42,
        "Total Revenue": NaN,
        "Gross Profit": 393,
        "Operating Income": -20,
        "EBIT": 74,
        "Net Income": -78
    },
    "2019-06-30": {
        "Diluted EPS": -0.3,
        "Total Revenue": NaN,
        "Gross Profit": 429,
        "Operating Income": 2,
        "EBIT": 97,
        "Net Income": -55
    },
    "2019-03-31": {
        "Diluted EPS": -0.23,
        "Total Revenue": NaN,
        "Gross Profit": 456,
        "Operating Income": 17,
        "EBIT": 114,
        "Net Income": -43
    },
    "2018-12-31": {
        "Diluted EPS": 0.71,
        "Total Revenue": NaN,
        "Gross Profit": 482,
        "Operating Income": -46,
        "EBIT": -393,
        "Net Income": 132
    },
    "2018-09-30": {
        "Diluted EPS": -0.2,
        "Total Revenue": NaN,
        "Gross Profit": 513,
        "Operating Income": 4,
        "EBIT": 119,
        "Net Income": -37
    },
    "2018-06-30": {
        "Diluted EPS": -0.88,
        "Total Revenue": NaN,
        "Gross Profit": 528,
        "Operating Income": -138,
        "EBIT": -4,
        "Net Income": -165
    },
    "2018-03-31": {
        "Diluted EPS": -2.45,
        "Total Revenue": NaN,
        "Gross Profit": 555,
        "Operating Income": -414,
        "EBIT": 133,
        "Net Income": -457
    },
    "2017-12-31": {
        "Diluted EPS": 0.08,
        "Total Revenue": NaN,
        "Gross Profit": 531,
        "Operating Income": 3,
        "EBIT": 145,
        "Net Income": 15
    },
    "2017-09-30": {
        "Diluted EPS": -2.22,
        "Total Revenue": NaN,
        "Gross Profit": 527,
        "Operating Income": -351,
        "EBIT": 136,
        "Net Income": -414
    },
    "2017-06-30": {
        "Diluted EPS": -0.25,
        "Total Revenue": NaN,
        "Gross Profit": 544,
        "Operating Income": 30,
        "EBIT": 152,
        "Net Income": -46
    },
    "2017-03-31": {
        "Diluted EPS": -0.68,
        "Total Revenue": NaN,
        "Gross Profit": 542,
        "Operating Income": 48,
        "EBIT": 195,
        "Net Income": -126
    },
    "2016-12-31": {
        "Diluted EPS": -1.45,
        "Total Revenue": NaN,
        "Gross Profit": 523,
        "Operating Income": -178,
        "EBIT": 178,
        "Net Income": -268
    },
    "2016-09-30": {
        "Diluted EPS": -0.28,
        "Total Revenue": NaN,
        "Gross Profit": 542,
        "Operating Income": 48,
        "EBIT": 203,
        "Net Income": -52
    },
    "2016-06-30": {
        "Diluted EPS": -0.19,
        "Total Revenue": NaN,
        "Gross Profit": 566,
        "Operating Income": 58,
        "EBIT": 190,
        "Net Income": -35
    },
    "2016-03-31": {
        "Diluted EPS": -0.26,
        "Total Revenue": NaN,
        "Gross Profit": 547,
        "Operating Income": 41,
        "EBIT": 167,
        "Net Income": -49
    },
    "2015-12-31": {
        "Diluted EPS": -0.94,
        "Total Revenue": NaN,
        "Gross Profit": 538,
        "Operating Income": -9,
        "EBIT": 174,
        "Net Income": -174
    },
    "2015-09-30": {
        "Diluted EPS": -0.37,
        "Total Revenue": NaN,
        "Gross Profit": 539,
        "Operating Income": 4,
        "EBIT": 162,
        "Net Income": -68
    },
    "2015-06-30": {
        "Diluted EPS": -0.46,
        "Total Revenue": NaN,
        "Gross Profit": 543,
        "Operating Income": -43,
        "EBIT": 178,
        "Net Income": -85
    },
    "2015-03-31": {
        "Diluted EPS": -0.71,
        "Total Revenue": NaN,
        "Gross Profit": 551,
        "Operating Income": -117,
        "EBIT": 100,
        "Net Income": -130
    },
    "2014-12-31": {
        "Diluted EPS": -0.73,
        "Total Revenue": NaN,
        "Gross Profit": 544,
        "Operating Income": -75,
        "EBIT": 138,
        "Net Income": -107
    },
    "2014-09-30": {
        "Diluted EPS": -0.23,
        "Total Revenue": NaN,
        "Gross Profit": 447,
        "Operating Income": -73,
        "EBIT": 97,
        "Net Income": -37
    },
    "2014-06-30": {
        "Diluted EPS": -0.03,
        "Total Revenue": 748,
        "Gross Profit": 313,
        "Operating Income": 31,
        "EBIT": 97,
        "Net Income": -3
    },
    "2014-03-31": {
        "Diluted EPS": -0.02,
        "Total Revenue": 747,
        "Gross Profit": 317,
        "Operating Income": 32,
        "EBIT": 98,
        "Net Income": -2
    },
    "2013-12-31": {
        "Diluted EPS": -0.01,
        "Total Revenue": 734,
        "Gross Profit": 312,
        "Operating Income": 30,
        "EBIT": 93,
        "Net Income": -1
    },
    "2013-09-30": {
        "Diluted EPS": -0.01,
        "Total Revenue": 729,
        "Gross Profit": 308,
        "Operating Income": 34,
        "EBIT": 99,
        "Net Income": -1
    },
    "2013-06-30": {
        "Diluted EPS": -0.04,
        "Total Revenue": 716,
        "Gross Profit": 300,
        "Operating Income": 28,
        "EBIT": 92,
        "Net Income": -5
    },
    "2013-03-31": {
        "Diluted EPS": 0.03,
        "Total Revenue": 712,
        "Gross Profit": 299,
        "Operating Income": 39,
        "EBIT": 100,
        "Net Income": 4
    },
    "2012-12-31": {
        "Diluted EPS": -0.19,
        "Total Revenue": 699,
        "Gross Profit": 282,
        "Operating Income": 12,
        "EBIT": 71,
        "Net Income": -25
    },
    "2012-09-30": {
        "Diluted EPS": -0.1,
        "Total Revenue": 696,
        "Gross Profit": 285,
        "Operating Income": 24,
        "EBIT": 84,
        "Net Income": -12
    },
    "2012-06-30": {
        "Diluted EPS": -0.16,
        "Total Revenue": 690,
        "Gross Profit": 287,
        "Operating Income": 19,
        "EBIT": 79,
        "Net Income": -19
    },
    "2012-03-31": {
        "Diluted EPS": -0.09,
        "Total Revenue": 683,
        "Gross Profit": 284,
        "Operating Income": 27,
        "EBIT": 87,
        "Net Income": -11
    },
    "2011-12-31": {
        "Diluted EPS": -0.13,
        "Total Revenue": 671,
        "Gross Profit": 281,
        "Operating Income": 18,
        "EBIT": 79,
        "Net Income": -16
    },
    "2011-09-30": {
        "Diluted EPS": -0.06,
        "Total Revenue": 616,
        "Gross Profit": 234,
        "Operating Income": 30,
        "EBIT": 90,
        "Net Income": -7
    },
    "2011-06-30": {
        "Diluted EPS": -0.28,
        "Total Revenue": 583,
        "Gross Profit": 217,
        "Operating Income": 29,
        "EBIT": 94,
        "Net Income": -34
    },
    "2011-03-31": {
        "Diluted EPS": -0.1,
        "Total Revenue": 587,
        "Gross Profit": 216,
        "Operating Income": 12,
        "EBIT": 80,
        "Net Income": -12
    },
    "2010-12-31": {
        "Diluted EPS": -0.07,
        "Total Revenue": 595,
        "Gross Profit": 234,
        "Operating Income": 18,
        "EBIT": 83,
        "Net Income": -8
    },
    "2010-09-30": {
        "Diluted EPS": -0.14,
        "Total Revenue": 576,
        "Gross Profit": 207,
        "Operating Income": 9,
        "EBIT": 78,
        "Net Income": -17
    },
    "2010-06-30": {
        "Diluted EPS": -0.08,
        "Total Revenue": 566,
        "Gross Profit": 212,
        "Operating Income": 24,
        "EBIT": 92,
        "Net Income": -10
    },
    "2010-03-31": {
        "Diluted EPS": -0.12,
        "Total Revenue": 544,
        "Gross Profit": 189,
        "Operating Income": 16,
        "EBIT": 85,
        "Net Income": -14
    },
    "2009-12-31": {
        "Diluted EPS": -0.19,
        "Total Revenue": 596,
        "Gross Profit": 257,
        "Operating Income": -4,
        "EBIT": 61,
        "Net Income": -21
    },
    "2009-09-30": {
        "Diluted EPS": -0.18,
        "Total Revenue": 506,
        "Gross Profit": 177,
        "Operating Income": 7,
        "EBIT": 69,
        "Net Income": -21
    },
    "2009-06-30": {
        "Diluted EPS": -0.1,
        "Total Revenue": 501,
        "Gross Profit": 184,
        "Operating Income": 17,
        "EBIT": 81,
        "Net Income": -11
    },
    "2009-03-31": {
        "Diluted EPS": -0.13,
        "Total Revenue": 498,
        "Gross Profit": 180,
        "Operating Income": 10,
        "EBIT": 74,
        "Net Income": -14
    },
    "2023-06-30": {
        "Tax Effect Of Unusual Items": 8779890.0,
        "Tax Rate For Calcs": 0.21,
        "Normalized EBITDA": 97996000.0,
        "Total Unusual Items": 41809000.0,
        "Total Unusual Items Excluding Goodwill": 41809000.0,
        "Net Income From Continuing Operation Net Minority Interest": -4510000.0,
        "Reconciled Depreciation": 86347000.0,
        "Reconciled Cost Of Revenue": 563218000.0,
        "EBITDA": 139805000.0,
        "EBIT": 53458000.0,
        "Net Interest Income": -53493000.0,
        "Interest Expense": 57709000.0,
        "Interest Income": 6115000.0,
        "Normalized Income": -37539110.0,
        "Net Income From Continuing And Discontinued Operation": -4510000.0,
        "Total Expenses": 741281000.0,
        "Rent Expense Supplemental": 50512000.0,
        "Total Operating Income As Reported": 41165000.0,
        "Diluted Average Shares": 225404000.0,
        "Basic Average Shares": 225404000.0,
        "Diluted EPS": -0.02,
        "Basic EPS": -0.02,
        "Diluted NI Availto Com Stockholders": -4510000.0,
        "Net Income Common Stockholders": -4510000.0,
        "Net Income": -4510000.0,
        "Minority Interests": 16000.0,
        "Net Income Including Noncontrolling Interests": -4526000.0,
        "Net Income Continuous Operations": -4526000.0,
        "Tax Provision": 275000.0,
        "Pretax Income": -4251000.0,
        "Other Income Expense": 43853000.0,
        "Other Non Operating Income Expenses": 3197000.0,
        "Special Income Charges": 36636000.0,
        "Gain On Sale Of Ppe": 37156000.0,
        "Write Off": 520000.0,
        "Impairment Of Capital Assets": NaN,
        "Earnings From Equity Interest": -1153000.0,
        "Gain On Sale Of Security": 5173000.0,
        "Net Non Operating Interest Income Expense": -53493000.0,
        "Total Other Finance Cost": 1899000.0,
        "Interest Expense Non Operating": 57709000.0,
        "Interest Income Non Operating": 6115000.0,
        "Operating Income": 5389000.0,
        "Operating Expense": 176164000.0,
        "Other Operating Expenses": -4122000.0,
        "Depreciation Amortization Depletion Income Statement": 84448000.0,
        "Depreciation And Amortization In Income Statement": 84448000.0,
        "Selling General And Administration": 95838000.0,
        "General And Administrative Expense": 95838000.0,
        "Other Gand A": 45326000.0,
        "Rent And Landing Fees": 50512000.0,
        "Salaries And Wages": 2969000.0,
        "Gross Profit": 181553000.0,
        "Cost Of Revenue": 565117000.0,
        "Total Revenue": 746670000.0,
        "Operating Revenue": 712671000.0
    },
    "2023-09-30": {
        "Tax Effect Of Unusual Items": -304419.279105,
        "Tax Rate For Calcs": 0.037011,
        "Normalized EBITDA": 103743000.0,
        "Total Unusual Items": -8225000.0,
        "Total Unusual Items Excluding Goodwill": -8225000.0,
        "Net Income From Continuing Operation Net Minority Interest": -48796000.0,
        "Reconciled Depreciation": 87842000.0,
        "Reconciled Cost Of Revenue": 570480000.0,
        "EBITDA": 95518000.0,
        "EBIT": 7676000.0,
        "Net Interest Income": -53950000.0,
        "Interest Expense": 58363000.0,
        "Interest Income": 6323000.0,
        "Normalized Income": -40875419.279105,
        "Net Income From Continuing And Discontinued Operation": -48796000.0,
        "Total Expenses": 751920000.0,
        "Rent Expense Supplemental": 53145000.0,
        "Total Operating Income As Reported": -6338000.0,
        "Diluted Average Shares": 225416000.0,
        "Basic Average Shares": 225416000.0,
        "Diluted EPS": -0.22,
        "Basic EPS": -0.22,
        "Diluted NI Availto Com Stockholders": -48796000.0,
        "Net Income Common Stockholders": -48796000.0,
        "Net Income": -48796000.0,
        "Minority Interests": 15000.0,
        "Net Income Including Noncontrolling Interests": -48811000.0,
        "Net Income Continuous Operations": -48811000.0,
        "Tax Provision": -1876000.0,
        "Pretax Income": -50687000.0,
        "Other Income Expense": 515000.0,
        "Other Non Operating Income Expenses": 10166000.0,
        "Special Income Charges": -9086000.0,
        "Gain On Sale Of Ppe": 0.0,
        "Write Off": 9086000.0,
        "Impairment Of Capital Assets": NaN,
        "Earnings From Equity Interest": -1426000.0,
        "Gain On Sale Of Security": 861000.0,
        "Net Non Operating Interest Income Expense": -53950000.0,
        "Total Other Finance Cost": 1910000.0,
        "Interest Expense Non Operating": 58363000.0,
        "Interest Income Non Operating": 6323000.0,
        "Operating Income": 2748000.0,
        "Operating Expense": 179530000.0,
        "Other Operating Expenses": -2623000.0,
        "Depreciation Amortization Depletion Income Statement": 85932000.0,
        "Depreciation And Amortization In Income Statement": 85932000.0,
        "Selling General And Administration": 96221000.0,
        "General And Administrative Expense": 96221000.0,
        "Other Gand A": 43076000.0,
        "Rent And Landing Fees": 53145000.0,
        "Salaries And Wages": 2893000.0,
        "Gross Profit": 182278000.0,
        "Cost Of Revenue": 572390000.0,
        "Total Revenue": 754668000.0,
        "Operating Revenue": 719689000.0
    },
    "2023-12-31": {
        "Tax Effect Of Unusual Items": -7785330.0,
        "Tax Rate For Calcs": 0.21,
        "Normalized EBITDA": 103844000.0,
        "Total Unusual Items": -37073000.0,
        "Total Unusual Items Excluding Goodwill": -37073000.0,
        "Net Income From Continuing Operation Net Minority Interest": -91156000.0,
        "Reconciled Depreciation": 89345000.0,
        "Reconciled Cost Of Revenue": 563910000.0,
        "EBITDA": 66771000.0,
        "EBIT": -22574000.0,
        "Net Interest Income": -55348000.0,
        "Interest Expense": 58783000.0,
        "Interest Income": 5382000.0,
        "Normalized Income": -61868330.0,
        "Net Income From Continuing And Discontinued Operation": -91156000.0,
        "Total Expenses": 747754000.0,
        "Rent Expense Supplemental": 52626000.0,
        "Total Operating Income As Reported": -24237000.0,
        "Diluted Average Shares": 225427000.0,
        "Basic Average Shares": 225427000.0,
        "Diluted EPS": -0.4,
        "Basic EPS": -0.4,
        "Diluted NI Availto Com Stockholders": -91156000.0,
        "Net Income Common Stockholders": -91156000.0,
        "Net Income": -91156000.0,
        "Minority Interests": 14000.0,
        "Net Income Including Noncontrolling Interests": -91170000.0,
        "Net Income Continuous Operations": -91170000.0,
        "Tax Provision": 9813000.0,
        "Pretax Income": -81357000.0,
        "Other Income Expense": -32738000.0,
        "Other Non Operating Income Expenses": 5175000.0,
        "Special Income Charges": -33087000.0,
        "Gain On Sale Of Ppe": 581000.0,
        "Write Off": NaN,
        "Impairment Of Capital Assets": NaN,
        "Earnings From Equity Interest": -840000.0,
        "Gain On Sale Of Security": -3986000.0,
        "Net Non Operating Interest Income Expense": -55348000.0,
        "Total Other Finance Cost": 1947000.0,
        "Interest Expense Non Operating": 58783000.0,
        "Interest Income Non Operating": 5382000.0,
        "Operating Income": 6729000.0,
        "Operating Expense": 181897000.0,
        "Other Operating Expenses": 0.0,
        "Depreciation Amortization Depletion Income Statement": 87398000.0,
        "Depreciation And Amortization In Income Statement": 87398000.0,
        "Selling General And Administration": 94499000.0,
        "General And Administrative Expense": 94499000.0,
        "Other Gand A": 41873000.0,
        "Rent And Landing Fees": 52626000.0,
        "Salaries And Wages": 3019000.0,
        "Gross Profit": 188626000.0,
        "Cost Of Revenue": 565857000.0,
        "Total Revenue": 754483000.0,
        "Operating Revenue": 719090000.0
    },
    "2024-03-31": {
        "Tax Effect Of Unusual Items": 2812.869248,
        "Tax Rate For Calcs": 0.00135,
        "Normalized EBITDA": 115197000.0,
        "Total Unusual Items": 2083000.0,
        "Total Unusual Items Excluding Goodwill": 2083000.0,
        "Net Income From Continuing Operation Net Minority Interest": -29566000.0,
        "Reconciled Depreciation": 88384000.0,
        "Reconciled Cost Of Revenue": 576265000.0,
        "EBITDA": 117280000.0,
        "EBIT": 28896000.0,
        "Net Interest Income": -55996000.0,
        "Interest Expense": 58517000.0,
        "Interest Income": 4778000.0,
        "Normalized Income": -31646187.130752,
        "Net Income From Continuing And Discontinued Operation": -29566000.0,
        "Total Expenses": 761877000.0,
        "Rent Expense Supplemental": 51496000.0,
        "Total Operating Income As Reported": 19246000.0,
        "Diluted Average Shares": 225890000.0,
        "Basic Average Shares": 225890000.0,
        "Diluted EPS": -0.13,
        "Basic EPS": -0.13,
        "Diluted NI Availto Com Stockholders": -29566000.0,
        "Net Income Common Stockholders": -29566000.0,
        "Net Income": -29566000.0,
        "Minority Interests": 15000.0,
        "Net Income Including Noncontrolling Interests": -29581000.0,
        "Net Income Continuous Operations": -29581000.0,
        "Tax Provision": -40000.0,
        "Pretax Income": -29621000.0,
        "Other Income Expense": 5421000.0,
        "Other Non Operating Income Expenses": 3338000.0,
        "Special Income Charges": -1004000.0,
        "Gain On Sale Of Ppe": 704000.0,
        "Write Off": NaN,
        "Impairment Of Capital Assets": 1708000.0,
        "Earnings From Equity Interest": 0.0,
        "Gain On Sale Of Security": 3087000.0,
        "Net Non Operating Interest Income Expense": -55996000.0,
        "Total Other Finance Cost": 2257000.0,
        "Interest Expense Non Operating": 58517000.0,
        "Interest Income Non Operating": 4778000.0,
        "Operating Income": 20954000.0,
        "Operating Expense": 183355000.0,
        "Other Operating Expenses": NaN,
        "Depreciation Amortization Depletion Income Statement": 86127000.0,
        "Depreciation And Amortization In Income Statement": 86127000.0,
        "Selling General And Administration": 97228000.0,
        "General And Administrative Expense": 97228000.0,
        "Other Gand A": 45732000.0,
        "Rent And Landing Fees": 51496000.0,
        "Salaries And Wages": NaN,
        "Gross Profit": 204309000.0,
        "Cost Of Revenue": 578522000.0,
        "Total Revenue": 782831000.0,
        "Operating Revenue": 746859000.0
    }
}