{
    "2023-04-30": {
        "Tax Effect Of Unusual Items": 0.0,
        "Tax Rate For Calcs": 0.245002,
        "Normalized EBITDA": 53730000.0,
        "Net Income From Continuing Operation Net Minority Interest": 42936000.0,
        "Reconciled Depreciation": 4853000.0,
        "Reconciled Cost Of Revenue": 149577000.0,
        "EBITDA": 53730000.0,
        "EBIT": 53730000.0,
        "Normalized Income": 42936000.0,
        "Net Income From Continuing And Discontinued Operation": 42936000.0,
        "Total Expenses": 229104000.0,
        "Total Operating Income As Reported": 53730000.0,
        "Diluted Average Shares": 49861000.0,
        "Basic Average Shares": 49513000.0,
        "Diluted EPS": 0.86,
        "Basic EPS": 0.87,
        "Diluted NI Availto Com Stockholders": 42936000.0,
        "Net Income Common Stockholders": 42936000.0,
        "Net Income": 42936000.0,
        "Net Income Including Noncontrolling Interests": 42936000.0,
        "Net Income Continuous Operations": 42936000.0,
        "Tax Provision": 13933000.0,
        "Pretax Income": 56869000.0,
        "Other Income Expense": 3139000.0,
        "Other Non Operating Income Expenses": 3139000.0,
        "Operating Income": 53730000.0,
        "Operating Expense": 79527000.0,
        "Selling General And Administration": 79527000.0,
        "Selling And Marketing Expense": 66102000.0,
        "General And Administrative Expense": 13425000.0,
        "Other Gand A": 13425000.0,
        "Gross Profit": 133257000.0,
        "Cost Of Revenue": 149577000.0,
        "Total Revenue": 282834000.0,
        "Operating Revenue": 282834000.0
    },
    "2023-01-31": {
        "Tax Effect Of Unusual Items": 0.0,
        "Tax Rate For Calcs": 0.230469,
        "Normalized EBITDA": 109937000.0,
        "Net Income From Continuing Operation Net Minority Interest": 87842000.0,
        "Reconciled Depreciation": 5265000.0,
        "Reconciled Cost Of Revenue": 188733000.0,
        "EBITDA": 109937000.0,
        "EBIT": 109937000.0,
        "Normalized Income": 87842000.0,
        "Net Income From Continuing And Discontinued Operation": 87842000.0,
        "Total Expenses": 291869000.0,
        "Total Operating Income As Reported": 109937000.0,
        "Diluted Average Shares": 49856000.0,
        "Basic Average Shares": 49435000.0,
        "Diluted EPS": 1.76,
        "Basic EPS": 1.78,
        "Diluted NI Availto Com Stockholders": 87842000.0,
        "Net Income Common Stockholders": 87842000.0,
        "Net Income": 87842000.0,
        "Net Income Including Noncontrolling Interests": 87842000.0,
        "Net Income Continuous Operations": 87842000.0,
        "Tax Provision": 26308000.0,
        "Pretax Income": 114150000.0,
        "Other Income Expense": 4213000.0,
        "Other Non Operating Income Expenses": 4213000.0,
        "Operating Income": 109937000.0,
        "Operating Expense": 103136000.0,
        "Selling General And Administration": 103136000.0,
        "Selling And Marketing Expense": 84515000.0,
        "General And Administrative Expense": 18621000.0,
        "Other Gand A": 18621000.0,
        "Gross Profit": 213073000.0,
        "Cost Of Revenue": 188733000.0,
        "Total Revenue": 401806000.0,
        "Operating Revenue": 401806000.0
    },
    "2022-10-31": {
        "Tax Effect Of Unusual Items": 0.0,
        "Tax Rate For Calcs": 0.245,
        "Normalized EBITDA": 79423000.0,
        "Net Income From Continuing Operation Net Minority Interest": 61386000.0,
        "Reconciled Depreciation": 4409000.0,
        "Reconciled Cost Of Revenue": 166940000.0,
        "EBITDA": 79423000.0,
        "EBIT": 79423000.0,
        "Normalized Income": 61386000.0,
        "Net Income From Continuing And Discontinued Operation": 61386000.0,
        "Total Expenses": 252918000.0,
        "Total Operating Income As Reported": 79423000.0,
        "Diluted Average Shares": 49604000.0,
        "Basic Average Shares": 49214000.0,
        "Diluted EPS": 1.24,
        "Basic EPS": 1.25,
        "Diluted NI Availto Com Stockholders": 61386000.0,
        "Net Income Common Stockholders": 61386000.0,
        "Net Income": 61386000.0,
        "Net Income Including Noncontrolling Interests": 61386000.0,
        "Net Income Continuous Operations": 61386000.0,
        "Tax Provision": 19920000.0,
        "Pretax Income": 81306000.0,
        "Other Income Expense": 1883000.0,
        "Other Non Operating Income Expenses": 1883000.0,
        "Operating Income": 79423000.0,
        "Operating Expense": 85978000.0,
        "Selling General And Administration": 85978000.0,
        "Selling And Marketing Expense": 74148000.0,
        "General And Administrative Expense": 11830000.0,
        "Other Gand A": 11830000.0,
        "Gross Profit": 165401000.0,
        "Cost Of Revenue": 166940000.0,
        "Total Revenue": 332341000.0,
        "Operating Revenue": 332341000.0
    },
    "2022-07-31": {
        "Tax Effect Of Unusual Items": 0.0,
        "Tax Rate For Calcs": 0.245001,
        "Normalized EBITDA": 65713000.0,
        "Net Income From Continuing Operation Net Minority Interest": 50144000.0,
        "Reconciled Depreciation": 4693000.0,
        "Reconciled Cost Of Revenue": 156607000.0,
        "EBITDA": 65713000.0,
        "EBIT": 65713000.0,
        "Normalized Income": 50144000.0,
        "Net Income From Continuing And Discontinued Operation": 50144000.0,
        "Total Expenses": 236263000.0,
        "Total Operating Income As Reported": 65713000.0,
        "Diluted Average Shares": 49535000.0,
        "Basic Average Shares": 49214000.0,
        "Diluted EPS": 1.01,
        "Basic EPS": 1.02,
        "Diluted NI Availto Com Stockholders": 50144000.0,
        "Net Income Common Stockholders": 50144000.0,
        "Net Income": 50144000.0,
        "Net Income Including Noncontrolling Interests": 50144000.0,
        "Net Income Continuous Operations": 50144000.0,
        "Tax Provision": 16272000.0,
        "Pretax Income": 66416000.0,
        "Other Income Expense": 703000.0,
        "Other Non Operating Income Expenses": 703000.0,
        "Operating Income": 65713000.0,
        "Operating Expense": 79656000.0,
        "Selling General And Administration": 79656000.0,
        "Selling And Marketing Expense": 67982000.0,
        "General And Administrative Expense": 11674000.0,
        "Other Gand A": 11674000.0,
        "Gross Profit": 145369000.0,
        "Cost Of Revenue": 156607000.0,
        "Total Revenue": 301976000.0,
        "Operating Revenue": 301976000.0
    },
    "2022-04-30": {
        "Diluted EPS": 1.12,
        "Total Revenue": 309,
        "Gross Profit": 152,
        "Operating Income": 73,
        "EBIT": 80,
        "Net Income": 55
    },
    "2022-01-31": {
        "Diluted EPS": 1.7,
        "Total Revenue": 381,
        "Gross Profit": 202,
        "Operating Income": 110,
        "EBIT": 116,
        "Net Income": 84
    },
    "2021-10-31": {
        "Diluted EPS": 1.26,
        "Total Revenue": 319,
        "Gross Profit": 161,
        "Operating Income": 82,
        "EBIT": 89,
        "Net Income": 62
    },
    "2021-07-31": {
        "Diluted EPS": 1.04,
        "Total Revenue": 295,
        "Gross Profit": 142,
        "Operating Income": 68,
        "EBIT": 75,
        "Net Income": 51
    },
    "2021-04-30": {
        "Diluted EPS": 1.16,
        "Total Revenue": 299,
        "Gross Profit": 148,
        "Operating Income": 76,
        "EBIT": 83,
        "Net Income": 57
    },
    "2021-01-31": {
        "Diluted EPS": 1.34,
        "Total Revenue": 319,
        "Gross Profit": 164,
        "Operating Income": 85,
        "EBIT": 92,
        "Net Income": 66
    },
    "2020-10-31": {
        "Diluted EPS": 0.85,
        "Total Revenue": 251,
        "Gross Profit": 117,
        "Operating Income": 54,
        "EBIT": 60,
        "Net Income": 42
    },
    "2020-07-31": {
        "Diluted EPS": 0.71,
        "Total Revenue": 216,
        "Gross Profit": 93,
        "Operating Income": 46,
        "EBIT": 53,
        "Net Income": 35
    },
    "2020-04-30": {
        "Diluted EPS": -0.24,
        "Total Revenue": 115,
        "Gross Profit": 27,
        "Operating Income": -16,
        "EBIT": -10,
        "Net Income": -12
    },
    "2020-01-31": {
        "Diluted EPS": 0.96,
        "Total Revenue": 271,
        "Gross Profit": 129,
        "Operating Income": 60,
        "EBIT": 66,
        "Net Income": 47
    },
    "2019-10-31": {
        "Diluted EPS": 0.53,
        "Total Revenue": 224,
        "Gross Profit": 94,
        "Operating Income": 33,
        "EBIT": 39,
        "Net Income": 26
    },
    "2019-07-31": {
        "Diluted EPS": 0.34,
        "Total Revenue": 204,
        "Gross Profit": 79,
        "Operating Income": 20,
        "EBIT": 27,
        "Net Income": 16
    },
    "2019-04-30": {
        "Diluted EPS": 0.31,
        "Total Revenue": 201,
        "Gross Profit": 77,
        "Operating Income": 19,
        "EBIT": 26,
        "Net Income": 15
    },
    "2019-01-31": {
        "Diluted EPS": 0.85,
        "Total Revenue": 264,
        "Gross Profit": 121,
        "Operating Income": 51,
        "EBIT": 59,
        "Net Income": 41
    },
    "2018-10-31": {
        "Diluted EPS": 0.42,
        "Total Revenue": 215,
        "Gross Profit": 86,
        "Operating Income": 26,
        "EBIT": 33,
        "Net Income": 20
    },
    "2018-07-31": {
        "Diluted EPS": 0.32,
        "Total Revenue": 201,
        "Gross Profit": 79,
        "Operating Income": 20,
        "EBIT": 29,
        "Net Income": 16
    },
    "2018-04-30": {
        "Diluted EPS": 0.38,
        "Total Revenue": 205,
        "Gross Profit": 80,
        "Operating Income": 23,
        "EBIT": 32,
        "Net Income": 18
    },
    "2018-01-31": {
        "Diluted EPS": 0.86,
        "Total Revenue": 281,
        "Gross Profit": 133,
        "Operating Income": 61,
        "EBIT": 69,
        "Net Income": 42
    },
    "2017-10-31": {
        "Diluted EPS": 0.41,
        "Total Revenue": 224,
        "Gross Profit": 91,
        "Operating Income": 31,
        "EBIT": 39,
        "Net Income": 20
    },
    "2017-07-31": {
        "Diluted EPS": 0.24,
        "Total Revenue": 196,
        "Gross Profit": 74,
        "Operating Income": 17,
        "EBIT": 27,
        "Net Income": 11
    },
    "2017-04-30": {
        "Diluted EPS": 0.34,
        "Total Revenue": 212,
        "Gross Profit": 82,
        "Operating Income": 25,
        "EBIT": 35,
        "Net Income": 16
    },
    "2017-01-31": {
        "Diluted EPS": 0.75,
        "Total Revenue": 280,
        "Gross Profit": 126,
        "Operating Income": 55,
        "EBIT": 65,
        "Net Income": 36
    },
    "2016-10-31": {
        "Diluted EPS": 0.48,
        "Total Revenue": 239,
        "Gross Profit": 97,
        "Operating Income": 37,
        "EBIT": 46,
        "Net Income": 23
    },
    "2016-07-31": {
        "Diluted EPS": 0.32,
        "Total Revenue": 212,
        "Gross Profit": 80,
        "Operating Income": 24,
        "EBIT": 34,
        "Net Income": 15
    },
    "2016-04-30": {
        "Diluted EPS": 0.48,
        "Total Revenue": 244,
        "Gross Profit": 95,
        "Operating Income": 36,
        "EBIT": 46,
        "Net Income": 23
    },
    "2016-01-31": {
        "Diluted EPS": 1.13,
        "Total Revenue": 332,
        "Gross Profit": 156,
        "Operating Income": 83,
        "EBIT": 94,
        "Net Income": 54
    },
    "2015-10-31": {
        "Diluted EPS": 0.74,
        "Total Revenue": 280,
        "Gross Profit": 117,
        "Operating Income": 56,
        "EBIT": 64,
        "Net Income": 36
    },
    "2015-07-31": {
        "Diluted EPS": 0.49,
        "Total Revenue": 236,
        "Gross Profit": 95,
        "Operating Income": 37,
        "EBIT": 47,
        "Net Income": 23
    },
    "2015-04-30": {
        "Diluted EPS": 0.7,
        "Total Revenue": 271,
        "Gross Profit": 114,
        "Operating Income": 53,
        "EBIT": 63,
        "Net Income": 34
    },
    "2015-01-31": {
        "Diluted EPS": 1.25,
        "Total Revenue": 354,
        "Gross Profit": 167,
        "Operating Income": 94,
        "EBIT": 103,
        "Net Income": 60
    },
    "2014-10-31": {
        "Diluted EPS": 0.84,
        "Total Revenue": 292,
        "Gross Profit": 128,
        "Operating Income": 65,
        "EBIT": 74,
        "Net Income": 41
    },
    "2014-07-31": {
        "Diluted EPS": 0.51,
        "Total Revenue": 236,
        "Gross Profit": 95,
        "Operating Income": 39,
        "EBIT": 49,
        "Net Income": 24
    },
    "2014-04-30": {
        "Diluted EPS": 0.78,
        "Total Revenue": 272,
        "Gross Profit": 117,
        "Operating Income": 59,
        "EBIT": 69,
        "Net Income": 37
    },
    "2014-01-31": {
        "Diluted EPS": 1.24,
        "Total Revenue": 339,
        "Gross Profit": 161,
        "Operating Income": 94,
        "EBIT": 101,
        "Net Income": 59
    },
    "2013-10-31": {
        "Diluted EPS": 0.85,
        "Total Revenue": 287,
        "Gross Profit": 126,
        "Operating Income": 64,
        "EBIT": 75,
        "Net Income": 41
    },
    "2013-07-31": {
        "Diluted EPS": 0.52,
        "Total Revenue": 233,
        "Gross Profit": 94,
        "Operating Income": 39,
        "EBIT": 50,
        "Net Income": 25
    },
    "2013-04-30": {
        "Diluted EPS": 0.78,
        "Total Revenue": 270,
        "Gross Profit": 117,
        "Operating Income": 59,
        "EBIT": 70,
        "Net Income": 38
    },
    "2013-01-31": {
        "Diluted EPS": 1.28,
        "Total Revenue": 361,
        "Gross Profit": 173,
        "Operating Income": 98,
        "EBIT": 109,
        "Net Income": 61
    },
    "2012-10-31": {
        "Diluted EPS": 0.88,
        "Total Revenue": 284,
        "Gross Profit": 125,
        "Operating Income": 66,
        "EBIT": 77,
        "Net Income": 42
    },
    "2012-07-31": {
        "Diluted EPS": 0.49,
        "Total Revenue": 215,
        "Gross Profit": 87,
        "Operating Income": 36,
        "EBIT": 47,
        "Net Income": 23
    },
    "2012-04-30": {
        "Diluted EPS": 0.79,
        "Total Revenue": 264,
        "Gross Profit": 114,
        "Operating Income": 58,
        "EBIT": 68,
        "Net Income": 38
    },
    "2012-01-31": {
        "Diluted EPS": 1.18,
        "Total Revenue": 337,
        "Gross Profit": 160,
        "Operating Income": 88,
        "EBIT": 99,
        "Net Income": 56
    },
    "2011-10-31": {
        "Diluted EPS": 0.81,
        "Total Revenue": 273,
        "Gross Profit": 119,
        "Operating Income": 60,
        "EBIT": 70,
        "Net Income": 38
    },
    "2011-07-31": {
        "Diluted EPS": 0.5,
        "Total Revenue": 212,
        "Gross Profit": 87,
        "Operating Income": 37,
        "EBIT": 46,
        "Net Income": 24
    },
    "2011-04-30": {
        "Diluted EPS": 0.71,
        "Total Revenue": 240,
        "Gross Profit": 103,
        "Operating Income": 51,
        "EBIT": 60,
        "Net Income": 33
    },
    "2011-01-31": {
        "Diluted EPS": 1.05,
        "Total Revenue": 303,
        "Gross Profit": 144,
        "Operating Income": 78,
        "EBIT": 88,
        "Net Income": 49
    },
    "2010-10-31": {
        "Diluted EPS": 0.73,
        "Total Revenue": 243,
        "Gross Profit": 106,
        "Operating Income": 54,
        "EBIT": 63,
        "Net Income": 34
    },
    "2010-07-31": {
        "Diluted EPS": 0.44,
        "Total Revenue": 189,
        "Gross Profit": 75,
        "Operating Income": 33,
        "EBIT": 40,
        "Net Income": 21
    },
    "2010-04-30": {
        "Diluted EPS": 0.64,
        "Total Revenue": 215,
        "Gross Profit": 93,
        "Operating Income": 46,
        "EBIT": 54,
        "Net Income": 30
    },
    "2010-01-31": {
        "Diluted EPS": 0.9,
        "Total Revenue": 274,
        "Gross Profit": 130,
        "Operating Income": 68,
        "EBIT": 77,
        "Net Income": 42
    },
    "2009-10-31": {
        "Diluted EPS": 0.71,
        "Total Revenue": 231,
        "Gross Profit": 102,
        "Operating Income": 52,
        "EBIT": 59,
        "Net Income": 33
    },
    "2009-07-31": {
        "Diluted EPS": 0.54,
        "Total Revenue": 193,
        "Gross Profit": 82,
        "Operating Income": 38,
        "EBIT": 45,
        "Net Income": 25
    },
    "2009-04-30": {
        "Diluted EPS": 0.58,
        "Total Revenue": 200,
        "Gross Profit": 87,
        "Operating Income": 42,
        "EBIT": 48,
        "Net Income": 27
    },
    "2009-01-31": {
        "Diluted EPS": 0.74,
        "Total Revenue": 251,
        "Gross Profit": 116,
        "Operating Income": 56,
        "EBIT": 63,
        "Net Income": 34
    },
    "2023-07-31": {
        "Tax Effect Of Unusual Items": 0.0,
        "Tax Rate For Calcs": 0.245046,
        "Normalized EBITDA": 56761000.0,
        "Net Income From Continuing Operation Net Minority Interest": 45640000.0,
        "Reconciled Depreciation": NaN,
        "Reconciled Cost Of Revenue": 154016000.0,
        "EBITDA": 56761000.0,
        "EBIT": 56761000.0,
        "Normalized Income": 45640000.0,
        "Net Income From Continuing And Discontinued Operation": 45640000.0,
        "Total Expenses": 235667000.0,
        "Total Operating Income As Reported": 56761000.0,
        "Diluted Average Shares": 49875000.0,
        "Basic Average Shares": 49513000.0,
        "Diluted EPS": 0.92,
        "Basic EPS": 0.92,
        "Diluted NI Availto Com Stockholders": 45640000.0,
        "Net Income Common Stockholders": 45640000.0,
        "Net Income": 45640000.0,
        "Net Income Including Noncontrolling Interests": 45640000.0,
        "Net Income Continuous Operations": 45640000.0,
        "Tax Provision": 14814000.0,
        "Pretax Income": 60454000.0,
        "Other Income Expense": 3693000.0,
        "Other Non Operating Income Expenses": 3693000.0,
        "Operating Income": 56761000.0,
        "Operating Expense": 81651000.0,
        "Selling General And Administration": 81651000.0,
        "Selling And Marketing Expense": 68737000.0,
        "General And Administrative Expense": 12914000.0,
        "Other Gand A": 12914000.0,
        "Gross Profit": 138412000.0,
        "Cost Of Revenue": 154016000.0,
        "Total Revenue": 292428000.0,
        "Operating Revenue": 292428000.0
    }
}