{
    "2023-03-31": {
        "Tax Effect Of Unusual Items": 0.0,
        "Tax Rate For Calcs": 0.111279,
        "Normalized EBITDA": 237200000.0,
        "Net Income From Continuing Operation Net Minority Interest": 114100000.0,
        "Reconciled Depreciation": 61643000.0,
        "Reconciled Cost Of Revenue": 684700000.0,
        "EBIT": 175600000.0,
        "Net Interest Income": -43500000.0,
        "Interest Expense": 43500000.0,
        "Interest Income": 561000.0,
        "Normalized Income": 114100000.0,
        "Net Income From Continuing And Discontinued Operation": 114100000.0,
        "Total Expenses": 746300000.0,
        "Total Operating Income As Reported": 174900000.0,
        "Diluted Average Shares": 66132000.0,
        "Basic Average Shares": 66036000.0,
        "Diluted EPS": 1.73,
        "Basic EPS": 1.73,
        "Diluted NI Availto Com Stockholders": 114100000.0,
        "Net Income Common Stockholders": 114100000.0,
        "Net Income": 114100000.0,
        "Minority Interests": -3300000.0,
        "Net Income Including Noncontrolling Interests": 117400000.0,
        "Net Income Continuous Operations": 117400000.0,
        "Tax Provision": 14700000.0,
        "Pretax Income": 132100000.0,
        "Other Income Expense": 700000.0,
        "Other Non Operating Income Expenses": 700000.0,
        "Net Non Operating Interest Income Expense": -43500000.0,
        "Interest Expense Non Operating": 43500000.0,
        "Interest Income Non Operating": 561000.0,
        "Operating Income": 174900000.0,
        "Operating Expense": 61600000.0,
        "Other Operating Expenses": NaN,
        "Other Taxes": 17378000.0,
        "Depreciation Amortization Depletion Income Statement": 61600000.0,
        "Gross Profit": 236500000.0,
        "Cost Of Revenue": 684700000.0,
        "Total Revenue": 921200000.0,
        "Operating Revenue": 921200000.0
    },
    "2022-12-31": {
        "Tax Effect Of Unusual Items": 0.0,
        "Tax Rate For Calcs": 0.109,
        "Normalized EBITDA": 129000000.0,
        "Net Income From Continuing Operation Net Minority Interest": 72500000.0,
        "Reconciled Depreciation": 62299000.0,
        "Reconciled Cost Of Revenue": 581799000.0,
        "EBIT": 129000000.0,
        "Net Interest Income": -43700000.0,
        "Interest Expense": 43700000.0,
        "Interest Income": 469000.0,
        "Normalized Income": 72500000.0,
        "Net Income From Continuing And Discontinued Operation": 72500000.0,
        "Total Expenses": 600000.0,
        "Total Operating Income As Reported": 130000000.0,
        "Diluted Average Shares": 65428000.0,
        "Basic Average Shares": 65264000.0,
        "Diluted EPS": 1.11,
        "Basic EPS": 1.11,
        "Diluted NI Availto Com Stockholders": 72500000.0,
        "Net Income Common Stockholders": 72500000.0,
        "Net Income": 72500000.0,
        "Minority Interests": -3600000.0,
        "Net Income Including Noncontrolling Interests": 76100000.0,
        "Net Income Continuous Operations": 76000000.0,
        "Tax Provision": 9300000.0,
        "Pretax Income": 85300000.0,
        "Other Income Expense": -1000000.0,
        "Other Non Operating Income Expenses": -1000000.0,
        "Net Non Operating Interest Income Expense": -43700000.0,
        "Interest Expense Non Operating": 43700000.0,
        "Interest Income Non Operating": 469000.0,
        "Operating Income": 130000000.0,
        "Operating Expense": 600000.0,
        "Other Operating Expenses": 600000.0,
        "Other Taxes": 17318000.0,
        "Depreciation Amortization Depletion Income Statement": 62299000.0,
        "Gross Profit": 209640000.0,
        "Cost Of Revenue": 581799000.0,
        "Total Revenue": 130600000.0,
        "Operating Revenue": 130600000.0
    },
    "2022-09-30": {
        "Tax Effect Of Unusual Items": 0.0,
        "Tax Rate For Calcs": 0.052,
        "Normalized EBITDA": 144000000.0,
        "Net Income From Continuing Operation Net Minority Interest": 34900000.0,
        "Reconciled Depreciation": 64019000.0,
        "Reconciled Cost Of Revenue": 319100000.0,
        "EBIT": 80000000.0,
        "Net Interest Income": -40000000.0,
        "Interest Expense": 40000000.0,
        "Interest Income": 561000.0,
        "Normalized Income": 34900000.0,
        "Net Income From Continuing And Discontinued Operation": 34900000.0,
        "Total Expenses": 383100000.0,
        "Total Operating Income As Reported": 79500000.0,
        "Diluted Average Shares": 65061000.0,
        "Basic Average Shares": 64876000.0,
        "Diluted EPS": 0.54,
        "Basic EPS": 0.54,
        "Diluted NI Availto Com Stockholders": 35000000.0,
        "Net Income Common Stockholders": 35000000.0,
        "Net Income": 34900000.0,
        "Minority Interests": -2900000.0,
        "Net Income Including Noncontrolling Interests": 37800000.0,
        "Net Income Continuous Operations": 37900000.0,
        "Tax Provision": 2100000.0,
        "Pretax Income": 40000000.0,
        "Other Income Expense": 500000.0,
        "Other Non Operating Income Expenses": 500000.0,
        "Net Non Operating Interest Income Expense": -40000000.0,
        "Interest Expense Non Operating": 40000000.0,
        "Interest Income Non Operating": 561000.0,
        "Operating Income": 79500000.0,
        "Operating Expense": 64000000.0,
        "Other Operating Expenses": NaN,
        "Other Taxes": 16130000.0,
        "Depreciation Amortization Depletion Income Statement": 64000000.0,
        "Gross Profit": 143500000.0,
        "Cost Of Revenue": 319100000.0,
        "Total Revenue": 462600000.0,
        "Operating Revenue": 462600000.0
    },
    "2022-06-30": {
        "Tax Effect Of Unusual Items": 0.0,
        "Tax Rate For Calcs": 0.4,
        "Normalized EBITDA": 138100000.0,
        "Net Income From Continuing Operation Net Minority Interest": 33400000.0,
        "Reconciled Depreciation": 64128000.0,
        "Reconciled Cost Of Revenue": 337700000.0,
        "EBIT": 74000000.0,
        "Net Interest Income": -38800000.0,
        "Interest Expense": 38800000.0,
        "Interest Income": 289000.0,
        "Normalized Income": 33400000.0,
        "Net Income From Continuing And Discontinued Operation": 33400000.0,
        "Total Expenses": 401800000.0,
        "Total Operating Income As Reported": 72400000.0,
        "Diluted Average Shares": 64883000.0,
        "Basic Average Shares": 64721000.0,
        "Diluted EPS": 0.52,
        "Basic EPS": 0.52,
        "Diluted NI Availto Com Stockholders": 33400000.0,
        "Net Income Common Stockholders": 33400000.0,
        "Net Income": 33400000.0,
        "Minority Interests": -2400000.0,
        "Net Income Including Noncontrolling Interests": 35800000.0,
        "Net Income Continuous Operations": 35900000.0,
        "Tax Provision": -700000.0,
        "Pretax Income": 35200000.0,
        "Other Income Expense": 1600000.0,
        "Other Non Operating Income Expenses": 1600000.0,
        "Net Non Operating Interest Income Expense": -38800000.0,
        "Interest Expense Non Operating": 38800000.0,
        "Interest Income Non Operating": 289000.0,
        "Operating Income": 72400000.0,
        "Operating Expense": 64100000.0,
        "Other Operating Expenses": NaN,
        "Other Taxes": 16539000.0,
        "Depreciation Amortization Depletion Income Statement": 64100000.0,
        "Gross Profit": 136500000.0,
        "Cost Of Revenue": 337700000.0,
        "Total Revenue": 474200000.0,
        "Operating Revenue": 474200000.0
    },
    "2023-06-30": {
        "Tax Effect Of Unusual Items": 0.0,
        "Tax Rate For Calcs": 0.298,
        "Normalized EBITDA": 126800000.0,
        "Net Income From Continuing Operation Net Minority Interest": 23000000.0,
        "Reconciled Depreciation": NaN,
        "Reconciled Cost Of Revenue": 283000000.0,
        "EBIT": 62100000.0,
        "Net Interest Income": -41500000.0,
        "Interest Expense": 41500000.0,
        "Interest Income": NaN,
        "Normalized Income": 23000000.0,
        "Net Income From Continuing And Discontinued Operation": 23000000.0,
        "Total Expenses": 347700000.0,
        "Total Operating Income As Reported": 63500000.0,
        "Diluted Average Shares": 66684000.0,
        "Basic Average Shares": 66591000.0,
        "Diluted EPS": 0.35,
        "Basic EPS": 0.35,
        "Diluted NI Availto Com Stockholders": 23100000.0,
        "Net Income Common Stockholders": 23100000.0,
        "Net Income": 23000000.0,
        "Minority Interests": -3500000.0,
        "Net Income Including Noncontrolling Interests": 26500000.0,
        "Net Income Continuous Operations": 26700000.0,
        "Tax Provision": -6100000.0,
        "Pretax Income": 20600000.0,
        "Other Income Expense": -1500000.0,
        "Other Non Operating Income Expenses": -1500000.0,
        "Net Non Operating Interest Income Expense": -41500000.0,
        "Interest Expense Non Operating": 41500000.0,
        "Interest Income Non Operating": NaN,
        "Operating Income": 63600000.0,
        "Operating Expense": 64700000.0,
        "Other Operating Expenses": NaN,
        "Other Taxes": NaN,
        "Depreciation Amortization Depletion Income Statement": 64700000.0,
        "Gross Profit": 128300000.0,
        "Cost Of Revenue": 283000000.0,
        "Total Revenue": 411300000.0,
        "Operating Revenue": 411300000.0
    },
    "2022-03-31": {
        "Diluted EPS": 1.82,
        "Total Revenue": 824,
        "Gross Profit": 387,
        "Operating Income": 173,
        "EBIT": 236,
        "Net Income": 118
    },
    "2021-12-31": {
        "Diluted EPS": 1.1,
        "Total Revenue": 563,
        "Gross Profit": 316,
        "Operating Income": 114,
        "EBIT": 178,
        "Net Income": 71
    },
    "2021-09-30": {
        "Diluted EPS": 0.7,
        "Total Revenue": 381,
        "Gross Profit": 287,
        "Operating Income": 90,
        "EBIT": 149,
        "Net Income": 44
    },
    "2021-06-30": {
        "Diluted EPS": 0.4,
        "Total Revenue": 373,
        "Gross Profit": 264,
        "Operating Income": 67,
        "EBIT": 128,
        "Net Income": 25
    },
    "2021-03-31": {
        "Diluted EPS": 1.54,
        "Total Revenue": 633,
        "Gross Profit": 340,
        "Operating Income": 138,
        "EBIT": 198,
        "Net Income": 96
    },
    "2020-12-31": {
        "Diluted EPS": 1.23,
        "Total Revenue": 486,
        "Gross Profit": 325,
        "Operating Income": 126,
        "EBIT": 183,
        "Net Income": 77
    },
    "2020-09-30": {
        "Diluted EPS": 0.58,
        "Total Revenue": 347,
        "Gross Profit": 275,
        "Operating Income": 82,
        "EBIT": 140,
        "Net Income": 36
    },
    "2020-06-30": {
        "Diluted EPS": 0.33,
        "Total Revenue": 327,
        "Gross Profit": 255,
        "Operating Income": 67,
        "EBIT": 126,
        "Net Income": 21
    },
    "2020-03-31": {
        "Diluted EPS": 1.51,
        "Total Revenue": 537,
        "Gross Profit": 349,
        "Operating Income": 153,
        "EBIT": 212,
        "Net Income": 93
    },
    "2019-12-31": {
        "Diluted EPS": 1.12,
        "Total Revenue": 478,
        "Gross Profit": 320,
        "Operating Income": 121,
        "EBIT": 177,
        "Net Income": 69
    },
    "2019-09-30": {
        "Diluted EPS": 0.19,
        "Total Revenue": 326,
        "Gross Profit": 252,
        "Operating Income": 71,
        "EBIT": 125,
        "Net Income": 12
    },
    "2019-06-30": {
        "Diluted EPS": 0.24,
        "Total Revenue": 334,
        "Gross Profit": 244,
        "Operating Income": 54,
        "EBIT": 108,
        "Net Income": 15
    },
    "2019-03-31": {
        "Diluted EPS": 1.73,
        "Total Revenue": 598,
        "Gross Profit": 348,
        "Operating Income": 160,
        "EBIT": 213,
        "Net Income": 104
    },
    "2018-12-31": {
        "Diluted EPS": 1.49,
        "Total Revenue": 501,
        "Gross Profit": 308,
        "Operating Income": 114,
        "EBIT": 166,
        "Net Income": 87
    },
    "2018-09-30": {
        "Diluted EPS": 0.31,
        "Total Revenue": 322,
        "Gross Profit": 242,
        "Operating Income": 65,
        "EBIT": 116,
        "Net Income": 17
    },
    "2018-06-30": {
        "Diluted EPS": 0.4,
        "Total Revenue": 356,
        "Gross Profit": 251,
        "Operating Income": 70,
        "EBIT": 120,
        "Net Income": 22
    },
    "2018-03-31": {
        "Diluted EPS": 2.46,
        "Total Revenue": 575,
        "Gross Profit": 328,
        "Operating Income": 148,
        "EBIT": 199,
        "Net Income": 133
    },
    "2017-12-31": {
        "Diluted EPS": 0.92,
        "Total Revenue": 455,
        "Gross Profit": 296,
        "Operating Income": 117,
        "EBIT": 167,
        "Net Income": 51
    },
    "2017-09-30": {
        "Diluted EPS": 0.5,
        "Total Revenue": 336,
        "Gross Profit": 249,
        "Operating Income": 80,
        "EBIT": 129,
        "Net Income": 28
    },
    "2017-06-30": {
        "Diluted EPS": 0.4,
        "Total Revenue": 342,
        "Gross Profit": 244,
        "Operating Income": 70,
        "EBIT": 119,
        "Net Income": 22
    },
    "2017-03-31": {
        "Diluted EPS": 1.39,
        "Total Revenue": 548,
        "Gross Profit": 328,
        "Operating Income": 150,
        "EBIT": 199,
        "Net Income": 77
    },
    "2016-12-31": {
        "Diluted EPS": 0.33,
        "Total Revenue": 430,
        "Gross Profit": 267,
        "Operating Income": 169,
        "EBIT": 206,
        "Net Income": 18
    },
    "2016-09-30": {
        "Diluted EPS": 0.26,
        "Total Revenue": 334,
        "Gross Profit": 254,
        "Operating Income": 58,
        "EBIT": 108,
        "Net Income": 14
    },
    "2016-06-30": {
        "Diluted EPS": 0.01,
        "Total Revenue": 325,
        "Gross Profit": 241,
        "Operating Income": 35,
        "EBIT": 84,
        "Net Income": 1
    },
    "2016-03-31": {
        "Diluted EPS": 0.77,
        "Total Revenue": 450,
        "Gross Profit": 278,
        "Operating Income": 74,
        "EBIT": 120,
        "Net Income": 40
    },
    "2015-12-31": {
        "Diluted EPS": -0.31,
        "Total Revenue": 275,
        "Gross Profit": 169,
        "Operating Income": 271,
        "EBIT": 284,
        "Net Income": -14
    },
    "2015-09-30": {
        "Diluted EPS": -0.22,
        "Total Revenue": 272,
        "Gross Profit": 200,
        "Operating Income": -2,
        "EBIT": 38,
        "Net Income": -10
    },
    "2015-06-30": {
        "Diluted EPS": -0.94,
        "Total Revenue": 272,
        "Gross Profit": 198,
        "Operating Income": -39,
        "EBIT": 2,
        "Net Income": -42
    },
    "2015-03-31": {
        "Diluted EPS": 0.76,
        "Total Revenue": 442,
        "Gross Profit": 237,
        "Operating Income": 71,
        "EBIT": 110,
        "Net Income": 34
    },
    "2014-12-31": {
        "Diluted EPS": 0.77,
        "Total Revenue": 378,
        "Gross Profit": 213,
        "Operating Income": 71,
        "EBIT": 108,
        "Net Income": 35
    },
    "2014-09-30": {
        "Diluted EPS": 0.61,
        "Total Revenue": 272,
        "Gross Profit": 187,
        "Operating Income": 55,
        "EBIT": 92,
        "Net Income": 27
    },
    "2014-06-30": {
        "Diluted EPS": 0.46,
        "Total Revenue": 283,
        "Gross Profit": 182,
        "Operating Income": 47,
        "EBIT": 84,
        "Net Income": 20
    },
    "2014-03-31": {
        "Diluted EPS": 1.09,
        "Total Revenue": 460,
        "Gross Profit": 230,
        "Operating Income": 90,
        "EBIT": 126,
        "Net Income": 49
    },
    "2013-12-31": {
        "Diluted EPS": 0.46,
        "Total Revenue": 355,
        "Gross Profit": 202,
        "Operating Income": 75,
        "EBIT": 110,
        "Net Income": 21
    },
    "2013-09-30": {
        "Diluted EPS": 0.52,
        "Total Revenue": 260,
        "Gross Profit": 188,
        "Operating Income": 56,
        "EBIT": 93,
        "Net Income": 23
    },
    "2013-06-30": {
        "Diluted EPS": 0.69,
        "Total Revenue": 280,
        "Gross Profit": 181,
        "Operating Income": 49,
        "EBIT": 85,
        "Net Income": 31
    },
    "2013-03-31": {
        "Diluted EPS": 0.97,
        "Total Revenue": 381,
        "Gross Profit": 212,
        "Operating Income": 80,
        "EBIT": 116,
        "Net Income": 43
    },
    "2012-12-31": {
        "Diluted EPS": 1.17,
        "Total Revenue": 319,
        "Gross Profit": 195,
        "Operating Income": 108,
        "EBIT": 133,
        "Net Income": 52
    },
    "2012-09-30": {
        "Diluted EPS": 0.78,
        "Total Revenue": 247,
        "Gross Profit": 184,
        "Operating Income": 78,
        "EBIT": 120,
        "Net Income": 34
    },
    "2012-06-30": {
        "Diluted EPS": -0.31,
        "Total Revenue": 242,
        "Gross Profit": 179,
        "Operating Income": 21,
        "EBIT": 63,
        "Net Income": -13
    },
    "2012-03-31": {
        "Diluted EPS": 0.68,
        "Total Revenue": 366,
        "Gross Profit": 209,
        "Operating Income": 70,
        "EBIT": 111,
        "Net Income": 30
    },
    "2011-12-31": {
        "Diluted EPS": 0.64,
        "Total Revenue": 361,
        "Gross Profit": 187,
        "Operating Income": 52,
        "EBIT": 91,
        "Net Income": 26
    },
    "2011-09-30": {
        "Diluted EPS": -0.27,
        "Total Revenue": 250,
        "Gross Profit": 163,
        "Operating Income": 40,
        "EBIT": 75,
        "Net Income": -11
    },
    "2011-06-30": {
        "Diluted EPS": 0.19,
        "Total Revenue": 261,
        "Gross Profit": 157,
        "Operating Income": 36,
        "EBIT": 70,
        "Net Income": 8
    },
    "2011-03-31": {
        "Diluted EPS": 0.68,
        "Total Revenue": 401,
        "Gross Profit": 190,
        "Operating Income": 58,
        "EBIT": 92,
        "Net Income": 27
    },
    "2010-12-31": {
        "Diluted EPS": 0.85,
        "Total Revenue": 287,
        "Gross Profit": 141,
        "Operating Income": 35,
        "EBIT": 79,
        "Net Income": 34
    },
    "2010-09-30": {
        "Diluted EPS": 0.32,
        "Total Revenue": 249,
        "Gross Profit": 163,
        "Operating Income": 48,
        "EBIT": 78,
        "Net Income": 12
    },
    "2010-06-30": {
        "Diluted EPS": -0.22,
        "Total Revenue": 256,
        "Gross Profit": 159,
        "Operating Income": 31,
        "EBIT": 61,
        "Net Income": -9
    },
    "2010-03-31": {
        "Diluted EPS": 0.81,
        "Total Revenue": 427,
        "Gross Profit": 190,
        "Operating Income": 70,
        "EBIT": 98,
        "Net Income": 31
    },
    "2009-12-31": {
        "Diluted EPS": 0.85,
        "Total Revenue": 278,
        "Gross Profit": 150,
        "Operating Income": 48,
        "EBIT": 76,
        "Net Income": 33
    },
    "2009-09-30": {
        "Diluted EPS": -0.06,
        "Total Revenue": 226,
        "Gross Profit": 132,
        "Operating Income": 17,
        "EBIT": 47,
        "Net Income": -2
    },
    "2009-06-30": {
        "Diluted EPS": 0.64,
        "Total Revenue": 257,
        "Gross Profit": 145,
        "Operating Income": 26,
        "EBIT": 55,
        "Net Income": 25
    },
    "2009-03-31": {
        "Diluted EPS": 0.68,
        "Total Revenue": 438,
        "Gross Profit": 177,
        "Operating Income": 33,
        "EBIT": 67,
        "Net Income": 26
    }
}