{
    "2023-03-31": {
        "Tax Effect Of Unusual Items": -1336421.386977,
        "Tax Rate For Calcs": 0.242986,
        "Normalized EBITDA": 307100000.0,
        "Total Unusual Items": -5500000.0,
        "Total Unusual Items Excluding Goodwill": -5500000.0,
        "Net Income From Continuing Operation Net Minority Interest": 141800000.0,
        "Reconciled Depreciation": 82600000.0,
        "EBIT": 219000000.0,
        "Net Interest Income": -30100000.0,
        "Interest Expense": 30100000.0,
        "Normalized Income": 145963578.613023,
        "Net Income From Continuing And Discontinued Operation": 141800000.0,
        "Total Expenses": 295700000.0,
        "Total Operating Income As Reported": 81000000.0,
        "Diluted Average Shares": 155500000.0,
        "Basic Average Shares": 154700000.0,
        "Diluted EPS": 0.91,
        "Basic EPS": 0.92,
        "Diluted NI Availto Com Stockholders": 141800000.0,
        "Average Dilution Earnings": NaN,
        "Net Income Common Stockholders": 141800000.0,
        "Net Income": 141800000.0,
        "Minority Interests": 0.0,
        "Net Income Including Noncontrolling Interests": 141800000.0,
        "Net Income Continuous Operations": 141800000.0,
        "Earnings From Equity Interest Net Of Tax": -1200000.0,
        "Tax Provision": 45900000.0,
        "Pretax Income": 188900000.0,
        "Other Income Expense": 132500000.0,
        "Other Non Operating Income Expenses": 138000000.0,
        "Special Income Charges": -5500000.0,
        "Restructuring And Mergern Acquisition": 5500000.0,
        "Net Non Operating Interest Income Expense": -30100000.0,
        "Interest Expense Non Operating": 30100000.0,
        "Operating Income": 86500000.0,
        "Operating Expense": 295700000.0,
        "Other Operating Expenses": 213100000.0,
        "Depreciation Amortization Depletion Income Statement": 82600000.0,
        "Depreciation And Amortization In Income Statement": 82600000.0,
        "Amortization": 62600000.0,
        "Amortization Of Intangibles Income Statement": 62600000.0,
        "Depreciation Income Statement": 9500000.0,
        "Total Revenue": 382200000.0,
        "Operating Revenue": 382200000.0
    },
    "2022-12-31": {
        "Tax Effect Of Unusual Items": -3278571.428571,
        "Tax Rate For Calcs": 0.27551,
        "Normalized EBITDA": 153900000.0,
        "Total Unusual Items": -11900000.0,
        "Total Unusual Items Excluding Goodwill": -11900000.0,
        "Net Income From Continuing Operation Net Minority Interest": 17600000.0,
        "Reconciled Depreciation": 92100000.0,
        "EBIT": 49900000.0,
        "Net Interest Income": -30300000.0,
        "Interest Expense": 30300000.0,
        "Normalized Income": 26221428.571429,
        "Net Income From Continuing And Discontinued Operation": 17600000.0,
        "Total Expenses": 318800000.0,
        "Total Operating Income As Reported": 52800000.0,
        "Diluted Average Shares": 155800000.0,
        "Basic Average Shares": 154500000.0,
        "Diluted EPS": 0.11,
        "Basic EPS": 0.11,
        "Diluted NI Availto Com Stockholders": 17600000.0,
        "Average Dilution Earnings": NaN,
        "Net Income Common Stockholders": 17600000.0,
        "Net Income": 17600000.0,
        "Minority Interests": 0.0,
        "Net Income Including Noncontrolling Interests": 17600000.0,
        "Net Income Continuous Operations": 17600000.0,
        "Earnings From Equity Interest Net Of Tax": 3400000.0,
        "Tax Provision": 5400000.0,
        "Pretax Income": 19600000.0,
        "Other Income Expense": -14800000.0,
        "Other Non Operating Income Expenses": -2900000.0,
        "Special Income Charges": -11900000.0,
        "Restructuring And Mergern Acquisition": 11900000.0,
        "Net Non Operating Interest Income Expense": -30300000.0,
        "Interest Expense Non Operating": 30300000.0,
        "Operating Income": 64700000.0,
        "Operating Expense": 318800000.0,
        "Other Operating Expenses": 226700000.0,
        "Depreciation Amortization Depletion Income Statement": 92100000.0,
        "Depreciation And Amortization In Income Statement": 92100000.0,
        "Amortization": 69500000.0,
        "Amortization Of Intangibles Income Statement": 69500000.0,
        "Depreciation Income Statement": 9300000.0,
        "Total Revenue": 383500000.0,
        "Operating Revenue": 383500000.0
    },
    "2022-09-30": {
        "Tax Effect Of Unusual Items": -738000.0,
        "Tax Rate For Calcs": 0.18,
        "Normalized EBITDA": 148400000.0,
        "Total Unusual Items": -4100000.0,
        "Total Unusual Items Excluding Goodwill": -4100000.0,
        "Net Income From Continuing Operation Net Minority Interest": 30000000.0,
        "Reconciled Depreciation": 81500000.0,
        "EBIT": 62800000.0,
        "Net Interest Income": -26600000.0,
        "Interest Expense": 26600000.0,
        "Normalized Income": 33362000.0,
        "Net Income From Continuing And Discontinued Operation": 30000000.0,
        "Total Expenses": 314400000.0,
        "Total Operating Income As Reported": 68200000.0,
        "Diluted Average Shares": 155400000.0,
        "Basic Average Shares": 154500000.0,
        "Diluted EPS": 0.19,
        "Basic EPS": 0.19,
        "Diluted NI Availto Com Stockholders": 30000000.0,
        "Average Dilution Earnings": NaN,
        "Net Income Common Stockholders": 30000000.0,
        "Net Income": 30000000.0,
        "Minority Interests": 0.0,
        "Net Income Including Noncontrolling Interests": 30000000.0,
        "Net Income Continuous Operations": 30000000.0,
        "Earnings From Equity Interest Net Of Tax": 300000.0,
        "Tax Provision": 6500000.0,
        "Pretax Income": 36200000.0,
        "Other Income Expense": -9500000.0,
        "Other Non Operating Income Expenses": -5400000.0,
        "Special Income Charges": -4100000.0,
        "Restructuring And Mergern Acquisition": 4100000.0,
        "Net Non Operating Interest Income Expense": -26600000.0,
        "Interest Expense Non Operating": 26600000.0,
        "Operating Income": 72300000.0,
        "Operating Expense": 314400000.0,
        "Other Operating Expenses": 232900000.0,
        "Depreciation Amortization Depletion Income Statement": 81500000.0,
        "Depreciation And Amortization In Income Statement": 81500000.0,
        "Amortization": 72000000.0,
        "Amortization Of Intangibles Income Statement": 72000000.0,
        "Depreciation Income Statement": 9500000.0,
        "Total Revenue": 386700000.0,
        "Operating Revenue": 386700000.0
    },
    "2022-06-30": {
        "Tax Effect Of Unusual Items": -1828600.0,
        "Tax Rate For Calcs": 0.223,
        "Normalized EBITDA": 164900000.0,
        "Total Unusual Items": -8200000.0,
        "Total Unusual Items Excluding Goodwill": -8200000.0,
        "Net Income From Continuing Operation Net Minority Interest": 40300000.0,
        "Reconciled Depreciation": 72800000.0,
        "EBIT": 74600000.0,
        "Net Interest Income": -22600000.0,
        "Interest Expense": 22600000.0,
        "Normalized Income": 46671400.0,
        "Net Income From Continuing And Discontinued Operation": 40300000.0,
        "Total Expenses": 309300000.0,
        "Total Operating Income As Reported": 77000000.0,
        "Diluted Average Shares": 155600000.0,
        "Basic Average Shares": 154500000.0,
        "Diluted EPS": 0.26,
        "Basic EPS": 0.26,
        "Diluted NI Availto Com Stockholders": 40300000.0,
        "Average Dilution Earnings": 0.0,
        "Net Income Common Stockholders": 40300000.0,
        "Net Income": 40300000.0,
        "Minority Interests": 0.0,
        "Net Income Including Noncontrolling Interests": 40300000.0,
        "Net Income Continuous Operations": 40300000.0,
        "Earnings From Equity Interest Net Of Tax": -100000.0,
        "Tax Provision": 11600000.0,
        "Pretax Income": 52000000.0,
        "Other Income Expense": -10600000.0,
        "Other Non Operating Income Expenses": -2400000.0,
        "Special Income Charges": -8200000.0,
        "Restructuring And Mergern Acquisition": 8200000.0,
        "Net Non Operating Interest Income Expense": -22600000.0,
        "Interest Expense Non Operating": 22600000.0,
        "Operating Income": 85200000.0,
        "Operating Expense": 309300000.0,
        "Other Operating Expenses": 227200000.0,
        "Depreciation Amortization Depletion Income Statement": 82100000.0,
        "Depreciation And Amortization In Income Statement": 82100000.0,
        "Amortization": 72400000.0,
        "Amortization Of Intangibles Income Statement": 72400000.0,
        "Depreciation Income Statement": 9700000.0,
        "Total Revenue": 394500000.0,
        "Operating Revenue": 394500000.0
    },
    "2023-06-30": {
        "Tax Effect Of Unusual Items": -3020725.388601,
        "Tax Rate For Calcs": 0.274611,
        "Normalized EBITDA": 192600000.0,
        "Total Unusual Items": -11000000.0,
        "Total Unusual Items Excluding Goodwill": -11000000.0,
        "Net Income From Continuing Operation Net Minority Interest": 55300000.0,
        "Reconciled Depreciation": 70900000.0,
        "EBIT": 110700000.0,
        "Net Interest Income": -33500000.0,
        "Interest Expense": 33500000.0,
        "Normalized Income": 63279274.611399,
        "Net Income From Continuing And Discontinued Operation": 55300000.0,
        "Total Expenses": 295700000.0,
        "Total Operating Income As Reported": 60700000.0,
        "Diluted Average Shares": 155900000.0,
        "Basic Average Shares": 155000000.0,
        "Diluted EPS": 0.35,
        "Basic EPS": 0.36,
        "Diluted NI Availto Com Stockholders": 55300000.0,
        "Average Dilution Earnings": NaN,
        "Net Income Common Stockholders": 55300000.0,
        "Net Income": 55300000.0,
        "Minority Interests": 0.0,
        "Net Income Including Noncontrolling Interests": 55300000.0,
        "Net Income Continuous Operations": 55300000.0,
        "Earnings From Equity Interest Net Of Tax": -700000.0,
        "Tax Provision": 21200000.0,
        "Pretax Income": 77200000.0,
        "Other Income Expense": 39000000.0,
        "Other Non Operating Income Expenses": 50000000.0,
        "Special Income Charges": -11000000.0,
        "Restructuring And Mergern Acquisition": 11000000.0,
        "Net Non Operating Interest Income Expense": -33500000.0,
        "Interest Expense Non Operating": 33500000.0,
        "Operating Income": 72500000.0,
        "Operating Expense": 295700000.0,
        "Other Operating Expenses": 224800000.0,
        "Depreciation Amortization Depletion Income Statement": 70900000.0,
        "Depreciation And Amortization In Income Statement": 70900000.0,
        "Amortization": 62400000.0,
        "Amortization Of Intangibles Income Statement": 62400000.0,
        "Depreciation Income Statement": 8500000.0,
        "Total Revenue": 368200000.0,
        "Operating Revenue": 368200000.0
    },
    "2022-03-31": {
        "Diluted EPS": 2.35,
        "Total Revenue": 387,
        "Gross Profit": 179,
        "Operating Income": 80,
        "EBIT": 173,
        "Net Income": 365
    },
    "2021-12-31": {
        "Diluted EPS": 0.39,
        "Total Revenue": 386,
        "Gross Profit": 179,
        "Operating Income": 83,
        "EBIT": 177,
        "Net Income": 61
    },
    "2021-09-30": {
        "Diluted EPS": 0.34,
        "Total Revenue": 378,
        "Gross Profit": 175,
        "Operating Income": 83,
        "EBIT": 177,
        "Net Income": 53
    },
    "2021-06-30": {
        "Diluted EPS": 0.25,
        "Total Revenue": 361,
        "Gross Profit": 164,
        "Operating Income": 70,
        "EBIT": 161,
        "Net Income": 40
    },
    "2021-03-31": {
        "Diluted EPS": 0.35,
        "Total Revenue": 350,
        "Gross Profit": 164,
        "Operating Income": 68,
        "EBIT": 157,
        "Net Income": 54
    },
    "2020-12-31": {
        "Diluted EPS": 0.31,
        "Total Revenue": 342,
        "Gross Profit": 158,
        "Operating Income": 63,
        "EBIT": 154,
        "Net Income": 47
    },
    "2020-09-30": {
        "Diluted EPS": 0.82,
        "Total Revenue": 313,
        "Gross Profit": 145,
        "Operating Income": 60,
        "EBIT": 125,
        "Net Income": 128
    },
    "2020-06-30": {
        "Diluted EPS": 0.26,
        "Total Revenue": 293,
        "Gross Profit": 138,
        "Operating Income": 77,
        "EBIT": 136,
        "Net Income": 39
    },
    "2020-03-31": {
        "Diluted EPS": 0.34,
        "Total Revenue": 291,
        "Gross Profit": 128,
        "Operating Income": 68,
        "EBIT": 127,
        "Net Income": 50
    },
    "2019-12-31": {
        "Diluted EPS": 0.08,
        "Total Revenue": 300,
        "Gross Profit": 137,
        "Operating Income": 72,
        "EBIT": 135,
        "Net Income": 13
    },
    "2019-09-30": {
        "Diluted EPS": 0.25,
        "Total Revenue": 299,
        "Gross Profit": 135,
        "Operating Income": 75,
        "EBIT": 136,
        "Net Income": 37
    },
    "2019-06-30": {
        "Diluted EPS": 0.22,
        "Total Revenue": 295,
        "Gross Profit": 136,
        "Operating Income": 77,
        "EBIT": 135,
        "Net Income": 33
    },
    "2019-03-31": {
        "Diluted EPS": 0.18,
        "Total Revenue": 283,
        "Gross Profit": 123,
        "Operating Income": 65,
        "EBIT": 123,
        "Net Income": 26
    },
    "2018-12-31": {
        "Diluted EPS": 0.29,
        "Total Revenue": 285,
        "Gross Profit": 122,
        "Operating Income": 63,
        "EBIT": 122,
        "Net Income": 43
    },
    "2018-09-30": {
        "Diluted EPS": 0.29,
        "Total Revenue": 282,
        "Gross Profit": 124,
        "Operating Income": 67,
        "EBIT": 122,
        "Net Income": 43
    },
    "2018-06-30": {
        "Diluted EPS": 0.27,
        "Total Revenue": 277,
        "Gross Profit": 121,
        "Operating Income": 66,
        "EBIT": 121,
        "Net Income": 40
    },
    "2018-03-31": {
        "Diluted EPS": 0.29,
        "Total Revenue": 270,
        "Gross Profit": 121,
        "Operating Income": 68,
        "EBIT": 121,
        "Net Income": 43
    },
    "2017-12-31": {
        "Diluted EPS": 0.97,
        "Total Revenue": 268,
        "Gross Profit": 126,
        "Operating Income": 69,
        "EBIT": 123,
        "Net Income": 147
    },
    "2017-09-30": {
        "Diluted EPS": 0.21,
        "Total Revenue": 264,
        "Gross Profit": 123,
        "Operating Income": 68,
        "EBIT": 120,
        "Net Income": 15
    },
    "2017-06-30": {
        "Diluted EPS": 0.11,
        "Total Revenue": 262,
        "Gross Profit": 120,
        "Operating Income": 67,
        "EBIT": 117,
        "Net Income": 8
    },
    "2017-03-31": {
        "Diluted EPS": 0.18,
        "Total Revenue": 258,
        "Gross Profit": 113,
        "Operating Income": 59,
        "EBIT": 112,
        "Net Income": 12
    },
    "2016-12-31": {
        "Diluted EPS": 0.17,
        "Total Revenue": 262,
        "Gross Profit": 112,
        "Operating Income": 58,
        "EBIT": 113,
        "Net Income": 12
    },
    "2016-09-30": {
        "Diluted EPS": 0.16,
        "Total Revenue": 267,
        "Gross Profit": 115,
        "Operating Income": 57,
        "EBIT": 114,
        "Net Income": 11
    },
    "2016-06-30": {
        "Diluted EPS": 0.17,
        "Total Revenue": 256,
        "Gross Profit": 111,
        "Operating Income": 61,
        "EBIT": 111,
        "Net Income": 11
    },
    "2016-03-31": {
        "Diluted EPS": 0.17,
        "Total Revenue": 242,
        "Gross Profit": 105,
        "Operating Income": 57,
        "EBIT": 106,
        "Net Income": 11
    },
    "2015-12-31": {
        "Diluted EPS": 0.14,
        "Total Revenue": 238,
        "Gross Profit": 105,
        "Operating Income": 53,
        "EBIT": 105,
        "Net Income": 10
    },
    "2015-09-30": {
        "Diluted EPS": 0.15,
        "Total Revenue": 234,
        "Gross Profit": 102,
        "Operating Income": 53,
        "EBIT": 103,
        "Net Income": 10
    },
    "2015-06-30": {
        "Diluted EPS": 0.0,
        "Total Revenue": 232,
        "Gross Profit": 92,
        "Operating Income": 38,
        "EBIT": 87,
        "Net Income": 0
    },
    "2015-03-31": {
        "Diluted EPS": 0.0,
        "Total Revenue": 227,
        "Gross Profit": 94,
        "Operating Income": 46,
        "EBIT": 91,
        "Net Income": NaN
    },
    "2014-12-31": {
        "Diluted EPS": 0.0,
        "Total Revenue": 220,
        "Gross Profit": 98,
        "Operating Income": 41,
        "EBIT": 89,
        "Net Income": 90
    },
    "2014-09-30": {
        "Diluted EPS": 0.0,
        "Total Revenue": 215,
        "Gross Profit": 90,
        "Operating Income": 36,
        "EBIT": 82,
        "Net Income": NaN
    },
    "2014-06-30": {
        "Diluted EPS": 0.0,
        "Total Revenue": 214,
        "Gross Profit": 81,
        "Operating Income": 16,
        "EBIT": 63,
        "Net Income": 0
    },
    "2014-03-31": {
        "Diluted EPS": 0.0,
        "Total Revenue": 203,
        "Gross Profit": 69,
        "Operating Income": -64,
        "EBIT": -18,
        "Net Income": -90
    },
    "2013-12-31": {
        "Diluted EPS": 0.0,
        "Total Revenue": NaN,
        "Gross Profit": NaN,
        "Operating Income": NaN,
        "EBIT": NaN,
        "Net Income": NaN
    }
}