{
    "2023-06-30": {
        "Tax Effect Of Unusual Items": 0.0,
        "Tax Rate For Calcs": 0.262,
        "Net Income From Continuing Operation Net Minority Interest": 57996000.0,
        "Reconciled Depreciation": 18810000.0,
        "Net Interest Income": 213878000.0,
        "Interest Expense": 249543000.0,
        "Interest Income": 463421000.0,
        "Normalized Income": 57996000.0,
        "Net Income From Continuing And Discontinued Operation": 57996000.0,
        "Diluted Average Shares": 73420910.0,
        "Basic Average Shares": 73241592.0,
        "Diluted EPS": 0.78,
        "Basic EPS": 0.78,
        "Diluted NI Availto Com Stockholders": 57116000.0,
        "Average Dilution Earnings": 1000.0,
        "Net Income Common Stockholders": 57115000.0,
        "Otherunder Preferred Stock Dividend": 881000.0,
        "Net Income": 57996000.0,
        "Net Income Including Noncontrolling Interests": 57996000.0,
        "Net Income Continuous Operations": 57996000.0,
        "Tax Provision": 20634000.0,
        "Pretax Income": 78630000.0,
        "Gain On Sale Of Security": 993000.0,
        "Depreciation Amortization Depletion Income Statement": 11232000.0,
        "Depreciation And Amortization In Income Statement": 11232000.0,
        "Depreciation Income Statement": 11232000.0,
        "Selling General And Administration": 75011000.0,
        "General And Administrative Expense": 75011000.0,
        "Insurance And Claims": 7597000.0,
        "Salaries And Wages": 67414000.0,
        "Total Revenue": 239365000.0,
        "Operating Revenue": 239365000.0,
        "Occupancy And Equipment": 11043000.0,
        "Professional Expense And Contract Services Expense": 3518000.0,
        "Other Non Interest Expense": 44414000.0
    },
    "2023-03-31": {
        "Tax Effect Of Unusual Items": 0.0,
        "Tax Rate For Calcs": 0.264,
        "Net Income From Continuing Operation Net Minority Interest": 52882000.0,
        "Reconciled Depreciation": 19430000.0,
        "Net Interest Income": 227874000.0,
        "Interest Expense": 212542000.0,
        "Interest Income": 440416000.0,
        "Normalized Income": 52882000.0,
        "Net Income From Continuing And Discontinued Operation": 52882000.0,
        "Diluted Average Shares": 74008702.0,
        "Basic Average Shares": 73561121.0,
        "Diluted EPS": 0.7,
        "Basic EPS": 0.71,
        "Diluted NI Availto Com Stockholders": 52087000.0,
        "Average Dilution Earnings": 3000.0,
        "Net Income Common Stockholders": 52084000.0,
        "Otherunder Preferred Stock Dividend": 798000.0,
        "Net Income": 52882000.0,
        "Net Income Including Noncontrolling Interests": 52882000.0,
        "Net Income Continuous Operations": 52882000.0,
        "Tax Provision": 18959000.0,
        "Pretax Income": 71841000.0,
        "Gain On Sale Of Security": -12549000.0,
        "Depreciation Amortization Depletion Income Statement": 11521000.0,
        "Depreciation And Amortization In Income Statement": 11521000.0,
        "Depreciation Income Statement": 11521000.0,
        "Selling General And Administration": 78958000.0,
        "General And Administrative Expense": 78958000.0,
        "Insurance And Claims": 7907000.0,
        "Salaries And Wages": 71051000.0,
        "Total Revenue": 244409000.0,
        "Operating Revenue": 244409000.0,
        "Occupancy And Equipment": 10802000.0,
        "Professional Expense And Contract Services Expense": 2918000.0,
        "Other Non Interest Expense": 48581000.0
    },
    "2022-12-31": {
        "Tax Effect Of Unusual Items": 0.0,
        "Tax Rate For Calcs": 0.214997,
        "Net Income From Continuing Operation Net Minority Interest": 64207000.0,
        "Reconciled Depreciation": 17352000.0,
        "Net Interest Income": 243066000.0,
        "Interest Expense": 158424000.0,
        "Interest Income": 401490000.0,
        "Normalized Income": 64207000.0,
        "Net Income From Continuing And Discontinued Operation": 64207000.0,
        "Diluted Average Shares": 75836439.0,
        "Basic Average Shares": 75836312.0,
        "Diluted EPS": 0.82,
        "Basic EPS": 0.83,
        "Diluted NI Availto Com Stockholders": 61755000.0,
        "Average Dilution Earnings": -635000.0,
        "Net Income Common Stockholders": 62390000.0,
        "Otherunder Preferred Stock Dividend": 1817000.0,
        "Net Income": 64207000.0,
        "Net Income Including Noncontrolling Interests": 64207000.0,
        "Net Income Continuous Operations": 64207000.0,
        "Tax Provision": 17585000.0,
        "Pretax Income": 81792000.0,
        "Gain On Sale Of Security": 320000.0,
        "Depreciation Amortization Depletion Income Statement": 12547000.0,
        "Depreciation And Amortization In Income Statement": 12547000.0,
        "Depreciation Income Statement": 12547000.0,
        "Selling General And Administration": 76107000.0,
        "General And Administrative Expense": 76107000.0,
        "Insurance And Claims": 6205000.0,
        "Salaries And Wages": 69902000.0,
        "Total Revenue": 269879000.0,
        "Operating Revenue": 269879000.0
    },
    "2022-09-30": {
        "Tax Effect Of Unusual Items": 0.0,
        "Tax Rate For Calcs": 0.249678,
        "Total Unusual Items": NaN,
        "Total Unusual Items Excluding Goodwill": NaN,
        "Net Income From Continuing Operation Net Minority Interest": 87850000.0,
        "Reconciled Depreciation": 12646000.0,
        "Net Interest Income": 235836000.0,
        "Interest Expense": 90188000.0,
        "Interest Income": 326024000.0,
        "Normalized Income": 87850000.0,
        "Net Income From Continuing And Discontinued Operation": 87850000.0,
        "Diluted Average Shares": 77123821.0,
        "Basic Average Shares": 76690349.0,
        "Diluted EPS": 1.12,
        "Basic EPS": 1.13,
        "Diluted NI Availto Com Stockholders": 86513000.0,
        "Average Dilution Earnings": 6000.0,
        "Net Income Common Stockholders": 86507000.0,
        "Otherunder Preferred Stock Dividend": 1343000.0,
        "Net Income": 87850000.0,
        "Net Income Including Noncontrolling Interests": 87850000.0,
        "Net Income Continuous Operations": 87850000.0,
        "Tax Provision": 29233000.0,
        "Pretax Income": 117083000.0,
        "Special Income Charges": NaN,
        "Gain On Sale Of Security": 135000.0,
        "Depreciation Amortization Depletion Income Statement": 12646000.0,
        "Depreciation And Amortization In Income Statement": 12646000.0,
        "Depreciation Income Statement": 12646000.0,
        "Selling General And Administration": 70495000.0,
        "General And Administrative Expense": 70495000.0,
        "Other Gand A": 19813000.0,
        "Insurance And Claims": 4398000.0,
        "Salaries And Wages": 66097000.0,
        "Total Revenue": 258908000.0,
        "Operating Revenue": 258908000.0
    },
    "2022-06-30": {
        "Tax Effect Of Unusual Items": 0.0,
        "Tax Rate For Calcs": 0.248136,
        "Total Unusual Items": NaN,
        "Total Unusual Items Excluding Goodwill": NaN,
        "Net Income From Continuing Operation Net Minority Interest": 65764000.0,
        "Reconciled Depreciation": 12585000.0,
        "Net Interest Income": 225416000.0,
        "Interest Expense": 41557000.0,
        "Interest Income": 266973000.0,
        "Normalized Income": 65764000.0,
        "Net Income From Continuing And Discontinued Operation": 65764000.0,
        "Diluted Average Shares": 79393545.0,
        "Basic Average Shares": 79042811.0,
        "Diluted EPS": 0.82,
        "Basic EPS": 0.82,
        "Diluted NI Availto Com Stockholders": 64768000.0,
        "Average Dilution Earnings": 3000.0,
        "Net Income Common Stockholders": 64765000.0,
        "Otherunder Preferred Stock Dividend": 999000.0,
        "Net Income": 65764000.0,
        "Net Income Including Noncontrolling Interests": 65764000.0,
        "Net Income Continuous Operations": 65764000.0,
        "Tax Provision": 21704000.0,
        "Pretax Income": 87468000.0,
        "Special Income Charges": NaN,
        "Gain On Sale Of Security": -8392000.0,
        "Depreciation Amortization Depletion Income Statement": 12585000.0,
        "Depreciation And Amortization In Income Statement": 12585000.0,
        "Depreciation Income Statement": 12585000.0,
        "Selling General And Administration": 66454000.0,
        "General And Administrative Expense": 66454000.0,
        "Other Gand A": 17898000.0,
        "Insurance And Claims": 3993000.0,
        "Salaries And Wages": 62461000.0,
        "Total Revenue": 238866000.0,
        "Operating Revenue": 238866000.0
    },
    "2022-03-31": {
        "Diluted EPS": 0.79,
        "Total Revenue": 250,
        "Gross Profit": 223,
        "Operating Income": 89,
        "EBIT": NaN,
        "Net Income": 66
    },
    "2021-12-31": {
        "Diluted EPS": 1.41,
        "Total Revenue": 283,
        "Gross Profit": 252,
        "Operating Income": 64,
        "EBIT": NaN,
        "Net Income": 123
    },
    "2021-09-30": {
        "Diluted EPS": 0.94,
        "Total Revenue": 260,
        "Gross Profit": 221,
        "Operating Income": 114,
        "EBIT": NaN,
        "Net Income": 86
    },
    "2021-06-30": {
        "Diluted EPS": 1.11,
        "Total Revenue": 275,
        "Gross Profit": 231,
        "Operating Income": 140,
        "EBIT": NaN,
        "Net Income": 103
    },
    "2021-03-31": {
        "Diluted EPS": 1.06,
        "Total Revenue": 276,
        "Gross Profit": 227,
        "Operating Income": 131,
        "EBIT": NaN,
        "Net Income": 98
    },
    "2020-12-31": {
        "Diluted EPS": 0.89,
        "Total Revenue": 286,
        "Gross Profit": 229,
        "Operating Income": 107,
        "EBIT": NaN,
        "Net Income": 83
    },
    "2020-09-30": {
        "Diluted EPS": 0.7,
        "Total Revenue": 291,
        "Gross Profit": 224,
        "Operating Income": 86,
        "EBIT": NaN,
        "Net Income": 64
    },
    "2020-06-30": {
        "Diluted EPS": 0.8,
        "Total Revenue": 306,
        "Gross Profit": 229,
        "Operating Income": 97,
        "EBIT": NaN,
        "Net Income": 73
    },
    "2020-03-31": {
        "Diluted EPS": -0.33,
        "Total Revenue": 317,
        "Gross Profit": 204,
        "Operating Income": -40,
        "EBIT": NaN,
        "Net Income": -31
    },
    "2019-12-31": {
        "Diluted EPS": 0.9,
        "Total Revenue": 347,
        "Gross Profit": 223,
        "Operating Income": 105,
        "EBIT": NaN,
        "Net Income": 85
    },
    "2019-09-30": {
        "Diluted EPS": 0.77,
        "Total Revenue": 361,
        "Gross Profit": 224,
        "Operating Income": 100,
        "EBIT": NaN,
        "Net Income": 73
    },
    "2019-06-30": {
        "Diluted EPS": 0.81,
        "Total Revenue": 363,
        "Gross Profit": 226,
        "Operating Income": 109,
        "EBIT": NaN,
        "Net Income": 78
    },
    "2019-03-31": {
        "Diluted EPS": 0.65,
        "Total Revenue": 358,
        "Gross Profit": 227,
        "Operating Income": 90,
        "EBIT": NaN,
        "Net Income": 63
    },
    "2018-12-31": {
        "Diluted EPS": 0.5,
        "Total Revenue": 448,
        "Gross Profit": 328,
        "Operating Income": 69,
        "EBIT": NaN,
        "Net Income": 50
    },
    "2018-09-30": {
        "Diluted EPS": 0.9,
        "Total Revenue": 396,
        "Gross Profit": 291,
        "Operating Income": 119,
        "EBIT": NaN,
        "Net Income": 94
    },
    "2018-06-30": {
        "Diluted EPS": 0.82,
        "Total Revenue": 381,
        "Gross Profit": 287,
        "Operating Income": 117,
        "EBIT": NaN,
        "Net Income": 86
    },
    "2018-03-31": {
        "Diluted EPS": 0.77,
        "Total Revenue": 356,
        "Gross Profit": 276,
        "Operating Income": 111,
        "EBIT": NaN,
        "Net Income": 82
    },
    "2017-12-31": {
        "Diluted EPS": 3.79,
        "Total Revenue": 359,
        "Gross Profit": 285,
        "Operating Income": 119,
        "EBIT": NaN,
        "Net Income": 402
    },
    "2017-09-30": {
        "Diluted EPS": 0.62,
        "Total Revenue": 363,
        "Gross Profit": 295,
        "Operating Income": 100,
        "EBIT": NaN,
        "Net Income": 65
    },
    "2017-06-30": {
        "Diluted EPS": 0.6,
        "Total Revenue": 329,
        "Gross Profit": 269,
        "Operating Income": 95,
        "EBIT": NaN,
        "Net Income": 64
    },
    "2017-03-31": {
        "Diluted EPS": 0.57,
        "Total Revenue": 312,
        "Gross Profit": 259,
        "Operating Income": 90,
        "EBIT": NaN,
        "Net Income": 60
    },
    "2016-12-31": {
        "Diluted EPS": 0.59,
        "Total Revenue": 307,
        "Gross Profit": 257,
        "Operating Income": 92,
        "EBIT": NaN,
        "Net Income": 61
    },
    "2016-09-30": {
        "Diluted EPS": 0.47,
        "Total Revenue": 295,
        "Gross Profit": 247,
        "Operating Income": 74,
        "EBIT": NaN,
        "Net Income": 49
    },
    "2016-06-30": {
        "Diluted EPS": 0.52,
        "Total Revenue": 289,
        "Gross Profit": 243,
        "Operating Income": 85,
        "EBIT": NaN,
        "Net Income": 54
    },
    "2016-03-31": {
        "Diluted EPS": 0.51,
        "Total Revenue": 274,
        "Gross Profit": 230,
        "Operating Income": 84,
        "EBIT": NaN,
        "Net Income": 53
    },
    "2015-12-31": {
        "Diluted EPS": 0.53,
        "Total Revenue": 272,
        "Gross Profit": 232,
        "Operating Income": 86,
        "EBIT": NaN,
        "Net Income": 54
    },
    "2015-09-30": {
        "Diluted EPS": 0.95,
        "Total Revenue": 255,
        "Gross Profit": 220,
        "Operating Income": 70,
        "EBIT": NaN,
        "Net Income": 98
    },
    "2015-06-30": {
        "Diluted EPS": 0.43,
        "Total Revenue": 234,
        "Gross Profit": 202,
        "Operating Income": 70,
        "EBIT": NaN,
        "Net Income": 45
    },
    "2015-03-31": {
        "Diluted EPS": 0.44,
        "Total Revenue": 223,
        "Gross Profit": 193,
        "Operating Income": 71,
        "EBIT": NaN,
        "Net Income": 45
    },
    "2014-12-31": {
        "Diluted EPS": 0.45,
        "Total Revenue": 219,
        "Gross Profit": 191,
        "Operating Income": 60,
        "EBIT": NaN,
        "Net Income": 45
    },
    "2014-09-30": {
        "Diluted EPS": 0.51,
        "Total Revenue": 216,
        "Gross Profit": 188,
        "Operating Income": 73,
        "EBIT": NaN,
        "Net Income": 51
    },
    "2014-06-30": {
        "Diluted EPS": 0.46,
        "Total Revenue": 212,
        "Gross Profit": 186,
        "Operating Income": 73,
        "EBIT": NaN,
        "Net Income": 47
    },
    "2014-03-31": {
        "Diluted EPS": 0.53,
        "Total Revenue": 221,
        "Gross Profit": 197,
        "Operating Income": 86,
        "EBIT": NaN,
        "Net Income": 53
    },
    "2013-12-31": {
        "Diluted EPS": 0.5,
        "Total Revenue": 210,
        "Gross Profit": 185,
        "Operating Income": 71,
        "EBIT": NaN,
        "Net Income": 50
    },
    "2013-09-30": {
        "Diluted EPS": 0.52,
        "Total Revenue": 201,
        "Gross Profit": 178,
        "Operating Income": 79,
        "EBIT": NaN,
        "Net Income": 52
    },
    "2013-06-30": {
        "Diluted EPS": 0.52,
        "Total Revenue": 199,
        "Gross Profit": 177,
        "Operating Income": 87,
        "EBIT": NaN,
        "Net Income": 52
    },
    "2013-03-31": {
        "Diluted EPS": 0.47,
        "Total Revenue": 196,
        "Gross Profit": 174,
        "Operating Income": 79,
        "EBIT": NaN,
        "Net Income": 45
    },
    "2012-12-31": {
        "Diluted EPS": 0.6,
        "Total Revenue": 193,
        "Gross Profit": 165,
        "Operating Income": 77,
        "EBIT": NaN,
        "Net Income": 57
    },
    "2012-09-30": {
        "Diluted EPS": 0.48,
        "Total Revenue": 196,
        "Gross Profit": 165,
        "Operating Income": 83,
        "EBIT": NaN,
        "Net Income": 45
    },
    "2012-06-30": {
        "Diluted EPS": 0.48,
        "Total Revenue": 200,
        "Gross Profit": 167,
        "Operating Income": 85,
        "EBIT": NaN,
        "Net Income": 44
    },
    "2012-03-31": {
        "Diluted EPS": 0.49,
        "Total Revenue": 207,
        "Gross Profit": 174,
        "Operating Income": 85,
        "EBIT": NaN,
        "Net Income": 46
    },
    "2011-12-31": {
        "Diluted EPS": 0.45,
        "Total Revenue": 188,
        "Gross Profit": 154,
        "Operating Income": 77,
        "EBIT": NaN,
        "Net Income": 42
    },
    "2011-09-30": {
        "Diluted EPS": 0.45,
        "Total Revenue": 196,
        "Gross Profit": 162,
        "Operating Income": 85,
        "EBIT": NaN,
        "Net Income": 43
    },
    "2011-06-30": {
        "Diluted EPS": 0.44,
        "Total Revenue": 205,
        "Gross Profit": 170,
        "Operating Income": 85,
        "EBIT": NaN,
        "Net Income": 42
    },
    "2011-03-31": {
        "Diluted EPS": -0.72,
        "Total Revenue": 212,
        "Gross Profit": 177,
        "Operating Income": -30,
        "EBIT": NaN,
        "Net Income": -68
    },
    "2010-12-31": {
        "Diluted EPS": 0.3,
        "Total Revenue": 199,
        "Gross Profit": 158,
        "Operating Income": 9,
        "EBIT": NaN,
        "Net Income": 28
    },
    "2010-09-30": {
        "Diluted EPS": 0.48,
        "Total Revenue": 213,
        "Gross Profit": 170,
        "Operating Income": 77,
        "EBIT": NaN,
        "Net Income": 45
    },
    "2010-06-30": {
        "Diluted EPS": 0.55,
        "Total Revenue": 223,
        "Gross Profit": 180,
        "Operating Income": 93,
        "EBIT": NaN,
        "Net Income": 51
    },
    "2010-03-31": {
        "Diluted EPS": 0.65,
        "Total Revenue": 216,
        "Gross Profit": 175,
        "Operating Income": 102,
        "EBIT": NaN,
        "Net Income": 61
    },
    "2009-12-31": {
        "Diluted EPS": 0.0,
        "Total Revenue": NaN,
        "Gross Profit": NaN,
        "Operating Income": NaN,
        "EBIT": NaN,
        "Net Income": NaN
    },
    "2023-09-30": {
        "Tax Effect Of Unusual Items": 0.0,
        "Tax Rate For Calcs": 0.247,
        "Net Income From Continuing Operation Net Minority Interest": 46981000.0,
        "Reconciled Depreciation": 18800000.0,
        "Net Interest Income": 214842000.0,
        "Interest Expense": 255697000.0,
        "Interest Income": 470539000.0,
        "Normalized Income": 46981000.0,
        "Net Income From Continuing And Discontinued Operation": 46981000.0,
        "Diluted Average Shares": 73788823.0,
        "Basic Average Shares": 73251593.0,
        "Diluted EPS": 0.63,
        "Basic EPS": 0.63,
        "Diluted NI Availto Com Stockholders": 46284000.0,
        "Average Dilution Earnings": 3000.0,
        "Net Income Common Stockholders": 46281000.0,
        "Otherunder Preferred Stock Dividend": 700000.0,
        "Net Income": 46981000.0,
        "Net Income Including Noncontrolling Interests": 46981000.0,
        "Net Income Continuous Operations": 46981000.0,
        "Tax Provision": 15446000.0,
        "Pretax Income": 62427000.0,
        "Gain On Sale Of Security": 887000.0,
        "Depreciation Amortization Depletion Income Statement": 11217000.0,
        "Depreciation And Amortization In Income Statement": 11217000.0,
        "Depreciation Income Statement": 11217000.0,
        "Selling General And Administration": 76615000.0,
        "General And Administrative Expense": 76615000.0,
        "Insurance And Claims": 7790000.0,
        "Salaries And Wages": 68825000.0,
        "Total Revenue": 242566000.0,
        "Operating Revenue": 242566000.0,
        "Occupancy And Equipment": 10890000.0,
        "Professional Expense And Contract Services Expense": 2696000.0,
        "Other Non Interest Expense": 45672000.0
    },
    "2023-12-31": {
        "Tax Effect Of Unusual Items": 0.0,
        "Tax Rate For Calcs": 0.139502,
        "Net Income From Continuing Operation Net Minority Interest": 20812000.0,
        "Reconciled Depreciation": 17020000.0,
        "Net Interest Income": 217210000.0,
        "Interest Expense": 265995000.0,
        "Interest Income": 483205000.0,
        "Normalized Income": 20812000.0,
        "Net Income From Continuing And Discontinued Operation": 20812000.0,
        "Diluted Average Shares": 73456593.0,
        "Basic Average Shares": 73253470.0,
        "Diluted EPS": 0.27,
        "Basic EPS": 0.27,
        "Diluted NI Availto Com Stockholders": 19342000.0,
        "Average Dilution Earnings": -283000.0,
        "Net Income Common Stockholders": 19625000.0,
        "Otherunder Preferred Stock Dividend": 1187000.0,
        "Net Income": 20812000.0,
        "Net Income Including Noncontrolling Interests": 20812000.0,
        "Net Income Continuous Operations": 20812000.0,
        "Tax Provision": 3374000.0,
        "Pretax Income": 24186000.0,
        "Gain On Sale Of Security": 617000.0,
        "Depreciation Amortization Depletion Income Statement": 10476000.0,
        "Depreciation And Amortization In Income Statement": 10476000.0,
        "Depreciation Income Statement": 10476000.0,
        "Selling General And Administration": 116907000.0,
        "General And Administrative Expense": 116907000.0,
        "Insurance And Claims": 43453000.0,
        "Salaries And Wages": 73454000.0,
        "Total Revenue": 234302000.0,
        "Operating Revenue": 234302000.0,
        "Occupancy And Equipment": 10610000.0,
        "Professional Expense And Contract Services Expense": 5052000.0,
        "Other Non Interest Expense": 47818000.0
    },
    "2024-03-31": {
        "Tax Effect Of Unusual Items": 0.0,
        "Tax Rate For Calcs": 0.286,
        "Net Income From Continuing Operation Net Minority Interest": 47980000.0,
        "Reconciled Depreciation": 17213000.0,
        "Net Interest Income": 214857000.0,
        "Interest Expense": 266617000.0,
        "Interest Income": 481474000.0,
        "Normalized Income": 47980000.0,
        "Net Income From Continuing And Discontinued Operation": 47980000.0,
        "Diluted Average Shares": 73637093.0,
        "Basic Average Shares": 73381269.0,
        "Diluted EPS": 0.64,
        "Basic EPS": 0.64,
        "Diluted NI Availto Com Stockholders": 47301000.0,
        "Average Dilution Earnings": 1000.0,
        "Net Income Common Stockholders": 47300000.0,
        "Otherunder Preferred Stock Dividend": 680000.0,
        "Net Income": 47980000.0,
        "Net Income Including Noncontrolling Interests": 47980000.0,
        "Net Income Continuous Operations": 47980000.0,
        "Tax Provision": 19229000.0,
        "Pretax Income": 67209000.0,
        "Gain On Sale Of Security": 775000.0,
        "Depreciation Amortization Depletion Income Statement": 9213000.0,
        "Depreciation And Amortization In Income Statement": 9213000.0,
        "Depreciation Income Statement": 9213000.0,
        "Selling General And Administration": 89450000.0,
        "General And Administrative Expense": 89450000.0,
        "Insurance And Claims": 13530000.0,
        "Salaries And Wages": 75920000.0,
        "Total Revenue": 241734000.0,
        "Operating Revenue": 241734000.0,
        "Occupancy And Equipment": 10569000.0,
        "Professional Expense And Contract Services Expense": 2510000.0,
        "Other Non Interest Expense": 47498000.0
    },
    "2024-06-30": {
        "Tax Effect Of Unusual Items": 0.0,
        "Tax Rate For Calcs": 0.264,
        "Net Income From Continuing Operation Net Minority Interest": 53733000.0,
        "Reconciled Depreciation": 11601000.0,
        "Net Interest Income": 226022000.0,
        "Interest Expense": 257276000.0,
        "Interest Income": 483298000.0,
        "Normalized Income": 53733000.0,
        "Net Income From Continuing And Discontinued Operation": 53733000.0,
        "Diluted Average Shares": 74018253.0,
        "Basic Average Shares": 73652265.0,
        "Diluted EPS": 0.72,
        "Basic EPS": 0.72,
        "Diluted NI Availto Com Stockholders": 52987000.0,
        "Average Dilution Earnings": 2000.0,
        "Net Income Common Stockholders": 52985000.0,
        "Otherunder Preferred Stock Dividend": 748000.0,
        "Net Income": 53733000.0,
        "Net Income Including Noncontrolling Interests": 53733000.0,
        "Net Income Continuous Operations": 53733000.0,
        "Tax Provision": 19230000.0,
        "Pretax Income": 72963000.0,
        "Gain On Sale Of Security": 421000.0,
        "Depreciation Amortization Depletion Income Statement": 7896000.0,
        "Depreciation And Amortization In Income Statement": 7896000.0,
        "Depreciation Income Statement": 7896000.0,
        "Selling General And Administration": 84118000.0,
        "General And Administrative Expense": 84118000.0,
        "Insurance And Claims": 8530000.0,
        "Salaries And Wages": 75588000.0,
        "Total Revenue": 250207000.0,
        "Operating Revenue": 250207000.0,
        "Occupancy And Equipment": 10973000.0,
        "Professional Expense And Contract Services Expense": 4497000.0,
        "Other Non Interest Expense": 50222000.0
    },
    "2024-09-30": {
        "Tax Effect Of Unusual Items": 0.0,
        "Tax Rate For Calcs": 0.261,
        "Net Income From Continuing Operation Net Minority Interest": 61452000.0,
        "Reconciled Depreciation": 17506000.0,
        "Net Interest Income": 234128000.0,
        "Interest Expense": 258228000.0,
        "Interest Income": 492356000.0,
        "Normalized Income": 61452000.0,
        "Net Income From Continuing And Discontinued Operation": 61452000.0,
        "Diluted Average Shares": 74492056.0,
        "Basic Average Shares": 73674190.0,
        "Diluted EPS": 0.81,
        "Basic EPS": 0.82,
        "Diluted NI Availto Com Stockholders": 60608000.0,
        "Average Dilution Earnings": 6000.0,
        "Net Income Common Stockholders": 60602000.0,
        "Otherunder Preferred Stock Dividend": 850000.0,
        "Net Income": 61452000.0,
        "Net Income Including Noncontrolling Interests": 61452000.0,
        "Net Income Continuous Operations": 61452000.0,
        "Tax Provision": 21734000.0,
        "Pretax Income": 83186000.0,
        "Gain On Sale Of Security": 127000.0,
        "Depreciation Amortization Depletion Income Statement": 4666000.0,
        "Depreciation And Amortization In Income Statement": 4666000.0,
        "Depreciation Income Statement": 4666000.0,
        "Selling General And Administration": 89202000.0,
        "General And Administrative Expense": 89202000.0,
        "Insurance And Claims": 7421000.0,
        "Salaries And Wages": 81781000.0,
        "Total Revenue": 257016000.0,
        "Operating Revenue": 257016000.0,
        "Occupancy And Equipment": 12242000.0,
        "Professional Expense And Contract Services Expense": 4953000.0,
        "Other Non Interest Expense": 53519000.0
    }
}