{
    "2023-03-31": {
        "Tax Effect Of Unusual Items": NaN,
        "Tax Rate For Calcs": NaN,
        "Normalized EBITDA": NaN,
        "Total Unusual Items": NaN,
        "Total Unusual Items Excluding Goodwill": NaN,
        "Net Income From Continuing Operation Net Minority Interest": NaN,
        "Reconciled Depreciation": NaN,
        "Reconciled Cost Of Revenue": NaN,
        "EBITDA": NaN,
        "EBIT": NaN,
        "Net Interest Income": NaN,
        "Interest Expense": NaN,
        "Interest Income": NaN,
        "Normalized Income": NaN,
        "Net Income From Continuing And Discontinued Operation": NaN,
        "Total Expenses": NaN,
        "Total Operating Income As Reported": NaN,
        "Diluted Average Shares": 32322163.0,
        "Basic Average Shares": 32033709.0,
        "Diluted EPS": 0.22,
        "Basic EPS": 0.22,
        "Diluted NI Availto Com Stockholders": NaN,
        "Net Income Common Stockholders": NaN,
        "Net Income": NaN,
        "Net Income Including Noncontrolling Interests": NaN,
        "Net Income Continuous Operations": NaN,
        "Earnings From Equity Interest Net Of Tax": NaN,
        "Tax Provision": NaN,
        "Pretax Income": NaN,
        "Other Income Expense": NaN,
        "Other Non Operating Income Expenses": NaN,
        "Special Income Charges": NaN,
        "Other Special Charges": NaN,
        "Net Non Operating Interest Income Expense": NaN,
        "Interest Expense Non Operating": NaN,
        "Interest Income Non Operating": NaN,
        "Operating Income": NaN,
        "Operating Expense": NaN,
        "Selling General And Administration": NaN,
        "Gross Profit": NaN,
        "Cost Of Revenue": NaN,
        "Total Revenue": NaN,
        "Operating Revenue": NaN
    },
    "2022-12-31": {
        "Tax Effect Of Unusual Items": NaN,
        "Tax Rate For Calcs": NaN,
        "Normalized EBITDA": NaN,
        "Total Unusual Items": NaN,
        "Total Unusual Items Excluding Goodwill": NaN,
        "Net Income From Continuing Operation Net Minority Interest": NaN,
        "Reconciled Depreciation": NaN,
        "Reconciled Cost Of Revenue": NaN,
        "EBITDA": NaN,
        "EBIT": NaN,
        "Net Interest Income": NaN,
        "Interest Expense": NaN,
        "Interest Income": NaN,
        "Normalized Income": NaN,
        "Net Income From Continuing And Discontinued Operation": NaN,
        "Total Expenses": NaN,
        "Total Operating Income As Reported": NaN,
        "Diluted Average Shares": NaN,
        "Basic Average Shares": NaN,
        "Diluted EPS": NaN,
        "Basic EPS": NaN,
        "Diluted NI Availto Com Stockholders": NaN,
        "Net Income Common Stockholders": NaN,
        "Net Income": NaN,
        "Net Income Including Noncontrolling Interests": NaN,
        "Net Income Continuous Operations": NaN,
        "Earnings From Equity Interest Net Of Tax": NaN,
        "Tax Provision": NaN,
        "Pretax Income": NaN,
        "Other Income Expense": NaN,
        "Other Non Operating Income Expenses": NaN,
        "Special Income Charges": NaN,
        "Other Special Charges": 537000.0,
        "Net Non Operating Interest Income Expense": NaN,
        "Interest Expense Non Operating": NaN,
        "Interest Income Non Operating": NaN,
        "Operating Income": NaN,
        "Operating Expense": NaN,
        "Selling General And Administration": NaN,
        "Gross Profit": NaN,
        "Cost Of Revenue": NaN,
        "Total Revenue": NaN,
        "Operating Revenue": NaN
    },
    "2022-09-30": {
        "Tax Effect Of Unusual Items": NaN,
        "Tax Rate For Calcs": NaN,
        "Normalized EBITDA": NaN,
        "Total Unusual Items": NaN,
        "Total Unusual Items Excluding Goodwill": NaN,
        "Net Income From Continuing Operation Net Minority Interest": NaN,
        "Reconciled Depreciation": NaN,
        "Reconciled Cost Of Revenue": NaN,
        "EBITDA": NaN,
        "EBIT": NaN,
        "Net Interest Income": NaN,
        "Interest Expense": NaN,
        "Interest Income": NaN,
        "Normalized Income": NaN,
        "Net Income From Continuing And Discontinued Operation": NaN,
        "Total Expenses": NaN,
        "Total Operating Income As Reported": NaN,
        "Diluted Average Shares": NaN,
        "Basic Average Shares": NaN,
        "Diluted EPS": NaN,
        "Basic EPS": NaN,
        "Diluted NI Availto Com Stockholders": NaN,
        "Net Income Common Stockholders": NaN,
        "Net Income": NaN,
        "Net Income Including Noncontrolling Interests": NaN,
        "Net Income Continuous Operations": NaN,
        "Earnings From Equity Interest Net Of Tax": NaN,
        "Tax Provision": NaN,
        "Pretax Income": NaN,
        "Other Income Expense": NaN,
        "Other Non Operating Income Expenses": NaN,
        "Special Income Charges": NaN,
        "Other Special Charges": 71000.0,
        "Net Non Operating Interest Income Expense": NaN,
        "Interest Expense Non Operating": NaN,
        "Interest Income Non Operating": NaN,
        "Operating Income": NaN,
        "Operating Expense": NaN,
        "Selling General And Administration": NaN,
        "Gross Profit": NaN,
        "Cost Of Revenue": NaN,
        "Total Revenue": NaN,
        "Operating Revenue": NaN
    },
    "2022-06-30": {
        "Tax Effect Of Unusual Items": 0.0,
        "Tax Rate For Calcs": 0.4,
        "Normalized EBITDA": 5234000.0,
        "Total Unusual Items": 0.0,
        "Total Unusual Items Excluding Goodwill": 0.0,
        "Net Income From Continuing Operation Net Minority Interest": -6435000.0,
        "Reconciled Depreciation": 3411000.0,
        "Reconciled Cost Of Revenue": 184490000.0,
        "EBITDA": 5234000.0,
        "EBIT": 1823000.0,
        "Net Interest Income": -3908000.0,
        "Interest Expense": 3908000.0,
        "Interest Income": 0.0,
        "Normalized Income": -6435000.0,
        "Net Income From Continuing And Discontinued Operation": -6435000.0,
        "Total Expenses": 204995000.0,
        "Total Operating Income As Reported": 1088000.0,
        "Diluted Average Shares": 31990860.0,
        "Basic Average Shares": 31990860.0,
        "Diluted EPS": -0.2,
        "Basic EPS": -0.2,
        "Diluted NI Availto Com Stockholders": -6435000.0,
        "Net Income Common Stockholders": -6435000.0,
        "Net Income": -6435000.0,
        "Net Income Including Noncontrolling Interests": -6435000.0,
        "Net Income Continuous Operations": -6435000.0,
        "Earnings From Equity Interest Net Of Tax": -1490000.0,
        "Tax Provision": 2860000.0,
        "Pretax Income": -2085000.0,
        "Other Income Expense": 735000.0,
        "Other Non Operating Income Expenses": 735000.0,
        "Special Income Charges": 0.0,
        "Other Special Charges": NaN,
        "Net Non Operating Interest Income Expense": -3908000.0,
        "Interest Expense Non Operating": 3908000.0,
        "Interest Income Non Operating": 0.0,
        "Operating Income": 1088000.0,
        "Operating Expense": 20505000.0,
        "Selling General And Administration": 20505000.0,
        "Gross Profit": 21593000.0,
        "Cost Of Revenue": 184490000.0,
        "Total Revenue": 206083000.0,
        "Operating Revenue": 206083000.0
    },
    "2022-03-31": {
        "Diluted EPS": -0.38,
        "Total Revenue": 208,
        "Gross Profit": 3,
        "Operating Income": -17,
        "EBIT": -13,
        "Net Income": -12
    },
    "2021-12-31": {
        "Diluted EPS": -0.15,
        "Total Revenue": 129,
        "Gross Profit": 16,
        "Operating Income": -2,
        "EBIT": 2,
        "Net Income": -4
    },
    "2021-09-30": {
        "Diluted EPS": -0.09,
        "Total Revenue": 192,
        "Gross Profit": 13,
        "Operating Income": -2,
        "EBIT": 1,
        "Net Income": -2
    },
    "2021-06-30": {
        "Diluted EPS": 0.16,
        "Total Revenue": 197,
        "Gross Profit": 26,
        "Operating Income": 8,
        "EBIT": 12,
        "Net Income": 4
    },
    "2021-03-31": {
        "Diluted EPS": -0.02,
        "Total Revenue": 165,
        "Gross Profit": 18,
        "Operating Income": 1,
        "EBIT": 5,
        "Net Income": -1
    },
    "2020-12-31": {
        "Diluted EPS": -0.06,
        "Total Revenue": 130,
        "Gross Profit": 14,
        "Operating Income": 0,
        "EBIT": 4,
        "Net Income": -2
    },
    "2020-09-30": {
        "Diluted EPS": 0.44,
        "Total Revenue": 281,
        "Gross Profit": 30,
        "Operating Income": 14,
        "EBIT": 18,
        "Net Income": 12
    },
    "2020-06-30": {
        "Diluted EPS": 0.05,
        "Total Revenue": 189,
        "Gross Profit": 21,
        "Operating Income": 3,
        "EBIT": 7,
        "Net Income": 1
    },
    "2020-03-31": {
        "Diluted EPS": -0.02,
        "Total Revenue": 255,
        "Gross Profit": 24,
        "Operating Income": 4,
        "EBIT": 8,
        "Net Income": -1
    },
    "2019-12-31": {
        "Diluted EPS": -0.02,
        "Total Revenue": 153,
        "Gross Profit": 21,
        "Operating Income": 1,
        "EBIT": 5,
        "Net Income": 0
    },
    "2019-09-30": {
        "Diluted EPS": 0.43,
        "Total Revenue": 344,
        "Gross Profit": 47,
        "Operating Income": 18,
        "EBIT": 22,
        "Net Income": 12
    },
    "2019-06-30": {
        "Diluted EPS": 0.55,
        "Total Revenue": 309,
        "Gross Profit": 42,
        "Operating Income": 21,
        "EBIT": 24,
        "Net Income": 15
    },
    "2019-03-31": {
        "Diluted EPS": -0.03,
        "Total Revenue": 212,
        "Gross Profit": 26,
        "Operating Income": 3,
        "EBIT": 6,
        "Net Income": -1
    },
    "2018-12-31": {
        "Diluted EPS": -0.05,
        "Total Revenue": 155,
        "Gross Profit": 19,
        "Operating Income": 2,
        "EBIT": 5,
        "Net Income": -1
    },
    "2018-09-30": {
        "Diluted EPS": 0.63,
        "Total Revenue": 332,
        "Gross Profit": 43,
        "Operating Income": 20,
        "EBIT": 24,
        "Net Income": 15
    },
    "2018-06-30": {
        "Diluted EPS": 0.77,
        "Total Revenue": 314,
        "Gross Profit": 37,
        "Operating Income": 16,
        "EBIT": 20,
        "Net Income": 22
    },
    "2018-03-31": {
        "Diluted EPS": 0.04,
        "Total Revenue": 217,
        "Gross Profit": 22,
        "Operating Income": 3,
        "EBIT": 6,
        "Net Income": 1
    },
    "2017-12-31": {
        "Diluted EPS": -0.36,
        "Total Revenue": 163,
        "Gross Profit": 21,
        "Operating Income": -5,
        "EBIT": -2,
        "Net Income": -9
    },
    "2017-09-30": {
        "Diluted EPS": 0.41,
        "Total Revenue": 313,
        "Gross Profit": 40,
        "Operating Income": 25,
        "EBIT": 28,
        "Net Income": 7
    },
    "2017-06-30": {
        "Diluted EPS": 0.68,
        "Total Revenue": 333,
        "Gross Profit": 45,
        "Operating Income": 29,
        "EBIT": 32,
        "Net Income": 19
    },
    "2017-03-31": {
        "Diluted EPS": 0.07,
        "Total Revenue": 209,
        "Gross Profit": 25,
        "Operating Income": 5,
        "EBIT": 9,
        "Net Income": 2
    },
    "2016-12-31": {
        "Diluted EPS": -0.42,
        "Total Revenue": 137,
        "Gross Profit": 18,
        "Operating Income": 0,
        "EBIT": 4,
        "Net Income": -9
    },
    "2016-09-30": {
        "Diluted EPS": 0.46,
        "Total Revenue": 286,
        "Gross Profit": 39,
        "Operating Income": 17,
        "EBIT": 21,
        "Net Income": 10
    },
    "2016-06-30": {
        "Diluted EPS": -0.18,
        "Total Revenue": 323,
        "Gross Profit": 47,
        "Operating Income": 1,
        "EBIT": 5,
        "Net Income": -4
    },
    "2016-03-31": {
        "Diluted EPS": 0.02,
        "Total Revenue": 191,
        "Gross Profit": 25,
        "Operating Income": 6,
        "EBIT": 10,
        "Net Income": 0
    },
    "2015-12-31": {
        "Diluted EPS": -0.16,
        "Total Revenue": 131,
        "Gross Profit": 19,
        "Operating Income": 2,
        "EBIT": 6,
        "Net Income": -3
    },
    "2015-09-30": {
        "Diluted EPS": 0.74,
        "Total Revenue": 308,
        "Gross Profit": 41,
        "Operating Income": 23,
        "EBIT": 27,
        "Net Income": 15
    },
    "2015-06-30": {
        "Diluted EPS": 0.42,
        "Total Revenue": 263,
        "Gross Profit": 37,
        "Operating Income": 19,
        "EBIT": 23,
        "Net Income": 10
    },
    "2015-03-31": {
        "Diluted EPS": -0.54,
        "Total Revenue": 183,
        "Gross Profit": 23,
        "Operating Income": -11,
        "EBIT": -7,
        "Net Income": -12
    },
    "2014-12-31": {
        "Diluted EPS": 0.0,
        "Total Revenue": -582,
        "Gross Profit": -582,
        "Operating Income": -582,
        "EBIT": 8,
        "Net Income": NaN
    },
    "2014-09-30": {
        "Diluted EPS": -0.9,
        "Total Revenue": 274,
        "Gross Profit": 29,
        "Operating Income": 270,
        "EBIT": 274,
        "Net Income": -3
    },
    "2014-06-30": {
        "Diluted EPS": -0.37,
        "Total Revenue": 240,
        "Gross Profit": 34,
        "Operating Income": -5,
        "EBIT": -1,
        "Net Income": -8
    },
    "2014-03-31": {
        "Diluted EPS": 0.35,
        "Total Revenue": 196,
        "Gross Profit": 26,
        "Operating Income": 12,
        "EBIT": 18,
        "Net Income": 8
    },
    "2013-12-31": {
        "Diluted EPS": 0.0,
        "Total Revenue": 146,
        "Gross Profit": 20,
        "Operating Income": 6,
        "EBIT": 6,
        "Net Income": 4
    },
    "2013-09-30": {
        "Diluted EPS": 0.0,
        "Total Revenue": NaN,
        "Gross Profit": NaN,
        "Operating Income": NaN,
        "EBIT": NaN,
        "Net Income": NaN
    },
    "2023-06-30": {
        "Tax Effect Of Unusual Items": NaN,
        "Tax Rate For Calcs": NaN,
        "Normalized EBITDA": NaN,
        "Total Unusual Items": NaN,
        "Total Unusual Items Excluding Goodwill": NaN,
        "Net Income From Continuing Operation Net Minority Interest": NaN,
        "Reconciled Depreciation": NaN,
        "Reconciled Cost Of Revenue": NaN,
        "EBITDA": NaN,
        "EBIT": NaN,
        "Net Interest Income": NaN,
        "Interest Expense": NaN,
        "Interest Income": NaN,
        "Normalized Income": NaN,
        "Net Income From Continuing And Discontinued Operation": NaN,
        "Total Expenses": NaN,
        "Total Operating Income As Reported": NaN,
        "Diluted Average Shares": 32598938.0,
        "Basic Average Shares": 32073497.0,
        "Diluted EPS": 0.29,
        "Basic EPS": 0.29,
        "Diluted NI Availto Com Stockholders": NaN,
        "Net Income Common Stockholders": NaN,
        "Net Income": NaN,
        "Net Income Including Noncontrolling Interests": NaN,
        "Net Income Continuous Operations": NaN,
        "Earnings From Equity Interest Net Of Tax": NaN,
        "Tax Provision": NaN,
        "Pretax Income": NaN,
        "Other Income Expense": NaN,
        "Other Non Operating Income Expenses": NaN,
        "Special Income Charges": NaN,
        "Other Special Charges": NaN,
        "Net Non Operating Interest Income Expense": NaN,
        "Interest Expense Non Operating": NaN,
        "Interest Income Non Operating": NaN,
        "Operating Income": NaN,
        "Operating Expense": NaN,
        "Selling General And Administration": NaN,
        "Gross Profit": NaN,
        "Cost Of Revenue": NaN,
        "Total Revenue": NaN,
        "Operating Revenue": NaN
    },
    "2023-09-30": {
        "Tax Effect Of Unusual Items": 0.0,
        "Tax Rate For Calcs": 0.353698,
        "Normalized EBITDA": 32505000.0,
        "Total Unusual Items": 0.0,
        "Total Unusual Items Excluding Goodwill": 0.0,
        "Net Income From Continuing Operation Net Minority Interest": 18618000.0,
        "Reconciled Depreciation": 3901000.0,
        "Reconciled Cost Of Revenue": 252969000.0,
        "EBITDA": 32505000.0,
        "EBIT": 28604000.0,
        "Net Interest Income": -3371000.0,
        "Interest Expense": 4117000.0,
        "Interest Income": 746000.0,
        "Normalized Income": 18618000.0,
        "Net Income From Continuing And Discontinued Operation": 18618000.0,
        "Total Expenses": 273797000.0,
        "Total Operating Income As Reported": 29166000.0,
        "Diluted Average Shares": NaN,
        "Basic Average Shares": NaN,
        "Diluted EPS": NaN,
        "Basic EPS": NaN,
        "Diluted NI Availto Com Stockholders": 18618000.0,
        "Net Income Common Stockholders": 18618000.0,
        "Net Income": 18618000.0,
        "Net Income Including Noncontrolling Interests": 18618000.0,
        "Net Income Continuous Operations": 18618000.0,
        "Earnings From Equity Interest Net Of Tax": 2792000.0,
        "Tax Provision": 8661000.0,
        "Pretax Income": 24487000.0,
        "Other Income Expense": -1308000.0,
        "Other Non Operating Income Expenses": -1308000.0,
        "Special Income Charges": 0.0,
        "Other Special Charges": 0.0,
        "Net Non Operating Interest Income Expense": -3371000.0,
        "Interest Expense Non Operating": 4117000.0,
        "Interest Income Non Operating": 746000.0,
        "Operating Income": 29166000.0,
        "Operating Expense": 20828000.0,
        "Selling General And Administration": 20828000.0,
        "Gross Profit": 49994000.0,
        "Cost Of Revenue": 252969000.0,
        "Total Revenue": 302963000.0,
        "Operating Revenue": 337784000.0
    },
    "2023-12-31": {
        "Tax Effect Of Unusual Items": -403522.0,
        "Tax Rate For Calcs": 0.259,
        "Normalized EBITDA": 41441000.0,
        "Total Unusual Items": -1558000.0,
        "Total Unusual Items Excluding Goodwill": -1558000.0,
        "Net Income From Continuing Operation Net Minority Interest": 26150000.0,
        "Reconciled Depreciation": 3618000.0,
        "Reconciled Cost Of Revenue": 254102000.0,
        "EBITDA": 39883000.0,
        "EBIT": 36265000.0,
        "Net Interest Income": -2543000.0,
        "Interest Expense": 3631000.0,
        "Interest Income": 1088000.0,
        "Normalized Income": 27304478.0,
        "Net Income From Continuing And Discontinued Operation": 26150000.0,
        "Total Expenses": 279704000.0,
        "Total Operating Income As Reported": 37956000.0,
        "Diluted Average Shares": 32429127.0,
        "Basic Average Shares": 32170779.0,
        "Diluted EPS": 0.81,
        "Basic EPS": 0.81,
        "Diluted NI Availto Com Stockholders": 26150000.0,
        "Net Income Common Stockholders": 26150000.0,
        "Net Income": 26150000.0,
        "Net Income Including Noncontrolling Interests": 26150000.0,
        "Net Income Continuous Operations": 26150000.0,
        "Earnings From Equity Interest Net Of Tax": 1962000.0,
        "Tax Provision": 8446000.0,
        "Pretax Income": 32634000.0,
        "Other Income Expense": -2779000.0,
        "Other Non Operating Income Expenses": -1221000.0,
        "Special Income Charges": -1558000.0,
        "Other Special Charges": 1558000.0,
        "Net Non Operating Interest Income Expense": -2543000.0,
        "Interest Expense Non Operating": 3631000.0,
        "Interest Income Non Operating": 1088000.0,
        "Operating Income": 37956000.0,
        "Operating Expense": 25602000.0,
        "Selling General And Administration": 25602000.0,
        "Gross Profit": 63558000.0,
        "Cost Of Revenue": 254102000.0,
        "Total Revenue": 317660000.0,
        "Operating Revenue": 303963000.0
    },
    "2024-03-31": {
        "Tax Effect Of Unusual Items": 0.0,
        "Tax Rate For Calcs": 0.255,
        "Normalized EBITDA": 38791000.0,
        "Total Unusual Items": 0.0,
        "Total Unusual Items Excluding Goodwill": 0.0,
        "Net Income From Continuing Operation Net Minority Interest": 26023000.0,
        "Reconciled Depreciation": 3637000.0,
        "Reconciled Cost Of Revenue": 282276000.0,
        "EBITDA": 38791000.0,
        "EBIT": 35154000.0,
        "Net Interest Income": -1758000.0,
        "Interest Expense": 2812000.0,
        "Interest Income": 1054000.0,
        "Normalized Income": 26023000.0,
        "Net Income From Continuing And Discontinued Operation": 26023000.0,
        "Total Expenses": 309847000.0,
        "Total Operating Income As Reported": 36068000.0,
        "Diluted Average Shares": 33074592.0,
        "Basic Average Shares": 32240458.0,
        "Diluted EPS": 0.79,
        "Basic EPS": 0.81,
        "Diluted NI Availto Com Stockholders": 26023000.0,
        "Net Income Common Stockholders": 26023000.0,
        "Net Income": 26023000.0,
        "Net Income Including Noncontrolling Interests": 26023000.0,
        "Net Income Continuous Operations": 26023000.0,
        "Earnings From Equity Interest Net Of Tax": 1942000.0,
        "Tax Provision": 8261000.0,
        "Pretax Income": 32342000.0,
        "Other Income Expense": -1968000.0,
        "Other Non Operating Income Expenses": -1968000.0,
        "Special Income Charges": 0.0,
        "Other Special Charges": NaN,
        "Net Non Operating Interest Income Expense": -1758000.0,
        "Interest Expense Non Operating": 2812000.0,
        "Interest Income Non Operating": 1054000.0,
        "Operating Income": 36068000.0,
        "Operating Expense": 27571000.0,
        "Selling General And Administration": 27571000.0,
        "Gross Profit": 63639000.0,
        "Cost Of Revenue": 282276000.0,
        "Total Revenue": 345915000.0,
        "Operating Revenue": 330924000.0
    },
    "2024-06-30": {
        "Tax Effect Of Unusual Items": 0.0,
        "Tax Rate For Calcs": 0.277,
        "Normalized EBITDA": 41647000.0,
        "Total Unusual Items": 0.0,
        "Total Unusual Items Excluding Goodwill": 0.0,
        "Net Income From Continuing Operation Net Minority Interest": 28711000.0,
        "Reconciled Depreciation": 3658000.0,
        "Reconciled Cost Of Revenue": 264014000.0,
        "EBITDA": 41647000.0,
        "EBIT": 37989000.0,
        "Net Interest Income": -1117000.0,
        "Interest Expense": 2107000.0,
        "Interest Income": 990000.0,
        "Normalized Income": 28711000.0,
        "Net Income From Continuing And Discontinued Operation": 28711000.0,
        "Total Expenses": 293639000.0,
        "Total Operating Income As Reported": 39728000.0,
        "Diluted Average Shares": 33653447.0,
        "Basic Average Shares": 32305396.0,
        "Diluted EPS": 0.85,
        "Basic EPS": 0.89,
        "Diluted NI Availto Com Stockholders": 28711000.0,
        "Net Income Common Stockholders": 28711000.0,
        "Net Income": 28711000.0,
        "Net Income Including Noncontrolling Interests": 28711000.0,
        "Net Income Continuous Operations": 28711000.0,
        "Earnings From Equity Interest Net Of Tax": 2767000.0,
        "Tax Provision": 9938000.0,
        "Pretax Income": 35882000.0,
        "Other Income Expense": -2729000.0,
        "Other Non Operating Income Expenses": -2729000.0,
        "Special Income Charges": 0.0,
        "Other Special Charges": NaN,
        "Net Non Operating Interest Income Expense": -1117000.0,
        "Interest Expense Non Operating": 2107000.0,
        "Interest Income Non Operating": 990000.0,
        "Operating Income": 39728000.0,
        "Operating Expense": 29625000.0,
        "Selling General And Administration": 29625000.0,
        "Gross Profit": 69353000.0,
        "Cost Of Revenue": 264014000.0,
        "Total Revenue": 333367000.0,
        "Operating Revenue": 319974000.0
    },
    "2024-09-30": {
        "Tax Effect Of Unusual Items": 0.0,
        "Tax Rate For Calcs": 0.252435,
        "Normalized EBITDA": 32014000.0,
        "Total Unusual Items": 0.0,
        "Total Unusual Items Excluding Goodwill": 0.0,
        "Net Income From Continuing Operation Net Minority Interest": 24663000.0,
        "Reconciled Depreciation": 3907000.0,
        "Reconciled Cost Of Revenue": 290606000.0,
        "EBITDA": 32014000.0,
        "EBIT": 28107000.0,
        "Net Interest Income": -1025000.0,
        "Interest Expense": 2029000.0,
        "Interest Income": 1004000.0,
        "Normalized Income": 24663000.0,
        "Net Income From Continuing And Discontinued Operation": 24663000.0,
        "Total Expenses": 324633000.0,
        "Total Operating Income As Reported": 25579000.0,
        "Diluted Average Shares": 33728200.0,
        "Basic Average Shares": 32366391.0,
        "Diluted EPS": 0.73,
        "Basic EPS": 0.76,
        "Diluted NI Availto Com Stockholders": 24663000.0,
        "Net Income Common Stockholders": 24663000.0,
        "Net Income": 24663000.0,
        "Net Income Including Noncontrolling Interests": 24663000.0,
        "Net Income Continuous Operations": 24663000.0,
        "Earnings From Equity Interest Net Of Tax": 5168000.0,
        "Tax Provision": 6583000.0,
        "Pretax Income": 26078000.0,
        "Other Income Expense": 1524000.0,
        "Other Non Operating Income Expenses": 1524000.0,
        "Special Income Charges": 0.0,
        "Other Special Charges": 0.0,
        "Net Non Operating Interest Income Expense": -1025000.0,
        "Interest Expense Non Operating": 2029000.0,
        "Interest Income Non Operating": 1004000.0,
        "Operating Income": 25579000.0,
        "Operating Expense": 34027000.0,
        "Selling General And Administration": 34027000.0,
        "Gross Profit": 59606000.0,
        "Cost Of Revenue": 290606000.0,
        "Total Revenue": 350212000.0,
        "Operating Revenue": 392293000.0
    }
}