{
    "2023-03-31": {
        "Tax Effect Of Unusual Items": 0.0,
        "Tax Rate For Calcs": 0.259,
        "Normalized EBITDA": 233454000.0,
        "Total Unusual Items": NaN,
        "Total Unusual Items Excluding Goodwill": NaN,
        "Net Income From Continuing Operation Net Minority Interest": 135870000.0,
        "Reconciled Depreciation": 32100000.0,
        "Reconciled Cost Of Revenue": 895023000.0,
        "EBITDA": 233454000.0,
        "EBIT": 201354000.0,
        "Net Interest Income": -18039000.0,
        "Interest Expense": 18039000.0,
        "Normalized Income": 135870000.0,
        "Net Income From Continuing And Discontinued Operation": 135870000.0,
        "Total Expenses": 1065807000.0,
        "Total Operating Income As Reported": 199431000.0,
        "Diluted Average Shares": 31713239.0,
        "Basic Average Shares": 31550658.0,
        "Diluted EPS": 4.28,
        "Basic EPS": 4.31,
        "Diluted NI Availto Com Stockholders": 135870000.0,
        "Net Income Common Stockholders": 135870000.0,
        "Net Income": 135870000.0,
        "Net Income Including Noncontrolling Interests": 135870000.0,
        "Net Income Continuous Operations": 135870000.0,
        "Tax Provision": 47445000.0,
        "Pretax Income": 183315000.0,
        "Other Income Expense": 1923000.0,
        "Other Non Operating Income Expenses": 1923000.0,
        "Special Income Charges": NaN,
        "Net Non Operating Interest Income Expense": -18039000.0,
        "Interest Expense Non Operating": 18039000.0,
        "Operating Income": 199431000.0,
        "Operating Expense": 170784000.0,
        "Selling General And Administration": 170784000.0,
        "Gross Profit": 370215000.0,
        "Cost Of Revenue": 895023000.0,
        "Total Revenue": 1265238000.0,
        "Operating Revenue": 1265238000.0
    },
    "2022-12-31": {
        "Tax Effect Of Unusual Items": NaN,
        "Tax Rate For Calcs": NaN,
        "Normalized EBITDA": NaN,
        "Total Unusual Items": 0.0,
        "Total Unusual Items Excluding Goodwill": 0.0,
        "Net Income From Continuing Operation Net Minority Interest": NaN,
        "Reconciled Depreciation": NaN,
        "Reconciled Cost Of Revenue": NaN,
        "EBITDA": NaN,
        "EBIT": NaN,
        "Net Interest Income": NaN,
        "Interest Expense": NaN,
        "Normalized Income": NaN,
        "Net Income From Continuing And Discontinued Operation": NaN,
        "Total Expenses": NaN,
        "Total Operating Income As Reported": NaN,
        "Diluted Average Shares": NaN,
        "Basic Average Shares": NaN,
        "Diluted EPS": NaN,
        "Basic EPS": NaN,
        "Diluted NI Availto Com Stockholders": NaN,
        "Net Income Common Stockholders": NaN,
        "Net Income": NaN,
        "Net Income Including Noncontrolling Interests": NaN,
        "Net Income Continuous Operations": NaN,
        "Tax Provision": NaN,
        "Pretax Income": NaN,
        "Other Income Expense": NaN,
        "Other Non Operating Income Expenses": NaN,
        "Special Income Charges": 0.0,
        "Net Non Operating Interest Income Expense": NaN,
        "Interest Expense Non Operating": NaN,
        "Operating Income": NaN,
        "Operating Expense": NaN,
        "Selling General And Administration": NaN,
        "Gross Profit": NaN,
        "Cost Of Revenue": NaN,
        "Total Revenue": NaN,
        "Operating Revenue": NaN
    },
    "2022-09-30": {
        "Tax Effect Of Unusual Items": NaN,
        "Tax Rate For Calcs": NaN,
        "Normalized EBITDA": NaN,
        "Total Unusual Items": 0.0,
        "Total Unusual Items Excluding Goodwill": 0.0,
        "Net Income From Continuing Operation Net Minority Interest": NaN,
        "Reconciled Depreciation": NaN,
        "Reconciled Cost Of Revenue": NaN,
        "EBITDA": NaN,
        "EBIT": NaN,
        "Net Interest Income": NaN,
        "Interest Expense": NaN,
        "Normalized Income": NaN,
        "Net Income From Continuing And Discontinued Operation": NaN,
        "Total Expenses": NaN,
        "Total Operating Income As Reported": NaN,
        "Diluted Average Shares": NaN,
        "Basic Average Shares": NaN,
        "Diluted EPS": NaN,
        "Basic EPS": NaN,
        "Diluted NI Availto Com Stockholders": NaN,
        "Net Income Common Stockholders": NaN,
        "Net Income": NaN,
        "Net Income Including Noncontrolling Interests": NaN,
        "Net Income Continuous Operations": NaN,
        "Tax Provision": NaN,
        "Pretax Income": NaN,
        "Other Income Expense": NaN,
        "Other Non Operating Income Expenses": NaN,
        "Special Income Charges": 0.0,
        "Net Non Operating Interest Income Expense": NaN,
        "Interest Expense Non Operating": NaN,
        "Operating Income": NaN,
        "Operating Expense": NaN,
        "Selling General And Administration": NaN,
        "Gross Profit": NaN,
        "Cost Of Revenue": NaN,
        "Total Revenue": NaN,
        "Operating Revenue": NaN
    },
    "2022-06-30": {
        "Tax Effect Of Unusual Items": 0.0,
        "Tax Rate For Calcs": 0.258,
        "Normalized EBITDA": 237064000.0,
        "Total Unusual Items": 0.0,
        "Total Unusual Items Excluding Goodwill": 0.0,
        "Net Income From Continuing Operation Net Minority Interest": 143697000.0,
        "Reconciled Depreciation": 30122000.0,
        "Reconciled Cost Of Revenue": 890188000.0,
        "EBITDA": 237064000.0,
        "EBIT": 206942000.0,
        "Net Interest Income": -13410000.0,
        "Interest Expense": 13410000.0,
        "Normalized Income": 143697000.0,
        "Net Income From Continuing And Discontinued Operation": 143697000.0,
        "Total Expenses": 1067064000.0,
        "Total Operating Income As Reported": 207221000.0,
        "Diluted Average Shares": 32614449.0,
        "Basic Average Shares": 32405292.0,
        "Diluted EPS": 4.41,
        "Basic EPS": 4.43,
        "Diluted NI Availto Com Stockholders": 143697000.0,
        "Net Income Common Stockholders": 143697000.0,
        "Net Income": 143697000.0,
        "Net Income Including Noncontrolling Interests": 143697000.0,
        "Net Income Continuous Operations": 143697000.0,
        "Tax Provision": 49835000.0,
        "Pretax Income": 193532000.0,
        "Other Income Expense": -279000.0,
        "Other Non Operating Income Expenses": -279000.0,
        "Special Income Charges": 0.0,
        "Net Non Operating Interest Income Expense": -13410000.0,
        "Interest Expense Non Operating": 13410000.0,
        "Operating Income": 207221000.0,
        "Operating Expense": 176876000.0,
        "Selling General And Administration": 176876000.0,
        "Gross Profit": 384097000.0,
        "Cost Of Revenue": 890188000.0,
        "Total Revenue": 1274285000.0,
        "Operating Revenue": 1274285000.0
    },
    "2023-06-30": {
        "Tax Effect Of Unusual Items": 0.0,
        "Tax Rate For Calcs": 0.263,
        "Normalized EBITDA": 274260000.0,
        "Total Unusual Items": NaN,
        "Total Unusual Items Excluding Goodwill": NaN,
        "Net Income From Continuing Operation Net Minority Interest": 164400000.0,
        "Reconciled Depreciation": 32552000.0,
        "Reconciled Cost Of Revenue": 895462000.0,
        "EBITDA": 274260000.0,
        "EBIT": 241708000.0,
        "Net Interest Income": -18558000.0,
        "Interest Expense": 18558000.0,
        "Normalized Income": 164400000.0,
        "Net Income From Continuing And Discontinued Operation": 164400000.0,
        "Total Expenses": 1080159000.0,
        "Total Operating Income As Reported": 237103000.0,
        "Diluted Average Shares": 31731807.0,
        "Basic Average Shares": 31599744.0,
        "Diluted EPS": 5.18,
        "Basic EPS": 5.2,
        "Diluted NI Availto Com Stockholders": 164400000.0,
        "Net Income Common Stockholders": 164400000.0,
        "Net Income": 164400000.0,
        "Net Income Including Noncontrolling Interests": 164400000.0,
        "Net Income Continuous Operations": 164400000.0,
        "Tax Provision": 58750000.0,
        "Pretax Income": 223150000.0,
        "Other Income Expense": 4605000.0,
        "Other Non Operating Income Expenses": 4605000.0,
        "Special Income Charges": NaN,
        "Net Non Operating Interest Income Expense": -18558000.0,
        "Interest Expense Non Operating": 18558000.0,
        "Operating Income": 237103000.0,
        "Operating Expense": 184697000.0,
        "Selling General And Administration": 184697000.0,
        "Gross Profit": 421800000.0,
        "Cost Of Revenue": 895462000.0,
        "Total Revenue": 1317262000.0,
        "Operating Revenue": 1317262000.0
    },
    "2022-03-31": {
        "Diluted EPS": 3.47,
        "Total Revenue": NaN,
        "Gross Profit": 331,
        "Operating Income": 164,
        "EBIT": 195,
        "Net Income": 115
    },
    "2021-12-31": {
        "Diluted EPS": 2.38,
        "Total Revenue": NaN,
        "Gross Profit": 283,
        "Operating Income": 118,
        "EBIT": 148,
        "Net Income": 78
    },
    "2021-09-30": {
        "Diluted EPS": 2.88,
        "Total Revenue": 846,
        "Gross Profit": 250,
        "Operating Income": 134,
        "EBIT": 152,
        "Net Income": 95
    },
    "2021-06-30": {
        "Diluted EPS": 2.72,
        "Total Revenue": 834,
        "Gross Profit": 243,
        "Operating Income": 128,
        "EBIT": 146,
        "Net Income": 90
    },
    "2021-03-31": {
        "Diluted EPS": 1.8,
        "Total Revenue": 743,
        "Gross Profit": 198,
        "Operating Income": 96,
        "EBIT": 112,
        "Net Income": 60
    },
    "2020-12-31": {
        "Diluted EPS": 2.13,
        "Total Revenue": 721,
        "Gross Profit": 198,
        "Operating Income": 103,
        "EBIT": 118,
        "Net Income": 71
    },
    "2020-09-30": {
        "Diluted EPS": 2.11,
        "Total Revenue": 697,
        "Gross Profit": 198,
        "Operating Income": 102,
        "EBIT": 116,
        "Net Income": 70
    },
    "2020-06-30": {
        "Diluted EPS": 1.67,
        "Total Revenue": 646,
        "Gross Profit": 178,
        "Operating Income": 80,
        "EBIT": 100,
        "Net Income": 55
    },
    "2020-03-31": {
        "Diluted EPS": 1.51,
        "Total Revenue": 653,
        "Gross Profit": 172,
        "Operating Income": 70,
        "EBIT": 85,
        "Net Income": 51
    },
    "2019-12-31": {
        "Diluted EPS": 1.36,
        "Total Revenue": 662,
        "Gross Profit": 171,
        "Operating Income": 76,
        "EBIT": 91,
        "Net Income": 46
    },
    "2019-09-30": {
        "Diluted EPS": 1.6,
        "Total Revenue": 682,
        "Gross Profit": 179,
        "Operating Income": 80,
        "EBIT": 94,
        "Net Income": 55
    },
    "2019-06-30": {
        "Diluted EPS": 1.51,
        "Total Revenue": 660,
        "Gross Profit": 175,
        "Operating Income": 76,
        "EBIT": 89,
        "Net Income": 52
    },
    "2019-03-31": {
        "Diluted EPS": 1.09,
        "Total Revenue": 619,
        "Gross Profit": 156,
        "Operating Income": 57,
        "EBIT": 69,
        "Net Income": 38
    },
    "2018-12-31": {
        "Diluted EPS": 1.09,
        "Total Revenue": 640,
        "Gross Profit": 158,
        "Operating Income": 65,
        "EBIT": 78,
        "Net Income": 39
    },
    "2018-09-30": {
        "Diluted EPS": 1.19,
        "Total Revenue": 647,
        "Gross Profit": 162,
        "Operating Income": 66,
        "EBIT": 79,
        "Net Income": 43
    },
    "2018-06-30": {
        "Diluted EPS": 0.76,
        "Total Revenue": 606,
        "Gross Profit": 145,
        "Operating Income": 44,
        "EBIT": 54,
        "Net Income": 27
    },
    "2018-03-31": {
        "Diluted EPS": 0.74,
        "Total Revenue": 491,
        "Gross Profit": 111,
        "Operating Income": 34,
        "EBIT": 39,
        "Net Income": 26
    },
    "2017-12-31": {
        "Diluted EPS": 2.86,
        "Total Revenue": 501,
        "Gross Profit": 122,
        "Operating Income": 50,
        "EBIT": 55,
        "Net Income": 105
    },
    "2017-09-30": {
        "Diluted EPS": 0.88,
        "Total Revenue": 489,
        "Gross Profit": 121,
        "Operating Income": 50,
        "EBIT": 55,
        "Net Income": 31
    },
    "2017-06-30": {
        "Diluted EPS": 0.63,
        "Total Revenue": 474,
        "Gross Profit": 117,
        "Operating Income": 41,
        "EBIT": 45,
        "Net Income": 23
    },
    "2017-03-31": {
        "Diluted EPS": -0.05,
        "Total Revenue": 441,
        "Gross Profit": 102,
        "Operating Income": -3,
        "EBIT": 0,
        "Net Income": -2
    },
    "2016-12-31": {
        "Diluted EPS": 0.57,
        "Total Revenue": 444,
        "Gross Profit": 105,
        "Operating Income": 36,
        "EBIT": 39,
        "Net Income": 21
    },
    "2016-09-30": {
        "Diluted EPS": 0.65,
        "Total Revenue": 453,
        "Gross Profit": 108,
        "Operating Income": 39,
        "EBIT": 42,
        "Net Income": 25
    },
    "2016-06-30": {
        "Diluted EPS": 0.41,
        "Total Revenue": 432,
        "Gross Profit": 98,
        "Operating Income": 27,
        "EBIT": 30,
        "Net Income": 16
    },
    "2016-03-31": {
        "Diluted EPS": 0.29,
        "Total Revenue": 414,
        "Gross Profit": 89,
        "Operating Income": 20,
        "EBIT": 23,
        "Net Income": 11
    },
    "2015-12-31": {
        "Diluted EPS": 1.58,
        "Total Revenue": 426,
        "Gross Profit": 105,
        "Operating Income": 43,
        "EBIT": 46,
        "Net Income": 60
    },
    "2015-09-30": {
        "Diluted EPS": 0.44,
        "Total Revenue": 428,
        "Gross Profit": 94,
        "Operating Income": 30,
        "EBIT": 33,
        "Net Income": 17
    },
    "2015-06-30": {
        "Diluted EPS": 0.17,
        "Total Revenue": 404,
        "Gross Profit": 86,
        "Operating Income": 11,
        "EBIT": 15,
        "Net Income": 6
    },
    "2015-03-31": {
        "Diluted EPS": -0.1,
        "Total Revenue": 358,
        "Gross Profit": 74,
        "Operating Income": -1,
        "EBIT": 2,
        "Net Income": -4
    },
    "2014-12-31": {
        "Diluted EPS": 0.0,
        "Total Revenue": NaN,
        "Gross Profit": NaN,
        "Operating Income": NaN,
        "EBIT": NaN,
        "Net Income": NaN
    },
    "2014-09-30": {
        "Diluted EPS": 0.17,
        "Total Revenue": 398,
        "Gross Profit": 88,
        "Operating Income": 14,
        "EBIT": 20,
        "Net Income": 6
    },
    "2014-06-30": {
        "Diluted EPS": 0.15,
        "Total Revenue": 383,
        "Gross Profit": 85,
        "Operating Income": 10,
        "EBIT": 10,
        "Net Income": 6
    },
    "2013-12-31": {
        "Diluted EPS": 0.0,
        "Total Revenue": NaN,
        "Gross Profit": NaN,
        "Operating Income": NaN,
        "EBIT": NaN,
        "Net Income": NaN
    },
    "2023-09-30": {
        "Tax Effect Of Unusual Items": 0.0,
        "Tax Rate For Calcs": 0.254,
        "Normalized EBITDA": 277071000.0,
        "Total Unusual Items": NaN,
        "Total Unusual Items Excluding Goodwill": NaN,
        "Net Income From Continuing Operation Net Minority Interest": 167602000.0,
        "Reconciled Depreciation": 33564000.0,
        "Reconciled Cost Of Revenue": 905430000.0,
        "EBITDA": 277071000.0,
        "EBIT": 243507000.0,
        "Net Interest Income": -18830000.0,
        "Interest Expense": 18830000.0,
        "Normalized Income": 167602000.0,
        "Net Income From Continuing And Discontinued Operation": 167602000.0,
        "Total Expenses": 1088628000.0,
        "Total Operating Income As Reported": 237492000.0,
        "Diluted Average Shares": 31788812.0,
        "Basic Average Shares": 31615110.0,
        "Diluted EPS": 5.27,
        "Basic EPS": 5.3,
        "Diluted NI Availto Com Stockholders": 167602000.0,
        "Net Income Common Stockholders": 167602000.0,
        "Net Income": 167602000.0,
        "Net Income Including Noncontrolling Interests": 167602000.0,
        "Net Income Continuous Operations": 167602000.0,
        "Tax Provision": 57075000.0,
        "Pretax Income": 224677000.0,
        "Other Income Expense": 6015000.0,
        "Other Non Operating Income Expenses": 6015000.0,
        "Special Income Charges": NaN,
        "Net Non Operating Interest Income Expense": -18830000.0,
        "Interest Expense Non Operating": 18830000.0,
        "Operating Income": 237492000.0,
        "Operating Expense": 183198000.0,
        "Selling General And Administration": 183198000.0,
        "Gross Profit": 420690000.0,
        "Cost Of Revenue": 905430000.0,
        "Total Revenue": 1326120000.0,
        "Operating Revenue": 1326120000.0
    },
    "2023-12-31": {
        "Tax Effect Of Unusual Items": 0.0,
        "Tax Rate For Calcs": 0.246775,
        "Normalized EBITDA": 248192000.0,
        "Total Unusual Items": NaN,
        "Total Unusual Items Excluding Goodwill": NaN,
        "Net Income From Continuing Operation Net Minority Interest": 146384000.0,
        "Reconciled Depreciation": 34662000.0,
        "Reconciled Cost Of Revenue": 894958000.0,
        "EBITDA": 248192000.0,
        "EBIT": 213530000.0,
        "Net Interest Income": -19187000.0,
        "Interest Expense": 19187000.0,
        "Normalized Income": 146384000.0,
        "Net Income From Continuing And Discontinued Operation": 146384000.0,
        "Total Expenses": 1081274000.0,
        "Total Operating Income As Reported": 204800000.0,
        "Diluted Average Shares": 31805569.0,
        "Basic Average Shares": 31623506.0,
        "Diluted EPS": 4.6,
        "Basic EPS": 4.63,
        "Diluted NI Availto Com Stockholders": 146384000.0,
        "Net Income Common Stockholders": 146384000.0,
        "Net Income": 146384000.0,
        "Net Income Including Noncontrolling Interests": 146384000.0,
        "Net Income Continuous Operations": 146384000.0,
        "Tax Provision": 47959000.0,
        "Pretax Income": 194343000.0,
        "Other Income Expense": 8730000.0,
        "Other Non Operating Income Expenses": 8730000.0,
        "Special Income Charges": NaN,
        "Net Non Operating Interest Income Expense": -19187000.0,
        "Interest Expense Non Operating": 19187000.0,
        "Operating Income": 204800000.0,
        "Operating Expense": 186316000.0,
        "Selling General And Administration": 186316000.0,
        "Gross Profit": 391116000.0,
        "Cost Of Revenue": 894958000.0,
        "Total Revenue": 1286074000.0,
        "Operating Revenue": 1286074000.0
    },
    "2024-03-31": {
        "Tax Effect Of Unusual Items": 0.0,
        "Tax Rate For Calcs": 0.264,
        "Normalized EBITDA": 260047000.0,
        "Total Unusual Items": NaN,
        "Total Unusual Items Excluding Goodwill": NaN,
        "Net Income From Continuing Operation Net Minority Interest": 152381000.0,
        "Reconciled Depreciation": 34257000.0,
        "Reconciled Cost Of Revenue": 891567000.0,
        "EBITDA": 260047000.0,
        "EBIT": 225790000.0,
        "Net Interest Income": -18795000.0,
        "Interest Expense": 18795000.0,
        "Normalized Income": 152381000.0,
        "Net Income From Continuing And Discontinued Operation": 152381000.0,
        "Total Expenses": 1064209000.0,
        "Total Operating Income As Reported": 214508000.0,
        "Diluted Average Shares": 31843818.0,
        "Basic Average Shares": 31641454.0,
        "Diluted EPS": 4.79,
        "Basic EPS": 4.82,
        "Diluted NI Availto Com Stockholders": 152381000.0,
        "Net Income Common Stockholders": 152381000.0,
        "Net Income": 152381000.0,
        "Net Income Including Noncontrolling Interests": 152381000.0,
        "Net Income Continuous Operations": 152381000.0,
        "Tax Provision": 54614000.0,
        "Pretax Income": 206995000.0,
        "Other Income Expense": 11282000.0,
        "Other Non Operating Income Expenses": 11282000.0,
        "Special Income Charges": NaN,
        "Net Non Operating Interest Income Expense": -18795000.0,
        "Interest Expense Non Operating": 18795000.0,
        "Operating Income": 214508000.0,
        "Operating Expense": 172642000.0,
        "Selling General And Administration": 172642000.0,
        "Gross Profit": 387150000.0,
        "Cost Of Revenue": 891567000.0,
        "Total Revenue": 1278717000.0,
        "Operating Revenue": 1278717000.0
    },
    "2024-06-30": {
        "Tax Effect Of Unusual Items": 0.0,
        "Tax Rate For Calcs": 0.258,
        "Normalized EBITDA": 256776000.0,
        "Total Unusual Items": NaN,
        "Total Unusual Items Excluding Goodwill": NaN,
        "Net Income From Continuing Operation Net Minority Interest": 150723000.0,
        "Reconciled Depreciation": 35034000.0,
        "Reconciled Cost Of Revenue": 941690000.0,
        "EBITDA": 256776000.0,
        "EBIT": 221742000.0,
        "Net Interest Income": -18568000.0,
        "Interest Expense": 18568000.0,
        "Normalized Income": 150723000.0,
        "Net Income From Continuing And Discontinued Operation": 150723000.0,
        "Total Expenses": 1155220000.0,
        "Total Operating Income As Reported": 210392000.0,
        "Diluted Average Shares": 31524063.0,
        "Basic Average Shares": 31324833.0,
        "Diluted EPS": 4.78,
        "Basic EPS": 4.81,
        "Diluted NI Availto Com Stockholders": 150723000.0,
        "Net Income Common Stockholders": 150723000.0,
        "Net Income": 150723000.0,
        "Net Income Including Noncontrolling Interests": 150723000.0,
        "Net Income Continuous Operations": 150723000.0,
        "Tax Provision": 52451000.0,
        "Pretax Income": 203174000.0,
        "Other Income Expense": 11350000.0,
        "Other Non Operating Income Expenses": 11350000.0,
        "Special Income Charges": NaN,
        "Net Non Operating Interest Income Expense": -18568000.0,
        "Interest Expense Non Operating": 18568000.0,
        "Operating Income": 210392000.0,
        "Operating Expense": 213530000.0,
        "Selling General And Administration": 213530000.0,
        "Gross Profit": 423922000.0,
        "Cost Of Revenue": 941690000.0,
        "Total Revenue": 1365612000.0,
        "Operating Revenue": 1365612000.0
    }
}