{
    "2023-03-31": {
        "Tax Effect Of Unusual Items": 9150.943396,
        "Tax Rate For Calcs": 0.018868,
        "Normalized EBITDA": -11660000.0,
        "Total Unusual Items": 485000.0,
        "Total Unusual Items Excluding Goodwill": 485000.0,
        "Net Income From Continuing Operation Net Minority Interest": -10192000.0,
        "Reconciled Depreciation": 1652000.0,
        "Reconciled Cost Of Revenue": 38107000.0,
        "EBITDA": -11175000.0,
        "EBIT": -12827000.0,
        "Net Interest Income": 1954000.0,
        "Interest Income": 1954000.0,
        "Normalized Income": -10667849.056604,
        "Net Income From Continuing And Discontinued Operation": -10192000.0,
        "Total Expenses": 58098000.0,
        "Total Operating Income As Reported": -12827000.0,
        "Diluted Average Shares": 71992771.0,
        "Basic Average Shares": 71992771.0,
        "Diluted EPS": -0.14,
        "Basic EPS": -0.14,
        "Diluted NI Availto Com Stockholders": -10192000.0,
        "Average Dilution Earnings": NaN,
        "Net Income Common Stockholders": -10192000.0,
        "Otherunder Preferred Stock Dividend": NaN,
        "Net Income": -10192000.0,
        "Net Income Including Noncontrolling Interests": -10192000.0,
        "Net Income Continuous Operations": -10192000.0,
        "Tax Provision": -196000.0,
        "Pretax Income": -10388000.0,
        "Other Income Expense": 485000.0,
        "Gain On Sale Of Security": 485000.0,
        "Net Non Operating Interest Income Expense": 1954000.0,
        "Total Other Finance Cost": NaN,
        "Interest Income Non Operating": 1954000.0,
        "Operating Income": -12827000.0,
        "Operating Expense": 19991000.0,
        "Research And Development": 1123000.0,
        "Selling General And Administration": 18868000.0,
        "Selling And Marketing Expense": 2611000.0,
        "General And Administrative Expense": 16257000.0,
        "Other Gand A": 16257000.0,
        "Gross Profit": 7164000.0,
        "Cost Of Revenue": 38107000.0,
        "Total Revenue": 45271000.0,
        "Operating Revenue": 45271000.0
    },
    "2022-12-31": {
        "Tax Effect Of Unusual Items": NaN,
        "Tax Rate For Calcs": NaN,
        "Normalized EBITDA": NaN,
        "Total Unusual Items": NaN,
        "Total Unusual Items Excluding Goodwill": NaN,
        "Net Income From Continuing Operation Net Minority Interest": NaN,
        "Reconciled Depreciation": NaN,
        "Reconciled Cost Of Revenue": NaN,
        "EBITDA": NaN,
        "EBIT": NaN,
        "Net Interest Income": NaN,
        "Interest Income": 1542000.0,
        "Normalized Income": NaN,
        "Net Income From Continuing And Discontinued Operation": NaN,
        "Total Expenses": NaN,
        "Total Operating Income As Reported": NaN,
        "Diluted Average Shares": 71660617.0,
        "Basic Average Shares": 71660617.0,
        "Diluted EPS": -0.215111,
        "Basic EPS": -0.215111,
        "Diluted NI Availto Com Stockholders": NaN,
        "Average Dilution Earnings": NaN,
        "Net Income Common Stockholders": NaN,
        "Otherunder Preferred Stock Dividend": NaN,
        "Net Income": NaN,
        "Net Income Including Noncontrolling Interests": NaN,
        "Net Income Continuous Operations": NaN,
        "Tax Provision": NaN,
        "Pretax Income": NaN,
        "Other Income Expense": NaN,
        "Gain On Sale Of Security": NaN,
        "Net Non Operating Interest Income Expense": NaN,
        "Total Other Finance Cost": NaN,
        "Interest Income Non Operating": 1542000.0,
        "Operating Income": NaN,
        "Operating Expense": NaN,
        "Research And Development": NaN,
        "Selling General And Administration": NaN,
        "Selling And Marketing Expense": NaN,
        "General And Administrative Expense": NaN,
        "Other Gand A": NaN,
        "Gross Profit": NaN,
        "Cost Of Revenue": NaN,
        "Total Revenue": NaN,
        "Operating Revenue": NaN
    },
    "2022-09-30": {
        "Tax Effect Of Unusual Items": NaN,
        "Tax Rate For Calcs": NaN,
        "Normalized EBITDA": NaN,
        "Total Unusual Items": NaN,
        "Total Unusual Items Excluding Goodwill": NaN,
        "Net Income From Continuing Operation Net Minority Interest": NaN,
        "Reconciled Depreciation": NaN,
        "Reconciled Cost Of Revenue": NaN,
        "EBITDA": NaN,
        "EBIT": NaN,
        "Net Interest Income": NaN,
        "Interest Income": NaN,
        "Normalized Income": NaN,
        "Net Income From Continuing And Discontinued Operation": NaN,
        "Total Expenses": NaN,
        "Total Operating Income As Reported": NaN,
        "Diluted Average Shares": NaN,
        "Basic Average Shares": NaN,
        "Diluted EPS": NaN,
        "Basic EPS": NaN,
        "Diluted NI Availto Com Stockholders": NaN,
        "Average Dilution Earnings": 0.0,
        "Net Income Common Stockholders": NaN,
        "Otherunder Preferred Stock Dividend": 0.0,
        "Net Income": NaN,
        "Net Income Including Noncontrolling Interests": NaN,
        "Net Income Continuous Operations": NaN,
        "Tax Provision": NaN,
        "Pretax Income": NaN,
        "Other Income Expense": NaN,
        "Gain On Sale Of Security": NaN,
        "Net Non Operating Interest Income Expense": NaN,
        "Total Other Finance Cost": NaN,
        "Interest Income Non Operating": NaN,
        "Operating Income": NaN,
        "Operating Expense": NaN,
        "Research And Development": NaN,
        "Selling General And Administration": NaN,
        "Selling And Marketing Expense": NaN,
        "General And Administrative Expense": NaN,
        "Other Gand A": NaN,
        "Gross Profit": NaN,
        "Cost Of Revenue": NaN,
        "Total Revenue": NaN,
        "Operating Revenue": NaN
    },
    "2022-06-30": {
        "Tax Effect Of Unusual Items": 7076000.0,
        "Tax Rate For Calcs": 0.4,
        "Normalized EBITDA": -26268000.0,
        "Total Unusual Items": 17690000.0,
        "Total Unusual Items Excluding Goodwill": 17690000.0,
        "Net Income From Continuing Operation Net Minority Interest": 8412000.0,
        "Reconciled Depreciation": 1155000.0,
        "Reconciled Cost Of Revenue": 30522000.0,
        "EBITDA": -8578000.0,
        "EBIT": -9733000.0,
        "Net Interest Income": 455000.0,
        "Interest Income": NaN,
        "Normalized Income": -2202000.0,
        "Net Income From Continuing And Discontinued Operation": 8412000.0,
        "Total Expenses": 45366000.0,
        "Total Operating Income As Reported": -9733000.0,
        "Diluted Average Shares": 78497356.0,
        "Basic Average Shares": 71051523.0,
        "Diluted EPS": 0.1,
        "Basic EPS": 0.11,
        "Diluted NI Availto Com Stockholders": 8179000.0,
        "Average Dilution Earnings": 23000.0,
        "Net Income Common Stockholders": 8156000.0,
        "Otherunder Preferred Stock Dividend": 256000.0,
        "Net Income": 8412000.0,
        "Net Income Including Noncontrolling Interests": 8412000.0,
        "Net Income Continuous Operations": 8412000.0,
        "Tax Provision": NaN,
        "Pretax Income": 8412000.0,
        "Other Income Expense": 17690000.0,
        "Gain On Sale Of Security": 17690000.0,
        "Net Non Operating Interest Income Expense": 455000.0,
        "Total Other Finance Cost": -455000.0,
        "Interest Income Non Operating": NaN,
        "Operating Income": -9733000.0,
        "Operating Expense": 14844000.0,
        "Research And Development": 1062000.0,
        "Selling General And Administration": 13782000.0,
        "Selling And Marketing Expense": 1638000.0,
        "General And Administrative Expense": 12144000.0,
        "Other Gand A": 12144000.0,
        "Gross Profit": 5111000.0,
        "Cost Of Revenue": 30522000.0,
        "Total Revenue": 35633000.0,
        "Operating Revenue": 35633000.0
    },
    "2022-03-31": {
        "Diluted EPS": -0.16,
        "Total Revenue": 27,
        "Gross Profit": 3,
        "Operating Income": -14,
        "EBIT": -13,
        "Net Income": -11
    },
    "2021-12-31": {
        "Diluted EPS": -0.16,
        "Total Revenue": 33,
        "Gross Profit": 6,
        "Operating Income": -13,
        "EBIT": -12,
        "Net Income": -2
    },
    "2021-09-30": {
        "Diluted EPS": -0.13,
        "Total Revenue": 20,
        "Gross Profit": 4,
        "Operating Income": -10,
        "EBIT": -10,
        "Net Income": -9
    },
    "2021-06-30": {
        "Diluted EPS": -0.47,
        "Total Revenue": 13,
        "Gross Profit": 3,
        "Operating Income": -8,
        "EBIT": -8,
        "Net Income": -24
    },
    "2021-03-31": {
        "Diluted EPS": -0.16,
        "Total Revenue": 9,
        "Gross Profit": 1,
        "Operating Income": -4,
        "EBIT": -4,
        "Net Income": -4
    },
    "2020-12-31": {
        "Diluted EPS": -0.54,
        "Total Revenue": NaN,
        "Gross Profit": NaN,
        "Operating Income": 5,
        "EBIT": 5,
        "Net Income": -4
    },
    "2020-09-30": {
        "Diluted EPS": -0.01,
        "Total Revenue": NaN,
        "Gross Profit": NaN,
        "Operating Income": 0,
        "EBIT": 20,
        "Net Income": 0
    },
    "2020-06-30": {
        "Diluted EPS": -0.05,
        "Total Revenue": 3,
        "Gross Profit": 1,
        "Operating Income": -1,
        "EBIT": -1,
        "Net Income": -1
    },
    "2020-03-31": {
        "Diluted EPS": 0.62,
        "Total Revenue": NaN,
        "Gross Profit": NaN,
        "Operating Income": 0,
        "EBIT": 0,
        "Net Income": 6
    },
    "2019-12-31": {
        "Diluted EPS": 0.0,
        "Total Revenue": NaN,
        "Gross Profit": NaN,
        "Operating Income": NaN,
        "EBIT": NaN,
        "Net Income": NaN
    },
    "2019-09-30": {
        "Diluted EPS": -0.01,
        "Total Revenue": NaN,
        "Gross Profit": NaN,
        "Operating Income": 0,
        "EBIT": 0,
        "Net Income": 0
    },
    "2023-06-30": {
        "Tax Effect Of Unusual Items": -73840.101523,
        "Tax Rate For Calcs": 0.029822,
        "Normalized EBITDA": -7923000.0,
        "Total Unusual Items": -2476000.0,
        "Total Unusual Items Excluding Goodwill": -2476000.0,
        "Net Income From Continuing Operation Net Minority Interest": -12232000.0,
        "Reconciled Depreciation": 1810000.0,
        "Reconciled Cost Of Revenue": 50620000.0,
        "EBITDA": -10399000.0,
        "EBIT": -12209000.0,
        "Net Interest Income": 2077000.0,
        "Interest Income": NaN,
        "Normalized Income": -9829840.101523,
        "Net Income From Continuing And Discontinued Operation": -12232000.0,
        "Total Expenses": 73198000.0,
        "Total Operating Income As Reported": -12209000.0,
        "Diluted Average Shares": 73169003.0,
        "Basic Average Shares": 73169003.0,
        "Diluted EPS": -0.17,
        "Basic EPS": -0.17,
        "Diluted NI Availto Com Stockholders": -12232000.0,
        "Average Dilution Earnings": 0.0,
        "Net Income Common Stockholders": -12232000.0,
        "Otherunder Preferred Stock Dividend": 0.0,
        "Net Income": -12232000.0,
        "Net Income Including Noncontrolling Interests": -12232000.0,
        "Net Income Continuous Operations": -12232000.0,
        "Tax Provision": -376000.0,
        "Pretax Income": -12608000.0,
        "Other Income Expense": -2476000.0,
        "Gain On Sale Of Security": -2476000.0,
        "Net Non Operating Interest Income Expense": 2077000.0,
        "Total Other Finance Cost": -2077000.0,
        "Interest Income Non Operating": NaN,
        "Operating Income": -12209000.0,
        "Operating Expense": 22578000.0,
        "Research And Development": 1440000.0,
        "Selling General And Administration": 21138000.0,
        "Selling And Marketing Expense": 2728000.0,
        "General And Administrative Expense": 18410000.0,
        "Other Gand A": 18410000.0,
        "Gross Profit": 10369000.0,
        "Cost Of Revenue": 50620000.0,
        "Total Revenue": 60989000.0,
        "Operating Revenue": 60989000.0
    },
    "2023-09-30": {
        "Tax Effect Of Unusual Items": 1764954.545455,
        "Tax Rate For Calcs": 0.308612,
        "Normalized EBITDA": -11324000.0,
        "Total Unusual Items": 5719000.0,
        "Total Unusual Items Excluding Goodwill": 5719000.0,
        "Net Income From Continuing Operation Net Minority Interest": 289000.0,
        "Reconciled Depreciation": 1843000.0,
        "Reconciled Cost Of Revenue": 55863000.0,
        "EBITDA": -5605000.0,
        "EBIT": -7448000.0,
        "Net Interest Income": 2147000.0,
        "Interest Income": 2147000.0,
        "Normalized Income": -3665045.454545,
        "Net Income From Continuing And Discontinued Operation": 289000.0,
        "Total Expenses": 78890000.0,
        "Total Operating Income As Reported": -7448000.0,
        "Diluted Average Shares": 81006859.0,
        "Basic Average Shares": 74139422.0,
        "Diluted EPS": 0.003321,
        "Basic EPS": 0.003601,
        "Diluted NI Availto Com Stockholders": 269000.0,
        "Average Dilution Earnings": 2000.0,
        "Net Income Common Stockholders": 267000.0,
        "Otherunder Preferred Stock Dividend": 22000.0,
        "Net Income": 289000.0,
        "Net Income Including Noncontrolling Interests": 289000.0,
        "Net Income Continuous Operations": 289000.0,
        "Tax Provision": 129000.0,
        "Pretax Income": 418000.0,
        "Other Income Expense": 5719000.0,
        "Gain On Sale Of Security": 5719000.0,
        "Net Non Operating Interest Income Expense": 2147000.0,
        "Total Other Finance Cost": NaN,
        "Interest Income Non Operating": 2147000.0,
        "Operating Income": -7448000.0,
        "Operating Expense": 23027000.0,
        "Research And Development": 1076000.0,
        "Selling General And Administration": 21951000.0,
        "Selling And Marketing Expense": 2686000.0,
        "General And Administrative Expense": 19265000.0,
        "Other Gand A": 19265000.0,
        "Gross Profit": 15579000.0,
        "Cost Of Revenue": 55863000.0,
        "Total Revenue": 71442000.0,
        "Operating Revenue": 71442000.0
    },
    "2023-12-31": {
        "Tax Effect Of Unusual Items": -46667.57236,
        "Tax Rate For Calcs": 0.029259,
        "Normalized EBITDA": -32232000.0,
        "Total Unusual Items": -1595000.0,
        "Total Unusual Items Excluding Goodwill": -1595000.0,
        "Net Income From Continuing Operation Net Minority Interest": -33941000.0,
        "Reconciled Depreciation": 1806000.0,
        "Reconciled Cost Of Revenue": 38468000.0,
        "EBITDA": -33827000.0,
        "EBIT": -35633000.0,
        "Net Interest Income": 2264000.0,
        "Interest Income": 2264000.0,
        "Normalized Income": -32392667.57236,
        "Net Income From Continuing And Discontinued Operation": -33941000.0,
        "Total Expenses": 83111000.0,
        "Total Operating Income As Reported": -35633000.0,
        "Diluted Average Shares": NaN,
        "Basic Average Shares": NaN,
        "Diluted EPS": NaN,
        "Basic EPS": NaN,
        "Diluted NI Availto Com Stockholders": -33941000.0,
        "Average Dilution Earnings": NaN,
        "Net Income Common Stockholders": -33941000.0,
        "Otherunder Preferred Stock Dividend": NaN,
        "Net Income": -33941000.0,
        "Net Income Including Noncontrolling Interests": -33941000.0,
        "Net Income Continuous Operations": -33941000.0,
        "Tax Provision": -1023000.0,
        "Pretax Income": -34964000.0,
        "Other Income Expense": -1595000.0,
        "Gain On Sale Of Security": -1595000.0,
        "Net Non Operating Interest Income Expense": 2264000.0,
        "Total Other Finance Cost": NaN,
        "Interest Income Non Operating": 2264000.0,
        "Operating Income": -35633000.0,
        "Operating Expense": 44643000.0,
        "Research And Development": 988000.0,
        "Selling General And Administration": 43655000.0,
        "Selling And Marketing Expense": 2413000.0,
        "General And Administrative Expense": 41242000.0,
        "Other Gand A": 41242000.0,
        "Gross Profit": 9010000.0,
        "Cost Of Revenue": 38468000.0,
        "Total Revenue": 47478000.0,
        "Operating Revenue": 47478000.0
    },
    "2024-03-31": {
        "Tax Effect Of Unusual Items": 67659.101436,
        "Tax Rate For Calcs": 0.019453,
        "Normalized EBITDA": -11752000.0,
        "Total Unusual Items": 3478000.0,
        "Total Unusual Items Excluding Goodwill": 3478000.0,
        "Net Income From Continuing Operation Net Minority Interest": -4234000.0,
        "Reconciled Depreciation": 1594000.0,
        "Reconciled Cost Of Revenue": 41375000.0,
        "EBITDA": -8274000.0,
        "EBIT": -9868000.0,
        "Net Interest Income": 2072000.0,
        "Interest Income": 2072000.0,
        "Normalized Income": -7644340.898564,
        "Net Income From Continuing And Discontinued Operation": -4234000.0,
        "Total Expenses": 61382000.0,
        "Total Operating Income As Reported": -9868000.0,
        "Diluted Average Shares": 75796411.0,
        "Basic Average Shares": 75796411.0,
        "Diluted EPS": -0.06,
        "Basic EPS": -0.06,
        "Diluted NI Availto Com Stockholders": -4234000.0,
        "Average Dilution Earnings": NaN,
        "Net Income Common Stockholders": -4234000.0,
        "Otherunder Preferred Stock Dividend": NaN,
        "Net Income": -4234000.0,
        "Net Income Including Noncontrolling Interests": -4234000.0,
        "Net Income Continuous Operations": -4234000.0,
        "Tax Provision": -84000.0,
        "Pretax Income": -4318000.0,
        "Other Income Expense": 3478000.0,
        "Gain On Sale Of Security": 3478000.0,
        "Net Non Operating Interest Income Expense": 2072000.0,
        "Total Other Finance Cost": NaN,
        "Interest Income Non Operating": 2072000.0,
        "Operating Income": -9868000.0,
        "Operating Expense": 20007000.0,
        "Research And Development": 670000.0,
        "Selling General And Administration": 19337000.0,
        "Selling And Marketing Expense": 2128000.0,
        "General And Administrative Expense": 17209000.0,
        "Other Gand A": 17209000.0,
        "Gross Profit": 10139000.0,
        "Cost Of Revenue": 41375000.0,
        "Total Revenue": 51514000.0,
        "Operating Revenue": 51514000.0
    }
}