{
    "2023-03-31": {
        "Tax Effect Of Unusual Items": NaN,
        "Tax Rate For Calcs": NaN,
        "Normalized EBITDA": NaN,
        "Total Unusual Items": NaN,
        "Total Unusual Items Excluding Goodwill": NaN,
        "Net Income From Continuing Operation Net Minority Interest": NaN,
        "Reconciled Depreciation": NaN,
        "Reconciled Cost Of Revenue": NaN,
        "EBITDA": NaN,
        "EBIT": NaN,
        "Net Interest Income": NaN,
        "Interest Expense": NaN,
        "Normalized Income": NaN,
        "Net Income From Continuing And Discontinued Operation": NaN,
        "Total Expenses": NaN,
        "Total Operating Income As Reported": NaN,
        "Diluted Average Shares": 298429215.0,
        "Basic Average Shares": 298429215.0,
        "Diluted EPS": -0.11,
        "Basic EPS": -0.11,
        "Diluted NI Availto Com Stockholders": NaN,
        "Net Income Common Stockholders": NaN,
        "Net Income": NaN,
        "Net Income Including Noncontrolling Interests": NaN,
        "Net Income Discontinuous Operations": -1530000.0,
        "Net Income Continuous Operations": NaN,
        "Tax Provision": NaN,
        "Pretax Income": NaN,
        "Other Income Expense": NaN,
        "Special Income Charges": NaN,
        "Write Off": NaN,
        "Impairment Of Capital Assets": NaN,
        "Restructuring And Mergern Acquisition": NaN,
        "Earnings From Equity Interest": NaN,
        "Gain On Sale Of Security": NaN,
        "Net Non Operating Interest Income Expense": NaN,
        "Interest Expense Non Operating": NaN,
        "Operating Income": NaN,
        "Operating Expense": NaN,
        "Other Taxes": 0.0,
        "Research And Development": NaN,
        "Selling General And Administration": NaN,
        "Selling And Marketing Expense": NaN,
        "General And Administrative Expense": NaN,
        "Other Gand A": NaN,
        "Salaries And Wages": NaN,
        "Gross Profit": NaN,
        "Cost Of Revenue": NaN,
        "Total Revenue": NaN,
        "Operating Revenue": NaN
    },
    "2022-12-31": {
        "Tax Effect Of Unusual Items": NaN,
        "Tax Rate For Calcs": NaN,
        "Normalized EBITDA": NaN,
        "Total Unusual Items": NaN,
        "Total Unusual Items Excluding Goodwill": NaN,
        "Net Income From Continuing Operation Net Minority Interest": NaN,
        "Reconciled Depreciation": NaN,
        "Reconciled Cost Of Revenue": NaN,
        "EBITDA": NaN,
        "EBIT": NaN,
        "Net Interest Income": NaN,
        "Interest Expense": NaN,
        "Normalized Income": NaN,
        "Net Income From Continuing And Discontinued Operation": NaN,
        "Total Expenses": NaN,
        "Total Operating Income As Reported": NaN,
        "Diluted Average Shares": NaN,
        "Basic Average Shares": NaN,
        "Diluted EPS": NaN,
        "Basic EPS": NaN,
        "Diluted NI Availto Com Stockholders": NaN,
        "Net Income Common Stockholders": NaN,
        "Net Income": NaN,
        "Net Income Including Noncontrolling Interests": NaN,
        "Net Income Discontinuous Operations": 0.0,
        "Net Income Continuous Operations": NaN,
        "Tax Provision": NaN,
        "Pretax Income": NaN,
        "Other Income Expense": NaN,
        "Special Income Charges": NaN,
        "Write Off": NaN,
        "Impairment Of Capital Assets": 13024000.0,
        "Restructuring And Mergern Acquisition": NaN,
        "Earnings From Equity Interest": NaN,
        "Gain On Sale Of Security": NaN,
        "Net Non Operating Interest Income Expense": NaN,
        "Interest Expense Non Operating": NaN,
        "Operating Income": NaN,
        "Operating Expense": NaN,
        "Other Taxes": NaN,
        "Research And Development": NaN,
        "Selling General And Administration": NaN,
        "Selling And Marketing Expense": NaN,
        "General And Administrative Expense": NaN,
        "Other Gand A": NaN,
        "Salaries And Wages": NaN,
        "Gross Profit": NaN,
        "Cost Of Revenue": NaN,
        "Total Revenue": NaN,
        "Operating Revenue": NaN
    },
    "2022-09-30": {
        "Tax Effect Of Unusual Items": NaN,
        "Tax Rate For Calcs": NaN,
        "Normalized EBITDA": NaN,
        "Total Unusual Items": NaN,
        "Total Unusual Items Excluding Goodwill": NaN,
        "Net Income From Continuing Operation Net Minority Interest": NaN,
        "Reconciled Depreciation": NaN,
        "Reconciled Cost Of Revenue": NaN,
        "EBITDA": NaN,
        "EBIT": NaN,
        "Net Interest Income": NaN,
        "Interest Expense": NaN,
        "Normalized Income": NaN,
        "Net Income From Continuing And Discontinued Operation": NaN,
        "Total Expenses": NaN,
        "Total Operating Income As Reported": NaN,
        "Diluted Average Shares": NaN,
        "Basic Average Shares": NaN,
        "Diluted EPS": NaN,
        "Basic EPS": NaN,
        "Diluted NI Availto Com Stockholders": NaN,
        "Net Income Common Stockholders": NaN,
        "Net Income": NaN,
        "Net Income Including Noncontrolling Interests": NaN,
        "Net Income Discontinuous Operations": 0.0,
        "Net Income Continuous Operations": NaN,
        "Tax Provision": NaN,
        "Pretax Income": NaN,
        "Other Income Expense": NaN,
        "Other Non Operating Income Expenses": -45000.0,
        "Special Income Charges": NaN,
        "Write Off": NaN,
        "Impairment Of Capital Assets": 0.0,
        "Restructuring And Mergern Acquisition": NaN,
        "Earnings From Equity Interest": NaN,
        "Gain On Sale Of Security": NaN,
        "Net Non Operating Interest Income Expense": NaN,
        "Interest Expense Non Operating": NaN,
        "Operating Income": NaN,
        "Operating Expense": NaN,
        "Other Taxes": NaN,
        "Research And Development": NaN,
        "Selling General And Administration": NaN,
        "Selling And Marketing Expense": NaN,
        "General And Administrative Expense": NaN,
        "Other Gand A": NaN,
        "Salaries And Wages": NaN,
        "Gross Profit": NaN,
        "Cost Of Revenue": NaN,
        "Total Revenue": NaN,
        "Operating Revenue": NaN
    },
    "2022-06-30": {
        "Tax Effect Of Unusual Items": -5389600.0,
        "Tax Rate For Calcs": 0.4,
        "Normalized EBITDA": -38480000.0,
        "Total Unusual Items": -13474000.0,
        "Total Unusual Items Excluding Goodwill": -13474000.0,
        "Net Income From Continuing Operation Net Minority Interest": -55791000.0,
        "Reconciled Depreciation": 3441000.0,
        "Reconciled Cost Of Revenue": 23135000.0,
        "EBITDA": -51954000.0,
        "EBIT": -55395000.0,
        "Net Interest Income": -308000.0,
        "Interest Expense": 308000.0,
        "Normalized Income": -47706600.0,
        "Net Income From Continuing And Discontinued Operation": -55791000.0,
        "Total Expenses": 61189000.0,
        "Total Operating Income As Reported": -40664000.0,
        "Diluted Average Shares": 298155452.0,
        "Basic Average Shares": 298155452.0,
        "Diluted EPS": -0.19,
        "Basic EPS": -0.19,
        "Diluted NI Availto Com Stockholders": -55791000.0,
        "Net Income Common Stockholders": -55791000.0,
        "Net Income": -55791000.0,
        "Net Income Including Noncontrolling Interests": -55791000.0,
        "Net Income Discontinuous Operations": 0.0,
        "Net Income Continuous Operations": -55791000.0,
        "Tax Provision": 88000.0,
        "Pretax Income": -55703000.0,
        "Other Income Expense": -15138000.0,
        "Other Non Operating Income Expenses": -56000.0,
        "Special Income Charges": -439000.0,
        "Write Off": 0.0,
        "Impairment Of Capital Assets": NaN,
        "Restructuring And Mergern Acquisition": 439000.0,
        "Earnings From Equity Interest": -1608000.0,
        "Gain On Sale Of Security": -13035000.0,
        "Net Non Operating Interest Income Expense": -308000.0,
        "Interest Expense Non Operating": 308000.0,
        "Operating Income": -40257000.0,
        "Operating Expense": 38054000.0,
        "Other Taxes": 0.0,
        "Research And Development": 26633000.0,
        "Selling General And Administration": 11421000.0,
        "Selling And Marketing Expense": 3160000.0,
        "General And Administrative Expense": 8261000.0,
        "Other Gand A": 8229000.0,
        "Salaries And Wages": 32000.0,
        "Gross Profit": -2203000.0,
        "Cost Of Revenue": 23135000.0,
        "Total Revenue": 20932000.0,
        "Operating Revenue": 20932000.0
    },
    "2022-03-31": {
        "Diluted EPS": -0.14,
        "Total Revenue": 21,
        "Gross Profit": 0,
        "Operating Income": -31,
        "EBIT": -27,
        "Net Income": -40
    },
    "2021-12-31": {
        "Diluted EPS": -0.16,
        "Total Revenue": 37,
        "Gross Profit": 5,
        "Operating Income": -28,
        "EBIT": -24,
        "Net Income": -44
    },
    "2021-09-30": {
        "Diluted EPS": -0.1,
        "Total Revenue": 25,
        "Gross Profit": 3,
        "Operating Income": -25,
        "EBIT": -22,
        "Net Income": -31
    },
    "2021-06-30": {
        "Diluted EPS": -0.07,
        "Total Revenue": 25,
        "Gross Profit": 4,
        "Operating Income": -21,
        "EBIT": -18,
        "Net Income": -22
    },
    "2021-03-31": {
        "Diluted EPS": -0.06,
        "Total Revenue": 18,
        "Gross Profit": 3,
        "Operating Income": -15,
        "EBIT": -13,
        "Net Income": -18
    },
    "2020-12-31": {
        "Diluted EPS": -0.06,
        "Total Revenue": 29,
        "Gross Profit": 6,
        "Operating Income": -14,
        "EBIT": -12,
        "Net Income": -15
    },
    "2020-09-30": {
        "Diluted EPS": -0.05,
        "Total Revenue": 26,
        "Gross Profit": 5,
        "Operating Income": -8,
        "EBIT": -5,
        "Net Income": -12
    },
    "2020-06-30": {
        "Diluted EPS": -0.04,
        "Total Revenue": 26,
        "Gross Profit": 6,
        "Operating Income": -8,
        "EBIT": -6,
        "Net Income": -11
    },
    "2020-03-31": {
        "Diluted EPS": -0.06,
        "Total Revenue": 24,
        "Gross Profit": 5,
        "Operating Income": -10,
        "EBIT": -8,
        "Net Income": -14
    },
    "2019-12-31": {
        "Diluted EPS": -0.05,
        "Total Revenue": 41,
        "Gross Profit": 8,
        "Operating Income": -6,
        "EBIT": -4,
        "Net Income": -10
    },
    "2019-09-30": {
        "Diluted EPS": -0.04,
        "Total Revenue": 25,
        "Gross Profit": 6,
        "Operating Income": -6,
        "EBIT": -5,
        "Net Income": -10
    },
    "2019-06-30": {
        "Diluted EPS": -0.03,
        "Total Revenue": 24,
        "Gross Profit": 6,
        "Operating Income": -5,
        "EBIT": -3,
        "Net Income": -7
    },
    "2019-03-31": {
        "Diluted EPS": -0.05,
        "Total Revenue": 16,
        "Gross Profit": 2,
        "Operating Income": -9,
        "EBIT": -7,
        "Net Income": -12
    },
    "2018-12-31": {
        "Diluted EPS": -0.07,
        "Total Revenue": 28,
        "Gross Profit": 7,
        "Operating Income": -6,
        "EBIT": -5,
        "Net Income": -11
    },
    "2018-09-30": {
        "Diluted EPS": -0.03,
        "Total Revenue": 22,
        "Gross Profit": 6,
        "Operating Income": -5,
        "EBIT": -4,
        "Net Income": -6
    },
    "2018-06-30": {
        "Diluted EPS": -0.02,
        "Total Revenue": 26,
        "Gross Profit": 9,
        "Operating Income": -3,
        "EBIT": -2,
        "Net Income": -4
    },
    "2018-03-31": {
        "Diluted EPS": -0.03,
        "Total Revenue": 20,
        "Gross Profit": 7,
        "Operating Income": -6,
        "EBIT": -5,
        "Net Income": -6
    },
    "2017-12-31": {
        "Diluted EPS": -0.01,
        "Total Revenue": 40,
        "Gross Profit": 13,
        "Operating Income": -1,
        "EBIT": 1,
        "Net Income": -3
    },
    "2017-09-30": {
        "Diluted EPS": -0.01,
        "Total Revenue": 32,
        "Gross Profit": 10,
        "Operating Income": -1,
        "EBIT": 0,
        "Net Income": -1
    },
    "2017-06-30": {
        "Diluted EPS": -0.01,
        "Total Revenue": 27,
        "Gross Profit": 9,
        "Operating Income": -1,
        "EBIT": 0,
        "Net Income": -1
    },
    "2017-03-31": {
        "Diluted EPS": -0.02,
        "Total Revenue": 23,
        "Gross Profit": 10,
        "Operating Income": -2,
        "EBIT": -1,
        "Net Income": -3
    },
    "2016-12-31": {
        "Diluted EPS": 0.0,
        "Total Revenue": 31,
        "Gross Profit": 9,
        "Operating Income": 0,
        "EBIT": 1,
        "Net Income": -1
    },
    "2016-09-30": {
        "Diluted EPS": -0.03,
        "Total Revenue": 21,
        "Gross Profit": 6,
        "Operating Income": -4,
        "EBIT": -3,
        "Net Income": -4
    },
    "2016-06-30": {
        "Diluted EPS": -0.04,
        "Total Revenue": 18,
        "Gross Profit": 5,
        "Operating Income": -5,
        "EBIT": -4,
        "Net Income": -6
    },
    "2016-03-31": {
        "Diluted EPS": -0.06,
        "Total Revenue": 16,
        "Gross Profit": 3,
        "Operating Income": -10,
        "EBIT": -8,
        "Net Income": -10
    },
    "2015-12-31": {
        "Diluted EPS": 0.0,
        "Total Revenue": 20,
        "Gross Profit": 4,
        "Operating Income": -5,
        "EBIT": -4,
        "Net Income": -1
    },
    "2015-09-30": {
        "Diluted EPS": -0.03,
        "Total Revenue": 16,
        "Gross Profit": 4,
        "Operating Income": -5,
        "EBIT": -4,
        "Net Income": -4
    },
    "2015-06-30": {
        "Diluted EPS": -0.06,
        "Total Revenue": 11,
        "Gross Profit": 1,
        "Operating Income": -8,
        "EBIT": -7,
        "Net Income": -7
    },
    "2015-03-31": {
        "Diluted EPS": 0.05,
        "Total Revenue": 9,
        "Gross Profit": 1,
        "Operating Income": -7,
        "EBIT": -6,
        "Net Income": 7
    },
    "2014-12-31": {
        "Diluted EPS": -0.14,
        "Total Revenue": 16,
        "Gross Profit": -3,
        "Operating Income": -18,
        "EBIT": -16,
        "Net Income": -17
    },
    "2014-09-30": {
        "Diluted EPS": -0.02,
        "Total Revenue": 21,
        "Gross Profit": 5,
        "Operating Income": -2,
        "EBIT": -1,
        "Net Income": -2
    },
    "2014-06-30": {
        "Diluted EPS": -0.03,
        "Total Revenue": 18,
        "Gross Profit": 5,
        "Operating Income": -4,
        "EBIT": -2,
        "Net Income": -4
    },
    "2014-03-31": {
        "Diluted EPS": -0.03,
        "Total Revenue": 14,
        "Gross Profit": 4,
        "Operating Income": -4,
        "EBIT": -3,
        "Net Income": -4
    },
    "2013-12-31": {
        "Diluted EPS": -0.01,
        "Total Revenue": 17,
        "Gross Profit": 6,
        "Operating Income": -3,
        "EBIT": -1,
        "Net Income": -2
    },
    "2013-09-30": {
        "Diluted EPS": -0.05,
        "Total Revenue": 17,
        "Gross Profit": 5,
        "Operating Income": -4,
        "EBIT": -2,
        "Net Income": -5
    },
    "2013-06-30": {
        "Diluted EPS": -0.05,
        "Total Revenue": 15,
        "Gross Profit": 3,
        "Operating Income": -6,
        "EBIT": -4,
        "Net Income": -6
    },
    "2013-03-31": {
        "Diluted EPS": -0.09,
        "Total Revenue": 12,
        "Gross Profit": 3,
        "Operating Income": -7,
        "EBIT": -6,
        "Net Income": -8
    },
    "2012-12-31": {
        "Diluted EPS": -0.2,
        "Total Revenue": 16,
        "Gross Profit": 4,
        "Operating Income": -6,
        "EBIT": -5,
        "Net Income": -18
    },
    "2012-09-30": {
        "Diluted EPS": -0.1,
        "Total Revenue": 10,
        "Gross Profit": 1,
        "Operating Income": -9,
        "EBIT": -7,
        "Net Income": -9
    },
    "2012-06-30": {
        "Diluted EPS": -0.08,
        "Total Revenue": 7,
        "Gross Profit": 0,
        "Operating Income": -7,
        "EBIT": -6,
        "Net Income": -7
    },
    "2012-03-31": {
        "Diluted EPS": -0.1,
        "Total Revenue": 10,
        "Gross Profit": 2,
        "Operating Income": -9,
        "EBIT": -7,
        "Net Income": -8
    },
    "2011-12-31": {
        "Diluted EPS": -0.1,
        "Total Revenue": 1,
        "Gross Profit": -2,
        "Operating Income": -9,
        "EBIT": -8,
        "Net Income": -7
    },
    "2011-09-30": {
        "Diluted EPS": -0.08,
        "Total Revenue": 21,
        "Gross Profit": 4,
        "Operating Income": -8,
        "EBIT": -6,
        "Net Income": -7
    },
    "2011-06-30": {
        "Diluted EPS": -0.1,
        "Total Revenue": 19,
        "Gross Profit": 3,
        "Operating Income": -9,
        "EBIT": -8,
        "Net Income": -9
    },
    "2011-03-31": {
        "Diluted EPS": -0.12,
        "Total Revenue": 15,
        "Gross Profit": 2,
        "Operating Income": -11,
        "EBIT": -10,
        "Net Income": -11
    },
    "2010-12-31": {
        "Diluted EPS": -0.09,
        "Total Revenue": 21,
        "Gross Profit": 5,
        "Operating Income": -10,
        "EBIT": -5,
        "Net Income": -9
    },
    "2010-09-30": {
        "Diluted EPS": -0.07,
        "Total Revenue": 17,
        "Gross Profit": 2,
        "Operating Income": -10,
        "EBIT": -9,
        "Net Income": -6
    },
    "2010-06-30": {
        "Diluted EPS": -0.13,
        "Total Revenue": 16,
        "Gross Profit": 1,
        "Operating Income": -12,
        "EBIT": -10,
        "Net Income": -11
    },
    "2010-03-31": {
        "Diluted EPS": -0.08,
        "Total Revenue": 12,
        "Gross Profit": 2,
        "Operating Income": -11,
        "EBIT": -9,
        "Net Income": -7
    },
    "2009-12-31": {
        "Diluted EPS": 0.31,
        "Total Revenue": 17,
        "Gross Profit": 2,
        "Operating Income": -12,
        "EBIT": -8,
        "Net Income": 26
    },
    "2009-09-30": {
        "Diluted EPS": -0.14,
        "Total Revenue": 9,
        "Gross Profit": 1,
        "Operating Income": -13,
        "EBIT": -11,
        "Net Income": -11
    },
    "2009-06-30": {
        "Diluted EPS": 0.02,
        "Total Revenue": 13,
        "Gross Profit": 2,
        "Operating Income": -12,
        "EBIT": -10,
        "Net Income": 2
    },
    "2009-03-31": {
        "Diluted EPS": -0.23,
        "Total Revenue": 8,
        "Gross Profit": 0,
        "Operating Income": -15,
        "EBIT": -13,
        "Net Income": -19
    },
    "2023-06-30": {
        "Tax Effect Of Unusual Items": NaN,
        "Tax Rate For Calcs": NaN,
        "Normalized EBITDA": NaN,
        "Total Unusual Items": NaN,
        "Total Unusual Items Excluding Goodwill": NaN,
        "Net Income From Continuing Operation Net Minority Interest": NaN,
        "Reconciled Depreciation": NaN,
        "Reconciled Cost Of Revenue": NaN,
        "EBITDA": NaN,
        "EBIT": NaN,
        "Net Interest Income": NaN,
        "Interest Expense": NaN,
        "Normalized Income": NaN,
        "Net Income From Continuing And Discontinued Operation": NaN,
        "Total Expenses": NaN,
        "Total Operating Income As Reported": NaN,
        "Diluted Average Shares": 298678945.0,
        "Basic Average Shares": 298678945.0,
        "Diluted EPS": -0.09,
        "Basic EPS": -0.09,
        "Diluted NI Availto Com Stockholders": NaN,
        "Net Income Common Stockholders": NaN,
        "Net Income": NaN,
        "Net Income Including Noncontrolling Interests": NaN,
        "Net Income Discontinuous Operations": -1883000.0,
        "Net Income Continuous Operations": NaN,
        "Tax Provision": NaN,
        "Pretax Income": NaN,
        "Other Income Expense": NaN,
        "Special Income Charges": NaN,
        "Write Off": NaN,
        "Impairment Of Capital Assets": NaN,
        "Restructuring And Mergern Acquisition": NaN,
        "Earnings From Equity Interest": NaN,
        "Gain On Sale Of Security": NaN,
        "Net Non Operating Interest Income Expense": NaN,
        "Total Other Finance Cost": NaN,
        "Interest Expense Non Operating": NaN,
        "Operating Income": NaN,
        "Operating Expense": NaN,
        "Other Taxes": 100000.0,
        "Research And Development": NaN,
        "Selling General And Administration": NaN,
        "Selling And Marketing Expense": NaN,
        "General And Administrative Expense": NaN,
        "Other Gand A": NaN,
        "Salaries And Wages": 60000.0,
        "Gross Profit": NaN,
        "Cost Of Revenue": NaN,
        "Total Revenue": NaN,
        "Operating Revenue": NaN
    },
    "2023-09-30": {
        "Tax Effect Of Unusual Items": 2760000.0,
        "Tax Rate For Calcs": 0.4,
        "Normalized EBITDA": -38092000.0,
        "Total Unusual Items": 6900000.0,
        "Total Unusual Items Excluding Goodwill": 6900000.0,
        "Net Income From Continuing Operation Net Minority Interest": -34721000.0,
        "Reconciled Depreciation": 3219000.0,
        "Reconciled Cost Of Revenue": 29922000.0,
        "EBITDA": -31192000.0,
        "EBIT": -34411000.0,
        "Net Interest Income": -302000.0,
        "Interest Expense": 290000.0,
        "Normalized Income": -38861000.0,
        "Net Income From Continuing And Discontinued Operation": -62454000.0,
        "Total Expenses": 64327000.0,
        "Total Operating Income As Reported": -37555000.0,
        "Diluted Average Shares": 298702372.0,
        "Basic Average Shares": 298702372.0,
        "Diluted EPS": -0.12,
        "Basic EPS": -0.12,
        "Diluted NI Availto Com Stockholders": -62454000.0,
        "Net Income Common Stockholders": -62454000.0,
        "Net Income": -62454000.0,
        "Net Income Including Noncontrolling Interests": -62454000.0,
        "Net Income Discontinuous Operations": -27733000.0,
        "Net Income Continuous Operations": -34721000.0,
        "Tax Provision": 20000.0,
        "Pretax Income": -34701000.0,
        "Other Income Expense": 2868000.0,
        "Special Income Charges": -288000.0,
        "Write Off": 45000.0,
        "Impairment Of Capital Assets": 0.0,
        "Restructuring And Mergern Acquisition": 243000.0,
        "Earnings From Equity Interest": -4032000.0,
        "Gain On Sale Of Security": 7188000.0,
        "Net Non Operating Interest Income Expense": -302000.0,
        "Total Other Finance Cost": 12000.0,
        "Interest Expense Non Operating": 290000.0,
        "Operating Income": -37267000.0,
        "Operating Expense": 34405000.0,
        "Other Taxes": 0.0,
        "Research And Development": 23866000.0,
        "Selling General And Administration": 10539000.0,
        "Selling And Marketing Expense": 3569000.0,
        "General And Administrative Expense": 6970000.0,
        "Other Gand A": 6970000.0,
        "Salaries And Wages": 12000.0,
        "Gross Profit": -2862000.0,
        "Cost Of Revenue": 29922000.0,
        "Total Revenue": 27060000.0,
        "Operating Revenue": 27060000.0
    },
    "2023-12-31": {
        "Tax Effect Of Unusual Items": 9952800.0,
        "Tax Rate For Calcs": 0.4,
        "Normalized EBITDA": -38342000.0,
        "Total Unusual Items": 24882000.0,
        "Total Unusual Items Excluding Goodwill": 24882000.0,
        "Net Income From Continuing Operation Net Minority Interest": -17742000.0,
        "Reconciled Depreciation": 3959000.0,
        "Reconciled Cost Of Revenue": 56419000.0,
        "EBITDA": -13460000.0,
        "EBIT": -17419000.0,
        "Net Interest Income": -283000.0,
        "Interest Expense": 283000.0,
        "Normalized Income": -32671200.0,
        "Net Income From Continuing And Discontinued Operation": -51248000.0,
        "Total Expenses": 84097000.0,
        "Total Operating Income As Reported": -40037000.0,
        "Diluted Average Shares": NaN,
        "Basic Average Shares": NaN,
        "Diluted EPS": NaN,
        "Basic EPS": NaN,
        "Diluted NI Availto Com Stockholders": -51248000.0,
        "Net Income Common Stockholders": -51248000.0,
        "Net Income": -51248000.0,
        "Net Income Including Noncontrolling Interests": -51248000.0,
        "Net Income Discontinuous Operations": NaN,
        "Net Income Continuous Operations": -17742000.0,
        "Tax Provision": 40000.0,
        "Pretax Income": -17702000.0,
        "Other Income Expense": 20538000.0,
        "Special Income Charges": 23210000.0,
        "Write Off": 1436000.0,
        "Impairment Of Capital Assets": -25290000.0,
        "Restructuring And Mergern Acquisition": 644000.0,
        "Earnings From Equity Interest": -4344000.0,
        "Gain On Sale Of Security": 1672000.0,
        "Net Non Operating Interest Income Expense": -283000.0,
        "Total Other Finance Cost": NaN,
        "Interest Expense Non Operating": 283000.0,
        "Operating Income": -37957000.0,
        "Operating Expense": 27678000.0,
        "Other Taxes": 0.0,
        "Research And Development": 20331000.0,
        "Selling General And Administration": 7347000.0,
        "Selling And Marketing Expense": 3581000.0,
        "General And Administrative Expense": 3766000.0,
        "Other Gand A": 3766000.0,
        "Salaries And Wages": 15000.0,
        "Gross Profit": -10279000.0,
        "Cost Of Revenue": 56419000.0,
        "Total Revenue": 46140000.0,
        "Operating Revenue": 46140000.0
    },
    "2024-03-31": {
        "Tax Effect Of Unusual Items": 151500.0,
        "Tax Rate For Calcs": 0.15,
        "Normalized EBITDA": -38123000.0,
        "Total Unusual Items": 1010000.0,
        "Total Unusual Items Excluding Goodwill": 1010000.0,
        "Net Income From Continuing Operation Net Minority Interest": -41066000.0,
        "Reconciled Depreciation": 3486000.0,
        "Reconciled Cost Of Revenue": 19867000.0,
        "EBITDA": -37113000.0,
        "EBIT": -40599000.0,
        "Net Interest Income": -432000.0,
        "Interest Expense": 432000.0,
        "Normalized Income": -41924500.0,
        "Net Income From Continuing And Discontinued Operation": -41292000.0,
        "Total Expenses": 55227000.0,
        "Total Operating Income As Reported": -42475000.0,
        "Diluted Average Shares": 299010734.0,
        "Basic Average Shares": 299010734.0,
        "Diluted EPS": -0.14,
        "Basic EPS": -0.14,
        "Diluted NI Availto Com Stockholders": -41292000.0,
        "Net Income Common Stockholders": -41292000.0,
        "Net Income": -41292000.0,
        "Net Income Including Noncontrolling Interests": -41292000.0,
        "Net Income Discontinuous Operations": -226000.0,
        "Net Income Continuous Operations": -41066000.0,
        "Tax Provision": 35000.0,
        "Pretax Income": -41031000.0,
        "Other Income Expense": 176000.0,
        "Special Income Charges": -1700000.0,
        "Write Off": 1670000.0,
        "Impairment Of Capital Assets": NaN,
        "Restructuring And Mergern Acquisition": 30000.0,
        "Earnings From Equity Interest": -834000.0,
        "Gain On Sale Of Security": 2710000.0,
        "Net Non Operating Interest Income Expense": -432000.0,
        "Total Other Finance Cost": NaN,
        "Interest Expense Non Operating": 432000.0,
        "Operating Income": -40775000.0,
        "Operating Expense": 35360000.0,
        "Other Taxes": NaN,
        "Research And Development": 25308000.0,
        "Selling General And Administration": 10052000.0,
        "Selling And Marketing Expense": 3183000.0,
        "General And Administrative Expense": 6869000.0,
        "Other Gand A": 6869000.0,
        "Salaries And Wages": 1000.0,
        "Gross Profit": -5415000.0,
        "Cost Of Revenue": 19867000.0,
        "Total Revenue": 14452000.0,
        "Operating Revenue": 14452000.0
    },
    "2024-06-30": {
        "Tax Effect Of Unusual Items": 1626150.0,
        "Tax Rate For Calcs": 0.15,
        "Normalized EBITDA": -37785000.0,
        "Total Unusual Items": 10841000.0,
        "Total Unusual Items Excluding Goodwill": 10841000.0,
        "Net Income From Continuing Operation Net Minority Interest": -31463000.0,
        "Reconciled Depreciation": 3853000.0,
        "Reconciled Cost Of Revenue": 21127000.0,
        "EBITDA": -26944000.0,
        "EBIT": -30797000.0,
        "Net Interest Income": -598000.0,
        "Interest Expense": 598000.0,
        "Normalized Income": -40677850.0,
        "Net Income From Continuing And Discontinued Operation": -31464000.0,
        "Total Expenses": 57173000.0,
        "Total Operating Income As Reported": -41352000.0,
        "Diluted Average Shares": 299392029.0,
        "Basic Average Shares": 299392029.0,
        "Diluted EPS": -0.11,
        "Basic EPS": -0.11,
        "Diluted NI Availto Com Stockholders": -31464000.0,
        "Net Income Common Stockholders": -31464000.0,
        "Net Income": -31464000.0,
        "Net Income Including Noncontrolling Interests": -31464000.0,
        "Net Income Discontinuous Operations": -1000.0,
        "Net Income Continuous Operations": -31463000.0,
        "Tax Provision": 68000.0,
        "Pretax Income": -31395000.0,
        "Other Income Expense": 10373000.0,
        "Special Income Charges": -182000.0,
        "Write Off": 21000.0,
        "Impairment Of Capital Assets": NaN,
        "Restructuring And Mergern Acquisition": 161000.0,
        "Earnings From Equity Interest": -468000.0,
        "Gain On Sale Of Security": 11023000.0,
        "Net Non Operating Interest Income Expense": -598000.0,
        "Total Other Finance Cost": NaN,
        "Interest Expense Non Operating": 598000.0,
        "Operating Income": -41170000.0,
        "Operating Expense": 36046000.0,
        "Other Taxes": 0.0,
        "Research And Development": 25535000.0,
        "Selling General And Administration": 10511000.0,
        "Selling And Marketing Expense": 4419000.0,
        "General And Administrative Expense": 6092000.0,
        "Other Gand A": 6092000.0,
        "Salaries And Wages": 8000.0,
        "Gross Profit": -5124000.0,
        "Cost Of Revenue": 21127000.0,
        "Total Revenue": 16003000.0,
        "Operating Revenue": 16003000.0
    },
    "2024-09-30": {
        "Tax Effect Of Unusual Items": 0.0,
        "Tax Rate For Calcs": 0.0,
        "Normalized EBITDA": -36651000.0,
        "Total Unusual Items": -163759000.0,
        "Total Unusual Items Excluding Goodwill": -163759000.0,
        "Net Income From Continuing Operation Net Minority Interest": -204531000.0,
        "Reconciled Depreciation": 3535000.0,
        "Reconciled Cost Of Revenue": 22972000.0,
        "EBITDA": -200410000.0,
        "EBIT": -203945000.0,
        "Net Interest Income": -588000.0,
        "Interest Expense": 586000.0,
        "Normalized Income": -40772000.0,
        "Net Income From Continuing And Discontinued Operation": -205018000.0,
        "Total Expenses": 53829000.0,
        "Total Operating Income As Reported": -63083000.0,
        "Diluted Average Shares": 299411559.0,
        "Basic Average Shares": 299411559.0,
        "Diluted EPS": -0.68,
        "Basic EPS": -0.68,
        "Diluted NI Availto Com Stockholders": -205018000.0,
        "Net Income Common Stockholders": -205018000.0,
        "Net Income": -205018000.0,
        "Net Income Including Noncontrolling Interests": -205018000.0,
        "Net Income Discontinuous Operations": -487000.0,
        "Net Income Continuous Operations": -204531000.0,
        "Tax Provision": 0.0,
        "Pretax Income": -204531000.0,
        "Other Income Expense": -164870000.0,
        "Special Income Charges": -171049000.0,
        "Write Off": 7863000.0,
        "Impairment Of Capital Assets": 147039000.0,
        "Restructuring And Mergern Acquisition": 16147000.0,
        "Earnings From Equity Interest": -1111000.0,
        "Gain On Sale Of Security": 7290000.0,
        "Net Non Operating Interest Income Expense": -588000.0,
        "Total Other Finance Cost": 2000.0,
        "Interest Expense Non Operating": 586000.0,
        "Operating Income": -39073000.0,
        "Operating Expense": 30857000.0,
        "Other Taxes": 0.0,
        "Research And Development": 23742000.0,
        "Selling General And Administration": 7115000.0,
        "Selling And Marketing Expense": 2834000.0,
        "General And Administrative Expense": 4281000.0,
        "Other Gand A": 4281000.0,
        "Salaries And Wages": NaN,
        "Gross Profit": -8216000.0,
        "Cost Of Revenue": 22972000.0,
        "Total Revenue": 14756000.0,
        "Operating Revenue": 14756000.0
    }
}