{
    "2023-03-31": {
        "Tax Effect Of Unusual Items": 0.0,
        "Tax Rate For Calcs": 0.21476,
        "Normalized EBITDA": 603732000.0,
        "Net Income From Continuing Operation Net Minority Interest": 333786000.0,
        "Reconciled Depreciation": 136549000.0,
        "Reconciled Cost Of Revenue": 2511914000.0,
        "EBIT": 467183000.0,
        "Net Interest Income": -42108000.0,
        "Interest Expense": 42108000.0,
        "Normalized Income": 333786000.0,
        "Net Income From Continuing And Discontinued Operation": 333786000.0,
        "Total Expenses": 3416131000.0,
        "Total Operating Income As Reported": 467183000.0,
        "Diluted Average Shares": 138412000.0,
        "Basic Average Shares": 137074000.0,
        "Diluted EPS": 2.41,
        "Basic EPS": 2.44,
        "Diluted NI Availto Com Stockholders": 333786000.0,
        "Net Income Common Stockholders": 333786000.0,
        "Net Income": 333786000.0,
        "Net Income Including Noncontrolling Interests": 333786000.0,
        "Net Income Continuous Operations": 333786000.0,
        "Tax Provision": 91289000.0,
        "Pretax Income": 425075000.0,
        "Net Non Operating Interest Income Expense": -42108000.0,
        "Interest Expense Non Operating": 42108000.0,
        "Operating Income": 467183000.0,
        "Operating Expense": 904217000.0,
        "Selling General And Administration": 904217000.0,
        "Gross Profit": 1371400000.0,
        "Cost Of Revenue": 2511914000.0,
        "Total Revenue": 3883314000.0,
        "Operating Revenue": 3883314000.0
    },
    "2022-12-31": {
        "Tax Effect Of Unusual Items": 0.0,
        "Tax Rate For Calcs": 0.205177,
        "Normalized EBITDA": 667673000.0,
        "Net Income From Continuing Operation Net Minority Interest": 384513000.0,
        "Reconciled Depreciation": 141668000.0,
        "Reconciled Cost Of Revenue": 2872438000.0,
        "EBIT": 526005000.0,
        "Net Interest Income": -42233000.0,
        "Interest Expense": 42233000.0,
        "Normalized Income": 384513000.0,
        "Net Income From Continuing And Discontinued Operation": 384513000.0,
        "Total Expenses": 3831560000.0,
        "Total Operating Income As Reported": 526005000.0,
        "Diluted Average Shares": NaN,
        "Basic Average Shares": NaN,
        "Diluted EPS": NaN,
        "Basic EPS": NaN,
        "Diluted NI Availto Com Stockholders": 384513000.0,
        "Net Income Common Stockholders": 384513000.0,
        "Net Income": 384513000.0,
        "Net Income Including Noncontrolling Interests": 384513000.0,
        "Net Income Continuous Operations": 384513000.0,
        "Tax Provision": 99259000.0,
        "Pretax Income": 483772000.0,
        "Net Non Operating Interest Income Expense": -42233000.0,
        "Interest Expense Non Operating": 42233000.0,
        "Operating Income": 526005000.0,
        "Operating Expense": 959122000.0,
        "Selling General And Administration": 959122000.0,
        "Gross Profit": 1485127000.0,
        "Cost Of Revenue": 2872438000.0,
        "Total Revenue": 4357565000.0,
        "Operating Revenue": 4357565000.0
    },
    "2022-09-30": {
        "Tax Effect Of Unusual Items": 0.0,
        "Tax Rate For Calcs": 0.239,
        "Normalized EBITDA": 1140195000.0,
        "Net Income From Continuing Operation Net Minority Interest": 738007000.0,
        "Reconciled Depreciation": 125667000.0,
        "Reconciled Cost Of Revenue": 3746731000.0,
        "EBIT": 1014528000.0,
        "Net Interest Income": -44111000.0,
        "Interest Expense": 44111000.0,
        "Normalized Income": 738007000.0,
        "Net Income From Continuing And Discontinued Operation": 738007000.0,
        "Total Expenses": 4746935000.0,
        "Total Operating Income As Reported": 1014528000.0,
        "Diluted Average Shares": 156493000.0,
        "Basic Average Shares": 155309000.0,
        "Diluted EPS": 4.72,
        "Basic EPS": 4.75,
        "Diluted NI Availto Com Stockholders": 738007000.0,
        "Net Income Common Stockholders": 738007000.0,
        "Net Income": 738007000.0,
        "Net Income Including Noncontrolling Interests": 738007000.0,
        "Net Income Continuous Operations": 738007000.0,
        "Tax Provision": 232410000.0,
        "Pretax Income": 970417000.0,
        "Net Non Operating Interest Income Expense": -44111000.0,
        "Interest Expense Non Operating": 44111000.0,
        "Operating Income": 1014528000.0,
        "Operating Expense": 1000204000.0,
        "Selling General And Administration": 1000204000.0,
        "Gross Profit": 2014732000.0,
        "Cost Of Revenue": 3746731000.0,
        "Total Revenue": 5761463000.0,
        "Operating Revenue": 5761463000.0
    },
    "2022-06-30": {
        "Tax Effect Of Unusual Items": 0.0,
        "Tax Rate For Calcs": 0.238,
        "Normalized EBITDA": 1483727000.0,
        "Net Income From Continuing Operation Net Minority Interest": 987209000.0,
        "Reconciled Depreciation": 117859000.0,
        "Reconciled Cost Of Revenue": 4514112000.0,
        "EBIT": 1365868000.0,
        "Net Interest Income": -70715000.0,
        "Interest Expense": 70715000.0,
        "Normalized Income": 987209000.0,
        "Net Income From Continuing And Discontinued Operation": 987209000.0,
        "Total Expenses": 5560391000.0,
        "Total Operating Income As Reported": 1365868000.0,
        "Diluted Average Shares": 171549000.0,
        "Basic Average Shares": 170378000.0,
        "Diluted EPS": 5.75,
        "Basic EPS": 5.79,
        "Diluted NI Availto Com Stockholders": 987209000.0,
        "Net Income Common Stockholders": 987209000.0,
        "Net Income": 987209000.0,
        "Net Income Including Noncontrolling Interests": 987209000.0,
        "Net Income Continuous Operations": 987209000.0,
        "Tax Provision": 307944000.0,
        "Pretax Income": 1295153000.0,
        "Net Non Operating Interest Income Expense": -70715000.0,
        "Interest Expense Non Operating": 70715000.0,
        "Operating Income": 1365868000.0,
        "Operating Expense": 1046279000.0,
        "Selling General And Administration": 1046279000.0,
        "Gross Profit": 2412147000.0,
        "Cost Of Revenue": 4514112000.0,
        "Total Revenue": 6926259000.0,
        "Operating Revenue": 6926259000.0
    },
    "2023-06-30": {
        "Tax Effect Of Unusual Items": 0.0,
        "Tax Rate For Calcs": 0.227909,
        "Normalized EBITDA": 716038000.0,
        "Net Income From Continuing Operation Net Minority Interest": 404619000.0,
        "Reconciled Depreciation": 138966000.0,
        "Reconciled Cost Of Revenue": 2933944000.0,
        "EBIT": 577072000.0,
        "Net Interest Income": -53016000.0,
        "Interest Expense": 53016000.0,
        "Normalized Income": 404619000.0,
        "Net Income From Continuing And Discontinued Operation": 404619000.0,
        "Total Expenses": 3951818000.0,
        "Total Operating Income As Reported": 577072000.0,
        "Diluted Average Shares": 128066000.0,
        "Basic Average Shares": 126977000.0,
        "Diluted EPS": 3.16,
        "Basic EPS": 3.19,
        "Diluted NI Availto Com Stockholders": 404619000.0,
        "Net Income Common Stockholders": 404619000.0,
        "Net Income": 404619000.0,
        "Net Income Including Noncontrolling Interests": 404619000.0,
        "Net Income Continuous Operations": 404619000.0,
        "Tax Provision": 119437000.0,
        "Pretax Income": 524056000.0,
        "Net Non Operating Interest Income Expense": -53016000.0,
        "Interest Expense Non Operating": 53016000.0,
        "Operating Income": 577072000.0,
        "Operating Expense": 1017874000.0,
        "Selling General And Administration": 1017874000.0,
        "Gross Profit": 1594946000.0,
        "Cost Of Revenue": 2933944000.0,
        "Total Revenue": 4528890000.0,
        "Operating Revenue": 4528890000.0
    },
    "2022-03-31": {
        "Diluted EPS": 3.56,
        "Total Revenue": NaN,
        "Gross Profit": NaN,
        "Operating Income": 864,
        "EBIT": 976,
        "Net Income": 640
    },
    "2021-12-31": {
        "Diluted EPS": 2.28,
        "Total Revenue": NaN,
        "Gross Profit": NaN,
        "Operating Income": 622,
        "EBIT": 772,
        "Net Income": 442
    },
    "2021-09-30": {
        "Diluted EPS": 2.98,
        "Total Revenue": NaN,
        "Gross Profit": NaN,
        "Operating Income": 837,
        "EBIT": 977,
        "Net Income": 613
    },
    "2021-06-30": {
        "Diluted EPS": 2.39,
        "Total Revenue": NaN,
        "Gross Profit": NaN,
        "Operating Income": 680,
        "EBIT": 807,
        "Net Income": 497
    },
    "2021-03-31": {
        "Diluted EPS": 0.83,
        "Total Revenue": NaN,
        "Gross Profit": NaN,
        "Operating Income": 248,
        "EBIT": 382,
        "Net Income": 173
    },
    "2020-12-31": {
        "Diluted EPS": 1.19,
        "Total Revenue": NaN,
        "Gross Profit": 669,
        "Operating Income": 214,
        "EBIT": 247,
        "Net Income": 140
    },
    "2020-09-30": {
        "Diluted EPS": 0.73,
        "Total Revenue": NaN,
        "Gross Profit": 571,
        "Operating Income": 140,
        "EBIT": 169,
        "Net Income": 86
    },
    "2020-06-30": {
        "Diluted EPS": 0.67,
        "Total Revenue": NaN,
        "Gross Profit": 517,
        "Operating Income": 129,
        "EBIT": 158,
        "Net Income": 79
    },
    "2020-03-31": {
        "Diluted EPS": 0.07,
        "Total Revenue": NaN,
        "Gross Profit": 465,
        "Operating Income": 61,
        "EBIT": 90,
        "Net Income": 9
    },
    "2019-12-31": {
        "Diluted EPS": 0.35,
        "Total Revenue": NaN,
        "Gross Profit": 477,
        "Operating Income": 75,
        "EBIT": 104,
        "Net Income": 41
    },
    "2019-09-30": {
        "Diluted EPS": 0.67,
        "Total Revenue": NaN,
        "Gross Profit": 541,
        "Operating Income": 130,
        "EBIT": 155,
        "Net Income": 78
    },
    "2019-06-30": {
        "Diluted EPS": 0.57,
        "Total Revenue": NaN,
        "Gross Profit": 517,
        "Operating Income": 116,
        "EBIT": 140,
        "Net Income": 67
    },
    "2019-03-31": {
        "Diluted EPS": 0.31,
        "Total Revenue": NaN,
        "Gross Profit": 442,
        "Operating Income": 72,
        "EBIT": 97,
        "Net Income": 36
    },
    "2018-12-31": {
        "Diluted EPS": 0.44,
        "Total Revenue": NaN,
        "Gross Profit": 493,
        "Operating Income": 90,
        "EBIT": 117,
        "Net Income": 52
    },
    "2018-09-30": {
        "Diluted EPS": 0.63,
        "Total Revenue": NaN,
        "Gross Profit": 523,
        "Operating Income": 122,
        "EBIT": 148,
        "Net Income": 73
    },
    "2018-06-30": {
        "Diluted EPS": 0.49,
        "Total Revenue": NaN,
        "Gross Profit": 496,
        "Operating Income": 105,
        "EBIT": 130,
        "Net Income": 57
    },
    "2018-03-31": {
        "Diluted EPS": 0.2,
        "Total Revenue": NaN,
        "Gross Profit": 411,
        "Operating Income": 52,
        "EBIT": 76,
        "Net Income": 23
    },
    "2017-12-31": {
        "Diluted EPS": -0.36,
        "Total Revenue": NaN,
        "Gross Profit": 431,
        "Operating Income": 65,
        "EBIT": 88,
        "Net Income": -43
    },
    "2017-09-30": {
        "Diluted EPS": 0.34,
        "Total Revenue": NaN,
        "Gross Profit": 459,
        "Operating Income": 89,
        "EBIT": 113,
        "Net Income": 40
    },
    "2017-06-30": {
        "Diluted EPS": 0.33,
        "Total Revenue": NaN,
        "Gross Profit": 461,
        "Operating Income": 91,
        "EBIT": 117,
        "Net Income": 38
    },
    "2017-03-31": {
        "Diluted EPS": 0.03,
        "Total Revenue": NaN,
        "Gross Profit": 376,
        "Operating Income": 40,
        "EBIT": 66,
        "Net Income": 4
    },
    "2016-12-31": {
        "Diluted EPS": 0.06,
        "Total Revenue": NaN,
        "Gross Profit": 392,
        "Operating Income": 51,
        "EBIT": 75,
        "Net Income": 6
    },
    "2016-09-30": {
        "Diluted EPS": 1.1,
        "Total Revenue": NaN,
        "Gross Profit": 437,
        "Operating Income": 86,
        "EBIT": 114,
        "Net Income": 125
    },
    "2016-06-30": {
        "Diluted EPS": 0.26,
        "Total Revenue": NaN,
        "Gross Profit": 418,
        "Operating Income": 76,
        "EBIT": 109,
        "Net Income": 29
    },
    "2016-03-31": {
        "Diluted EPS": -0.15,
        "Total Revenue": NaN,
        "Gross Profit": 350,
        "Operating Income": 23,
        "EBIT": 56,
        "Net Income": -17
    },
    "2015-12-31": {
        "Diluted EPS": -0.1,
        "Total Revenue": NaN,
        "Gross Profit": 382,
        "Operating Income": 36,
        "EBIT": 66,
        "Net Income": -11
    },
    "2015-09-30": {
        "Diluted EPS": -0.08,
        "Total Revenue": NaN,
        "Gross Profit": 325,
        "Operating Income": 38,
        "EBIT": 78,
        "Net Income": -9
    },
    "2015-06-30": {
        "Diluted EPS": 0.03,
        "Total Revenue": 462,
        "Gross Profit": 111,
        "Operating Income": 16,
        "EBIT": 20,
        "Net Income": 4
    },
    "2015-03-31": {
        "Diluted EPS": -0.07,
        "Total Revenue": 371,
        "Gross Profit": 84,
        "Operating Income": 1,
        "EBIT": 5,
        "Net Income": -7
    },
    "2014-12-31": {
        "Diluted EPS": 0.05,
        "Total Revenue": 397,
        "Gross Profit": 91,
        "Operating Income": 11,
        "EBIT": 15,
        "Net Income": 2
    },
    "2014-09-30": {
        "Diluted EPS": 0.07,
        "Total Revenue": 435,
        "Gross Profit": 98,
        "Operating Income": 16,
        "EBIT": 19,
        "Net Income": 9
    },
    "2014-06-30": {
        "Diluted EPS": 0.09,
        "Total Revenue": 427,
        "Gross Profit": 94,
        "Operating Income": 17,
        "EBIT": 20,
        "Net Income": 11
    },
    "2014-03-31": {
        "Diluted EPS": -0.03,
        "Total Revenue": 346,
        "Gross Profit": 75,
        "Operating Income": 5,
        "EBIT": 8,
        "Net Income": -3
    },
    "2013-12-31": {
        "Diluted EPS": 0.05,
        "Total Revenue": 369,
        "Gross Profit": 83,
        "Operating Income": 13,
        "EBIT": 16,
        "Net Income": 5
    },
    "2013-09-30": {
        "Diluted EPS": 0.13,
        "Total Revenue": 403,
        "Gross Profit": 92,
        "Operating Income": 20,
        "EBIT": 23,
        "Net Income": 13
    },
    "2013-06-30": {
        "Diluted EPS": -0.5,
        "Total Revenue": 398,
        "Gross Profit": 82,
        "Operating Income": 13,
        "EBIT": 25,
        "Net Income": -48
    },
    "2013-03-31": {
        "Diluted EPS": -0.12,
        "Total Revenue": 320,
        "Gross Profit": 62,
        "Operating Income": 1,
        "EBIT": 5,
        "Net Income": -12
    },
    "2012-12-31": {
        "Diluted EPS": -0.13,
        "Total Revenue": 288,
        "Gross Profit": 58,
        "Operating Income": 0,
        "EBIT": 4,
        "Net Income": -12
    },
    "2012-09-30": {
        "Diluted EPS": -0.14,
        "Total Revenue": 292,
        "Gross Profit": 58,
        "Operating Income": -2,
        "EBIT": 2,
        "Net Income": -14
    },
    "2012-06-30": {
        "Diluted EPS": -0.13,
        "Total Revenue": 272,
        "Gross Profit": 54,
        "Operating Income": -1,
        "EBIT": 2,
        "Net Income": -12
    },
    "2012-03-31": {
        "Diluted EPS": -0.2,
        "Total Revenue": 219,
        "Gross Profit": 45,
        "Operating Income": -6,
        "EBIT": -2,
        "Net Income": -19
    },
    "2011-12-31": {
        "Diluted EPS": -0.18,
        "Total Revenue": 193,
        "Gross Profit": 39,
        "Operating Income": -8,
        "EBIT": -4,
        "Net Income": -17
    },
    "2011-09-30": {
        "Diluted EPS": -0.12,
        "Total Revenue": 217,
        "Gross Profit": 44,
        "Operating Income": -6,
        "EBIT": -2,
        "Net Income": -12
    },
    "2011-06-30": {
        "Diluted EPS": -0.16,
        "Total Revenue": 206,
        "Gross Profit": 43,
        "Operating Income": -8,
        "EBIT": -4,
        "Net Income": -15
    },
    "2011-03-31": {
        "Diluted EPS": -0.22,
        "Total Revenue": 163,
        "Gross Profit": 31,
        "Operating Income": -15,
        "EBIT": -11,
        "Net Income": -21
    },
    "2010-12-31": {
        "Diluted EPS": -0.24,
        "Total Revenue": 147,
        "Gross Profit": 28,
        "Operating Income": -18,
        "EBIT": -13,
        "Net Income": -25
    },
    "2010-09-30": {
        "Diluted EPS": -0.22,
        "Total Revenue": 180,
        "Gross Profit": 36,
        "Operating Income": -13,
        "EBIT": -9,
        "Net Income": -20
    },
    "2010-06-30": {
        "Diluted EPS": -0.2,
        "Total Revenue": 211,
        "Gross Profit": 39,
        "Operating Income": -13,
        "EBIT": -8,
        "Net Income": -19
    },
    "2010-03-31": {
        "Diluted EPS": -0.38,
        "Total Revenue": 161,
        "Gross Profit": 29,
        "Operating Income": -20,
        "EBIT": -12,
        "Net Income": -31
    },
    "2009-12-31": {
        "Diluted EPS": 0.17,
        "Total Revenue": 154,
        "Gross Profit": 30,
        "Operating Income": -19,
        "EBIT": -15,
        "Net Income": 7
    },
    "2009-09-30": {
        "Diluted EPS": -0.39,
        "Total Revenue": 189,
        "Gross Profit": 39,
        "Operating Income": -10,
        "EBIT": -5,
        "Net Income": -15
    },
    "2009-06-30": {
        "Diluted EPS": -0.58,
        "Total Revenue": 175,
        "Gross Profit": 39,
        "Operating Income": -12,
        "EBIT": -7,
        "Net Income": -23
    },
    "2009-03-31": {
        "Diluted EPS": -0.78,
        "Total Revenue": 160,
        "Gross Profit": 34,
        "Operating Income": -19,
        "EBIT": -12,
        "Net Income": -31
    }
}