{
    "2023-06-30": {
        "Tax Effect Of Unusual Items": 0.0,
        "Tax Rate For Calcs": 0.0,
        "Net Income From Continuing Operation Net Minority Interest": -1825000.0,
        "Reconciled Depreciation": 1398000.0,
        "Net Interest Income": 10906000.0,
        "Interest Expense": 8859000.0,
        "Interest Income": 19765000.0,
        "Normalized Income": -1825000.0,
        "Net Income From Continuing And Discontinued Operation": -1825000.0,
        "Diluted Average Shares": 24249714.0,
        "Basic Average Shares": 24249714.0,
        "Diluted EPS": -0.08,
        "Basic EPS": -0.08,
        "Diluted NI Availto Com Stockholders": -1825000.0,
        "Net Income Common Stockholders": -1825000.0,
        "Net Income": -1825000.0,
        "Net Income Including Noncontrolling Interests": -1825000.0,
        "Net Income Continuous Operations": -1825000.0,
        "Tax Provision": 0.0,
        "Pretax Income": -1825000.0,
        "Gain On Sale Of Security": 0.0,
        "Selling General And Administration": 7373000.0,
        "Selling And Marketing Expense": 77000.0,
        "General And Administrative Expense": 7296000.0,
        "Insurance And Claims": 231000.0,
        "Salaries And Wages": 7065000.0,
        "Total Revenue": 11286000.0,
        "Operating Revenue": 11286000.0,
        "Occupancy And Equipment": 2124000.0,
        "Professional Expense And Contract Services Expense": 764000.0,
        "Other Non Interest Expense": 2707000.0
    },
    "2023-03-31": {
        "Tax Effect Of Unusual Items": 0.0,
        "Tax Rate For Calcs": 0.0,
        "Total Unusual Items": NaN,
        "Total Unusual Items Excluding Goodwill": NaN,
        "Net Income From Continuing Operation Net Minority Interest": -1209000.0,
        "Reconciled Depreciation": 1356000.0,
        "Net Interest Income": 11941000.0,
        "Interest Expense": 6891000.0,
        "Interest Income": 18832000.0,
        "Normalized Income": -1209000.0,
        "Net Income From Continuing And Discontinued Operation": -1209000.0,
        "Diluted Average Shares": 25374095.0,
        "Basic Average Shares": 25374095.0,
        "Diluted EPS": -0.05,
        "Basic EPS": -0.05,
        "Diluted NI Availto Com Stockholders": -1209000.0,
        "Net Income Common Stockholders": -1209000.0,
        "Net Income": -1209000.0,
        "Net Income Including Noncontrolling Interests": -1209000.0,
        "Net Income Continuous Operations": -1209000.0,
        "Tax Provision": 0.0,
        "Pretax Income": -1209000.0,
        "Special Income Charges": NaN,
        "Gain On Sale Of Security": NaN,
        "Selling General And Administration": 8024000.0,
        "Selling And Marketing Expense": 72000.0,
        "General And Administrative Expense": 7952000.0,
        "Insurance And Claims": 105000.0,
        "Salaries And Wages": 7847000.0,
        "Total Revenue": 12425000.0,
        "Operating Revenue": 12425000.0,
        "Occupancy And Equipment": 1982000.0,
        "Professional Expense And Contract Services Expense": 980000.0,
        "Other Non Interest Expense": 2671000.0
    },
    "2022-12-31": {
        "Tax Effect Of Unusual Items": NaN,
        "Tax Rate For Calcs": NaN,
        "Total Unusual Items": 0.0,
        "Total Unusual Items Excluding Goodwill": 0.0,
        "Net Income From Continuing Operation Net Minority Interest": NaN,
        "Reconciled Depreciation": NaN,
        "Net Interest Income": NaN,
        "Interest Expense": NaN,
        "Interest Income": NaN,
        "Normalized Income": NaN,
        "Net Income From Continuing And Discontinued Operation": NaN,
        "Diluted Average Shares": NaN,
        "Basic Average Shares": NaN,
        "Diluted EPS": NaN,
        "Basic EPS": NaN,
        "Diluted NI Availto Com Stockholders": NaN,
        "Net Income Common Stockholders": NaN,
        "Net Income": NaN,
        "Net Income Including Noncontrolling Interests": NaN,
        "Net Income Continuous Operations": NaN,
        "Tax Provision": NaN,
        "Pretax Income": NaN,
        "Special Income Charges": 0.0,
        "Gain On Sale Of Security": 0.0,
        "Selling General And Administration": NaN,
        "Selling And Marketing Expense": NaN,
        "General And Administrative Expense": NaN,
        "Insurance And Claims": NaN,
        "Salaries And Wages": NaN,
        "Total Revenue": NaN,
        "Operating Revenue": NaN,
        "Occupancy And Equipment": NaN,
        "Professional Expense And Contract Services Expense": NaN,
        "Other Non Interest Expense": NaN
    },
    "2022-09-30": {
        "Tax Effect Of Unusual Items": NaN,
        "Tax Rate For Calcs": NaN,
        "Total Unusual Items": 0.0,
        "Total Unusual Items Excluding Goodwill": 0.0,
        "Net Income From Continuing Operation Net Minority Interest": NaN,
        "Reconciled Depreciation": NaN,
        "Net Interest Income": NaN,
        "Interest Expense": NaN,
        "Interest Income": NaN,
        "Normalized Income": NaN,
        "Net Income From Continuing And Discontinued Operation": NaN,
        "Diluted Average Shares": NaN,
        "Basic Average Shares": NaN,
        "Diluted EPS": NaN,
        "Basic EPS": NaN,
        "Diluted NI Availto Com Stockholders": NaN,
        "Net Income Common Stockholders": NaN,
        "Net Income": NaN,
        "Net Income Including Noncontrolling Interests": NaN,
        "Net Income Continuous Operations": NaN,
        "Tax Provision": NaN,
        "Pretax Income": NaN,
        "Special Income Charges": 0.0,
        "Gain On Sale Of Security": 0.0,
        "Selling General And Administration": NaN,
        "Selling And Marketing Expense": NaN,
        "General And Administrative Expense": NaN,
        "Other Gand A": 1559000.0,
        "Insurance And Claims": NaN,
        "Salaries And Wages": NaN,
        "Total Revenue": NaN,
        "Operating Revenue": NaN
    },
    "2022-06-30": {
        "Tax Effect Of Unusual Items": 0.0,
        "Tax Rate For Calcs": 0.069767,
        "Total Unusual Items": 0.0,
        "Total Unusual Items Excluding Goodwill": 0.0,
        "Net Income From Continuing Operation Net Minority Interest": 40000.0,
        "Reconciled Depreciation": 647000.0,
        "Net Interest Income": 13162000.0,
        "Interest Expense": 1716000.0,
        "Interest Income": 14878000.0,
        "Normalized Income": 40000.0,
        "Net Income From Continuing And Discontinued Operation": 40000.0,
        "Diluted Average Shares": 26366324.0,
        "Basic Average Shares": 26366324.0,
        "Diluted EPS": 0.001517,
        "Basic EPS": 0.001517,
        "Diluted NI Availto Com Stockholders": 40000.0,
        "Net Income Common Stockholders": 40000.0,
        "Net Income": 40000.0,
        "Net Income Including Noncontrolling Interests": 40000.0,
        "Net Income Continuous Operations": 40000.0,
        "Tax Provision": 3000.0,
        "Pretax Income": 43000.0,
        "Special Income Charges": 0.0,
        "Gain On Sale Of Security": 14000.0,
        "Selling General And Administration": 8975000.0,
        "Selling And Marketing Expense": 349000.0,
        "General And Administrative Expense": 8626000.0,
        "Other Gand A": 1393000.0,
        "Insurance And Claims": 99000.0,
        "Salaries And Wages": 7134000.0,
        "Total Revenue": 13656000.0,
        "Operating Revenue": 13656000.0
    },
    "2022-03-31": {
        "Diluted EPS": 0.02,
        "Total Revenue": 15,
        "Gross Profit": 13,
        "Operating Income": 1,
        "EBIT": NaN,
        "Net Income": 1
    },
    "2021-12-31": {
        "Diluted EPS": -2.31,
        "Total Revenue": 15,
        "Gross Profit": 13,
        "Operating Income": -4,
        "EBIT": NaN,
        "Net Income": -20
    },
    "2021-09-30": {
        "Diluted EPS": -0.68,
        "Total Revenue": 15,
        "Gross Profit": 12,
        "Operating Income": -21,
        "EBIT": NaN,
        "Net Income": -15
    },
    "2021-06-30": {
        "Diluted EPS": 0.0,
        "Total Revenue": 14,
        "Gross Profit": 11,
        "Operating Income": -1,
        "EBIT": NaN,
        "Net Income": -1
    },
    "2021-03-31": {
        "Diluted EPS": 0.0,
        "Total Revenue": 15,
        "Gross Profit": 10,
        "Operating Income": -1,
        "EBIT": NaN,
        "Net Income": -1
    },
    "2020-12-31": {
        "Diluted EPS": 0.0,
        "Total Revenue": NaN,
        "Gross Profit": NaN,
        "Operating Income": NaN,
        "EBIT": NaN,
        "Net Income": NaN
    },
    "2020-09-30": {
        "Diluted EPS": 0.0,
        "Total Revenue": 16,
        "Gross Profit": 10,
        "Operating Income": -3,
        "EBIT": NaN,
        "Net Income": -2
    },
    "2020-06-30": {
        "Diluted EPS": 0.0,
        "Total Revenue": 17,
        "Gross Profit": 11,
        "Operating Income": -17,
        "EBIT": NaN,
        "Net Income": -17
    },
    "2023-09-30": {
        "Tax Effect Of Unusual Items": 0.0,
        "Tax Rate For Calcs": 0.0,
        "Net Income From Continuing Operation Net Minority Interest": -1432000.0,
        "Reconciled Depreciation": -682000.0,
        "Net Interest Income": 9876000.0,
        "Interest Expense": 10297000.0,
        "Interest Income": 20173000.0,
        "Normalized Income": -1432000.0,
        "Net Income From Continuing And Discontinued Operation": -1432000.0,
        "Diluted Average Shares": 23278490.0,
        "Basic Average Shares": 23278490.0,
        "Diluted EPS": -0.06,
        "Basic EPS": -0.06,
        "Diluted NI Availto Com Stockholders": -1432000.0,
        "Net Income Common Stockholders": -1432000.0,
        "Net Income": -1432000.0,
        "Net Income Including Noncontrolling Interests": -1432000.0,
        "Net Income Continuous Operations": -1432000.0,
        "Tax Provision": 0.0,
        "Pretax Income": -1432000.0,
        "Gain On Sale Of Security": 0.0,
        "Selling General And Administration": 6988000.0,
        "Selling And Marketing Expense": 85000.0,
        "General And Administrative Expense": 6903000.0,
        "Insurance And Claims": 263000.0,
        "Salaries And Wages": 6640000.0,
        "Total Revenue": 10245000.0,
        "Operating Revenue": 10245000.0,
        "Occupancy And Equipment": 2104000.0,
        "Professional Expense And Contract Services Expense": 646000.0,
        "Other Non Interest Expense": 2656000.0
    },
    "2023-12-31": {
        "Tax Effect Of Unusual Items": 0.0,
        "Tax Rate For Calcs": 0.0,
        "Net Income From Continuing Operation Net Minority Interest": -2931000.0,
        "Reconciled Depreciation": 798000.0,
        "Net Interest Income": 9196000.0,
        "Interest Expense": 11139000.0,
        "Interest Income": 20335000.0,
        "Normalized Income": -2931000.0,
        "Net Income From Continuing And Discontinued Operation": -2931000.0,
        "Diluted Average Shares": 22845252.0,
        "Basic Average Shares": 22845252.0,
        "Diluted EPS": -0.13,
        "Basic EPS": -0.13,
        "Diluted NI Availto Com Stockholders": -2931000.0,
        "Net Income Common Stockholders": -2931000.0,
        "Net Income": -2931000.0,
        "Net Income Including Noncontrolling Interests": -2931000.0,
        "Net Income Continuous Operations": -2931000.0,
        "Tax Provision": 0.0,
        "Pretax Income": -2931000.0,
        "Gain On Sale Of Security": 20000.0,
        "Selling General And Administration": 7207000.0,
        "Selling And Marketing Expense": 120000.0,
        "General And Administrative Expense": 7087000.0,
        "Insurance And Claims": 200000.0,
        "Salaries And Wages": 6887000.0,
        "Total Revenue": 9768000.0,
        "Operating Revenue": 9768000.0,
        "Occupancy And Equipment": 2140000.0,
        "Professional Expense And Contract Services Expense": 631000.0,
        "Other Non Interest Expense": 2565000.0
    },
    "2024-03-31": {
        "Tax Effect Of Unusual Items": 0.0,
        "Tax Rate For Calcs": 0.0,
        "Net Income From Continuing Operation Net Minority Interest": -2839000.0,
        "Reconciled Depreciation": 1506000.0,
        "Net Interest Income": 9417000.0,
        "Interest Expense": 11425000.0,
        "Interest Income": 20842000.0,
        "Normalized Income": -2839000.0,
        "Net Income From Continuing And Discontinued Operation": -2839000.0,
        "Diluted Average Shares": 22095260.0,
        "Basic Average Shares": 22095260.0,
        "Diluted EPS": -0.13,
        "Basic EPS": -0.13,
        "Diluted NI Availto Com Stockholders": -2839000.0,
        "Net Income Common Stockholders": -2839000.0,
        "Net Income": -2839000.0,
        "Net Income Including Noncontrolling Interests": -2839000.0,
        "Net Income Continuous Operations": -2839000.0,
        "Tax Provision": 0.0,
        "Pretax Income": -2839000.0,
        "Gain On Sale Of Security": NaN,
        "Selling General And Administration": 7820000.0,
        "Selling And Marketing Expense": 72000.0,
        "General And Administrative Expense": 7748000.0,
        "Insurance And Claims": 199000.0,
        "Salaries And Wages": 7549000.0,
        "Total Revenue": 9868000.0,
        "Operating Revenue": 9868000.0,
        "Occupancy And Equipment": 2192000.0,
        "Professional Expense And Contract Services Expense": 730000.0,
        "Other Non Interest Expense": 2500000.0
    },
    "2024-06-30": {
        "Tax Effect Of Unusual Items": 0.0,
        "Tax Rate For Calcs": 0.0,
        "Net Income From Continuing Operation Net Minority Interest": -2344000.0,
        "Reconciled Depreciation": 1502000.0,
        "Net Interest Income": 9573000.0,
        "Interest Expense": 11719000.0,
        "Interest Income": 21292000.0,
        "Normalized Income": -2344000.0,
        "Net Income From Continuing And Discontinued Operation": -2344000.0,
        "Diluted Average Shares": 21735002.0,
        "Basic Average Shares": 21735002.0,
        "Diluted EPS": -0.11,
        "Basic EPS": -0.11,
        "Diluted NI Availto Com Stockholders": -2344000.0,
        "Net Income Common Stockholders": -2344000.0,
        "Net Income": -2344000.0,
        "Net Income Including Noncontrolling Interests": -2344000.0,
        "Net Income Continuous Operations": -2344000.0,
        "Tax Provision": 0.0,
        "Pretax Income": -2344000.0,
        "Gain On Sale Of Security": NaN,
        "Selling General And Administration": 7881000.0,
        "Selling And Marketing Expense": 52000.0,
        "General And Administrative Expense": 7829000.0,
        "Insurance And Claims": 194000.0,
        "Salaries And Wages": 7635000.0,
        "Total Revenue": 10109000.0,
        "Operating Revenue": 10109000.0,
        "Occupancy And Equipment": 2262000.0,
        "Professional Expense And Contract Services Expense": 623000.0,
        "Other Non Interest Expense": 2449000.0
    }
}