{
    "2023-03-31": {
        "Tax Effect Of Unusual Items": -452064.0,
        "Tax Rate For Calcs": 0.136,
        "Normalized EBITDA": 170259000.0,
        "Total Unusual Items": -3324000.0,
        "Total Unusual Items Excluding Goodwill": -3324000.0,
        "Net Income From Continuing Operation Net Minority Interest": 91311000.0,
        "Reconciled Depreciation": 46302000.0,
        "Reconciled Cost Of Revenue": 1008683000.0,
        "EBITDA": 166935000.0,
        "EBIT": 120633000.0,
        "Net Interest Income": -12444000.0,
        "Interest Expense": 12444000.0,
        "Normalized Income": 94182936.0,
        "Net Income From Continuing And Discontinued Operation": 91311000.0,
        "Total Expenses": 1120789000.0,
        "Total Operating Income As Reported": 120633000.0,
        "Diluted Average Shares": 98011000.0,
        "Basic Average Shares": 89116000.0,
        "Diluted EPS": 0.93,
        "Basic EPS": 1.02,
        "Diluted NI Availto Com Stockholders": 91311000.0,
        "Net Income Common Stockholders": 91311000.0,
        "Net Income": 91311000.0,
        "Minority Interests": -2117000.0,
        "Net Income Including Noncontrolling Interests": 93428000.0,
        "Net Income Continuous Operations": 93428000.0,
        "Tax Provision": 14761000.0,
        "Pretax Income": 108189000.0,
        "Other Income Expense": -3324000.0,
        "Special Income Charges": -3324000.0,
        "Other Special Charges": NaN,
        "Write Off": 3324000.0,
        "Gain On Sale Of Security": NaN,
        "Net Non Operating Interest Income Expense": -12444000.0,
        "Interest Expense Non Operating": 12444000.0,
        "Operating Income": 123957000.0,
        "Operating Expense": 112106000.0,
        "Depreciation Amortization Depletion Income Statement": 46302000.0,
        "Depreciation And Amortization In Income Statement": 46302000.0,
        "Selling General And Administration": 65804000.0,
        "General And Administrative Expense": 65804000.0,
        "Other Gand A": 65804000.0,
        "Gross Profit": 236063000.0,
        "Cost Of Revenue": 1008683000.0,
        "Total Revenue": 1244746000.0,
        "Operating Revenue": 1241757000.0
    },
    "2022-12-31": {
        "Tax Effect Of Unusual Items": -258479.409869,
        "Tax Rate For Calcs": 0.138595,
        "Normalized EBITDA": 130393000.0,
        "Total Unusual Items": -1865000.0,
        "Total Unusual Items Excluding Goodwill": -1865000.0,
        "Net Income From Continuing Operation Net Minority Interest": 58045000.0,
        "Reconciled Depreciation": 44414000.0,
        "Reconciled Cost Of Revenue": 903889000.0,
        "EBITDA": 128528000.0,
        "EBIT": 84114000.0,
        "Net Interest Income": -14299000.0,
        "Interest Expense": 14299000.0,
        "Normalized Income": 59651520.590131,
        "Net Income From Continuing And Discontinued Operation": 58045000.0,
        "Total Expenses": 1009046000.0,
        "Total Operating Income As Reported": 84137000.0,
        "Diluted Average Shares": 95221000.0,
        "Basic Average Shares": 87937000.0,
        "Diluted EPS": 0.61,
        "Basic EPS": 0.66,
        "Diluted NI Availto Com Stockholders": 58045000.0,
        "Net Income Common Stockholders": 58045000.0,
        "Net Income": 58045000.0,
        "Minority Interests": -2094000.0,
        "Net Income Including Noncontrolling Interests": 60139000.0,
        "Net Income Continuous Operations": 60139000.0,
        "Tax Provision": 9676000.0,
        "Pretax Income": 69815000.0,
        "Other Income Expense": -1888000.0,
        "Special Income Charges": -1865000.0,
        "Other Special Charges": 0.0,
        "Write Off": 1387000.0,
        "Gain On Sale Of Security": 0.0,
        "Net Non Operating Interest Income Expense": -14299000.0,
        "Interest Expense Non Operating": 14299000.0,
        "Operating Income": 86002000.0,
        "Operating Expense": 105157000.0,
        "Depreciation Amortization Depletion Income Statement": 44414000.0,
        "Depreciation And Amortization In Income Statement": 44414000.0,
        "Selling General And Administration": 60743000.0,
        "General And Administrative Expense": 60743000.0,
        "Other Gand A": 60743000.0,
        "Gross Profit": 191159000.0,
        "Cost Of Revenue": 903889000.0,
        "Total Revenue": 1095048000.0,
        "Operating Revenue": 1091686000.0
    },
    "2022-09-30": {
        "Tax Effect Of Unusual Items": -297794.033098,
        "Tax Rate For Calcs": 0.144071,
        "Normalized EBITDA": 95547000.0,
        "Total Unusual Items": -2067000.0,
        "Total Unusual Items Excluding Goodwill": -2067000.0,
        "Net Income From Continuing Operation Net Minority Interest": 31986000.0,
        "Reconciled Depreciation": 42171000.0,
        "Reconciled Cost Of Revenue": 904127000.0,
        "EBITDA": 93480000.0,
        "EBIT": 51309000.0,
        "Net Interest Income": -12696000.0,
        "Interest Expense": 12696000.0,
        "Normalized Income": 33755205.966902,
        "Net Income From Continuing And Discontinued Operation": 31986000.0,
        "Total Expenses": 1002387000.0,
        "Total Operating Income As Reported": 51309000.0,
        "Diluted Average Shares": 94736000.0,
        "Basic Average Shares": 89192000.0,
        "Diluted EPS": 0.34,
        "Basic EPS": 0.36,
        "Diluted NI Availto Com Stockholders": 31986000.0,
        "Average Dilution Earnings": 0.0,
        "Net Income Common Stockholders": 31986000.0,
        "Net Income": 31986000.0,
        "Minority Interests": -1064000.0,
        "Net Income Including Noncontrolling Interests": 33050000.0,
        "Net Income Continuous Operations": 33050000.0,
        "Tax Provision": 5563000.0,
        "Pretax Income": 38613000.0,
        "Other Income Expense": -2067000.0,
        "Other Non Operating Income Expenses": NaN,
        "Special Income Charges": -2067000.0,
        "Other Special Charges": NaN,
        "Write Off": 2067000.0,
        "Gain On Sale Of Security": NaN,
        "Net Non Operating Interest Income Expense": -12696000.0,
        "Interest Expense Non Operating": 12696000.0,
        "Operating Income": 53376000.0,
        "Operating Expense": 98260000.0,
        "Other Operating Expenses": 267944000.0,
        "Depreciation Amortization Depletion Income Statement": 42171000.0,
        "Depreciation And Amortization In Income Statement": 42171000.0,
        "Selling General And Administration": 56089000.0,
        "General And Administrative Expense": 56089000.0,
        "Other Gand A": 56089000.0,
        "Gross Profit": 151636000.0,
        "Cost Of Revenue": 904127000.0,
        "Total Revenue": 1055763000.0,
        "Operating Revenue": 1055763000.0
    },
    "2022-06-30": {
        "Tax Effect Of Unusual Items": -50203200.0,
        "Tax Rate For Calcs": 0.4,
        "Normalized EBITDA": 129169000.0,
        "Total Unusual Items": -125508000.0,
        "Total Unusual Items Excluding Goodwill": -125508000.0,
        "Net Income From Continuing Operation Net Minority Interest": -63635000.0,
        "Reconciled Depreciation": 41257000.0,
        "Reconciled Cost Of Revenue": 936747000.0,
        "EBITDA": 3661000.0,
        "EBIT": -37596000.0,
        "Net Interest Income": -12548000.0,
        "Interest Expense": 12548000.0,
        "Normalized Income": 11669800.0,
        "Net Income From Continuing And Discontinued Operation": -63635000.0,
        "Total Expenses": 1037250000.0,
        "Total Operating Income As Reported": 87719000.0,
        "Diluted Average Shares": 88898000.0,
        "Basic Average Shares": 88898000.0,
        "Diluted EPS": -0.72,
        "Basic EPS": -0.72,
        "Diluted NI Availto Com Stockholders": -63635000.0,
        "Average Dilution Earnings": 0.0,
        "Net Income Common Stockholders": -63635000.0,
        "Net Income": -63635000.0,
        "Minority Interests": -1955000.0,
        "Net Income Including Noncontrolling Interests": -61680000.0,
        "Net Income Continuous Operations": -61680000.0,
        "Tax Provision": 11536000.0,
        "Pretax Income": -50144000.0,
        "Other Income Expense": -125508000.0,
        "Other Non Operating Income Expenses": NaN,
        "Special Income Charges": -107823000.0,
        "Other Special Charges": 107630000.0,
        "Write Off": 193000.0,
        "Gain On Sale Of Security": -17685000.0,
        "Net Non Operating Interest Income Expense": -12548000.0,
        "Interest Expense Non Operating": 12548000.0,
        "Operating Income": 87912000.0,
        "Operating Expense": 100503000.0,
        "Other Operating Expenses": 263529000.0,
        "Depreciation Amortization Depletion Income Statement": 41257000.0,
        "Depreciation And Amortization In Income Statement": 41257000.0,
        "Selling General And Administration": 59246000.0,
        "General And Administrative Expense": 59246000.0,
        "Other Gand A": 59246000.0,
        "Gross Profit": 188415000.0,
        "Cost Of Revenue": 936747000.0,
        "Total Revenue": 1125162000.0,
        "Operating Revenue": 1125162000.0
    },
    "2023-06-30": {
        "Tax Effect Of Unusual Items": -155295.0,
        "Tax Rate For Calcs": 0.085,
        "Normalized EBITDA": 138838000.0,
        "Total Unusual Items": -1827000.0,
        "Total Unusual Items Excluding Goodwill": -1827000.0,
        "Net Income From Continuing Operation Net Minority Interest": 68277000.0,
        "Reconciled Depreciation": 47565000.0,
        "Reconciled Cost Of Revenue": 950498000.0,
        "EBITDA": 137011000.0,
        "EBIT": 89446000.0,
        "Net Interest Income": -12961000.0,
        "Interest Expense": 12961000.0,
        "Normalized Income": 69948705.0,
        "Net Income From Continuing And Discontinued Operation": 68277000.0,
        "Total Expenses": 1061421000.0,
        "Total Operating Income As Reported": 89446000.0,
        "Diluted Average Shares": 97401000.0,
        "Basic Average Shares": 88559000.0,
        "Diluted EPS": 0.7,
        "Basic EPS": 0.77,
        "Diluted NI Availto Com Stockholders": 68277000.0,
        "Net Income Common Stockholders": 68277000.0,
        "Net Income": 68277000.0,
        "Minority Interests": -1725000.0,
        "Net Income Including Noncontrolling Interests": 70002000.0,
        "Net Income Continuous Operations": 70002000.0,
        "Tax Provision": 6483000.0,
        "Pretax Income": 76485000.0,
        "Other Income Expense": -1827000.0,
        "Special Income Charges": -1827000.0,
        "Other Special Charges": NaN,
        "Write Off": 1827000.0,
        "Gain On Sale Of Security": NaN,
        "Net Non Operating Interest Income Expense": -12961000.0,
        "Interest Expense Non Operating": 12961000.0,
        "Operating Income": 91273000.0,
        "Operating Expense": 110923000.0,
        "Depreciation Amortization Depletion Income Statement": 47565000.0,
        "Depreciation And Amortization In Income Statement": 47565000.0,
        "Selling General And Administration": 63358000.0,
        "General And Administrative Expense": 63358000.0,
        "Other Gand A": 63358000.0,
        "Gross Profit": 202196000.0,
        "Cost Of Revenue": 950498000.0,
        "Total Revenue": 1152694000.0,
        "Operating Revenue": 1149898000.0
    },
    "2022-03-31": {
        "Diluted EPS": 0.73,
        "Total Revenue": NaN,
        "Gross Profit": 469,
        "Operating Income": 107,
        "EBIT": 158,
        "Net Income": 76
    },
    "2021-12-31": {
        "Diluted EPS": 0.59,
        "Total Revenue": NaN,
        "Gross Profit": 431,
        "Operating Income": 78,
        "EBIT": 127,
        "Net Income": 61
    },
    "2021-09-30": {
        "Diluted EPS": 0.03,
        "Total Revenue": NaN,
        "Gross Profit": 416,
        "Operating Income": 15,
        "EBIT": 62,
        "Net Income": 3
    },
    "2021-06-30": {
        "Diluted EPS": 0.75,
        "Total Revenue": NaN,
        "Gross Profit": 470,
        "Operating Income": 125,
        "EBIT": 172,
        "Net Income": 83
    },
    "2021-03-31": {
        "Diluted EPS": 0.63,
        "Total Revenue": 987,
        "Gross Profit": 421,
        "Operating Income": 91,
        "EBIT": 142,
        "Net Income": 69
    },
    "2020-12-31": {
        "Diluted EPS": -0.16,
        "Total Revenue": 813,
        "Gross Profit": 317,
        "Operating Income": -7,
        "EBIT": 45,
        "Net Income": -14
    },
    "2020-09-30": {
        "Diluted EPS": -0.2,
        "Total Revenue": 771,
        "Gross Profit": 294,
        "Operating Income": -14,
        "EBIT": 37,
        "Net Income": -18
    },
    "2020-06-30": {
        "Diluted EPS": -1.05,
        "Total Revenue": 578,
        "Gross Profit": 192,
        "Operating Income": -112,
        "EBIT": -61,
        "Net Income": -92
    },
    "2020-03-31": {
        "Diluted EPS": -0.44,
        "Total Revenue": NaN,
        "Gross Profit": 379,
        "Operating Income": -42,
        "EBIT": 16,
        "Net Income": -38
    },
    "2019-12-31": {
        "Diluted EPS": 0.33,
        "Total Revenue": NaN,
        "Gross Profit": 411,
        "Operating Income": 43,
        "EBIT": 101,
        "Net Income": 28
    },
    "2019-09-30": {
        "Diluted EPS": 0.11,
        "Total Revenue": 967,
        "Gross Profit": 378,
        "Operating Income": 22,
        "EBIT": 75,
        "Net Income": 9
    },
    "2019-06-30": {
        "Diluted EPS": 0.32,
        "Total Revenue": NaN,
        "Gross Profit": 408,
        "Operating Income": 43,
        "EBIT": 100,
        "Net Income": 29
    },
    "2019-03-31": {
        "Diluted EPS": 0.69,
        "Total Revenue": NaN,
        "Gross Profit": 457,
        "Operating Income": 82,
        "EBIT": 141,
        "Net Income": 64
    },
    "2018-12-31": {
        "Diluted EPS": 0.14,
        "Total Revenue": NaN,
        "Gross Profit": 405,
        "Operating Income": 21,
        "EBIT": 79,
        "Net Income": 11
    },
    "2018-09-30": {
        "Diluted EPS": 0.04,
        "Total Revenue": 965,
        "Gross Profit": 369,
        "Operating Income": 13,
        "EBIT": 69,
        "Net Income": 4
    },
    "2018-06-30": {
        "Diluted EPS": 0.28,
        "Total Revenue": NaN,
        "Gross Profit": 407,
        "Operating Income": 33,
        "EBIT": 90,
        "Net Income": 27
    },
    "2018-03-31": {
        "Diluted EPS": 0.68,
        "Total Revenue": NaN,
        "Gross Profit": 453,
        "Operating Income": 78,
        "EBIT": 139,
        "Net Income": 65
    },
    "2017-12-31": {
        "Diluted EPS": 0.16,
        "Total Revenue": NaN,
        "Gross Profit": 432,
        "Operating Income": 15,
        "EBIT": 74,
        "Net Income": 12
    },
    "2017-09-30": {
        "Diluted EPS": 0.06,
        "Total Revenue": 956,
        "Gross Profit": 374,
        "Operating Income": 5,
        "EBIT": 58,
        "Net Income": 6
    },
    "2017-06-30": {
        "Diluted EPS": 0.34,
        "Total Revenue": NaN,
        "Gross Profit": 415,
        "Operating Income": 41,
        "EBIT": 96,
        "Net Income": 35
    },
    "2017-03-31": {
        "Diluted EPS": 0.46,
        "Total Revenue": NaN,
        "Gross Profit": 466,
        "Operating Income": 77,
        "EBIT": 132,
        "Net Income": 49
    },
    "2016-12-31": {
        "Diluted EPS": -0.05,
        "Total Revenue": NaN,
        "Gross Profit": 413,
        "Operating Income": -8,
        "EBIT": 52,
        "Net Income": -7
    },
    "2016-09-30": {
        "Diluted EPS": 0.18,
        "Total Revenue": NaN,
        "Gross Profit": 393,
        "Operating Income": 32,
        "EBIT": 87,
        "Net Income": 21
    },
    "2016-06-30": {
        "Diluted EPS": -0.08,
        "Total Revenue": NaN,
        "Gross Profit": 423,
        "Operating Income": 13,
        "EBIT": 70,
        "Net Income": -9
    },
    "2016-03-31": {
        "Diluted EPS": 0.29,
        "Total Revenue": NaN,
        "Gross Profit": 466,
        "Operating Income": 87,
        "EBIT": 145,
        "Net Income": 34
    },
    "2015-12-31": {
        "Diluted EPS": 0.15,
        "Total Revenue": NaN,
        "Gross Profit": 420,
        "Operating Income": 32,
        "EBIT": 90,
        "Net Income": 18
    },
    "2015-09-30": {
        "Diluted EPS": 0.13,
        "Total Revenue": NaN,
        "Gross Profit": 401,
        "Operating Income": 39,
        "EBIT": 92,
        "Net Income": 17
    },
    "2015-06-30": {
        "Diluted EPS": 0.26,
        "Total Revenue": NaN,
        "Gross Profit": 441,
        "Operating Income": 63,
        "EBIT": 117,
        "Net Income": 32
    },
    "2015-03-31": {
        "Diluted EPS": 0.47,
        "Total Revenue": NaN,
        "Gross Profit": 491,
        "Operating Income": 98,
        "EBIT": 155,
        "Net Income": 61
    },
    "2014-12-31": {
        "Diluted EPS": 0.17,
        "Total Revenue": NaN,
        "Gross Profit": 444,
        "Operating Income": 41,
        "EBIT": 98,
        "Net Income": 22
    },
    "2014-09-30": {
        "Diluted EPS": -0.09,
        "Total Revenue": NaN,
        "Gross Profit": 422,
        "Operating Income": -1,
        "EBIT": 54,
        "Net Income": -11
    },
    "2014-06-30": {
        "Diluted EPS": 0.21,
        "Total Revenue": NaN,
        "Gross Profit": 450,
        "Operating Income": 62,
        "EBIT": 118,
        "Net Income": 26
    },
    "2014-03-31": {
        "Diluted EPS": 0.42,
        "Total Revenue": NaN,
        "Gross Profit": 473,
        "Operating Income": 90,
        "EBIT": 146,
        "Net Income": 54
    },
    "2013-12-31": {
        "Diluted EPS": 0.46,
        "Total Revenue": NaN,
        "Gross Profit": 410,
        "Operating Income": 31,
        "EBIT": 81,
        "Net Income": 59
    },
    "2013-09-30": {
        "Diluted EPS": 0.09,
        "Total Revenue": 968,
        "Gross Profit": 376,
        "Operating Income": 30,
        "EBIT": 75,
        "Net Income": 11
    },
    "2013-06-30": {
        "Diluted EPS": 0.58,
        "Total Revenue": NaN,
        "Gross Profit": 409,
        "Operating Income": 68,
        "EBIT": 115,
        "Net Income": 75
    },
    "2013-03-31": {
        "Diluted EPS": 0.5,
        "Total Revenue": NaN,
        "Gross Profit": 442,
        "Operating Income": 97,
        "EBIT": 146,
        "Net Income": 63
    },
    "2012-12-31": {
        "Diluted EPS": 0.12,
        "Total Revenue": 998,
        "Gross Profit": 395,
        "Operating Income": 54,
        "EBIT": 100,
        "Net Income": 18
    },
    "2012-09-30": {
        "Diluted EPS": -0.31,
        "Total Revenue": 953,
        "Gross Profit": 373,
        "Operating Income": -12,
        "EBIT": 33,
        "Net Income": -36
    },
    "2012-06-30": {
        "Diluted EPS": 0.16,
        "Total Revenue": 981,
        "Gross Profit": 394,
        "Operating Income": 49,
        "EBIT": 95,
        "Net Income": 17
    },
    "2012-03-31": {
        "Diluted EPS": 0.47,
        "Total Revenue": NaN,
        "Gross Profit": 426,
        "Operating Income": 90,
        "EBIT": 139,
        "Net Income": 50
    },
    "2011-12-31": {
        "Diluted EPS": 0.28,
        "Total Revenue": 956,
        "Gross Profit": 379,
        "Operating Income": 61,
        "EBIT": 108,
        "Net Income": 31
    },
    "2011-09-30": {
        "Diluted EPS": 0.01,
        "Total Revenue": 928,
        "Gross Profit": 366,
        "Operating Income": 21,
        "EBIT": 65,
        "Net Income": 1
    },
    "2011-06-30": {
        "Diluted EPS": 0.13,
        "Total Revenue": 956,
        "Gross Profit": 375,
        "Operating Income": 41,
        "EBIT": 86,
        "Net Income": 14
    },
    "2011-03-31": {
        "Diluted EPS": 0.52,
        "Total Revenue": NaN,
        "Gross Profit": 401,
        "Operating Income": 91,
        "EBIT": 138,
        "Net Income": 55
    },
    "2010-12-31": {
        "Diluted EPS": 0.0,
        "Total Revenue": NaN,
        "Gross Profit": NaN,
        "Operating Income": NaN,
        "EBIT": NaN,
        "Net Income": NaN
    },
    "2009-12-31": {
        "Diluted EPS": 0.0,
        "Total Revenue": NaN,
        "Gross Profit": NaN,
        "Operating Income": NaN,
        "EBIT": NaN,
        "Net Income": NaN
    },
    "2023-09-30": {
        "Tax Effect Of Unusual Items": 1261680.0,
        "Tax Rate For Calcs": 0.21,
        "Normalized EBITDA": 100206000.0,
        "Total Unusual Items": 6008000.0,
        "Total Unusual Items Excluding Goodwill": 6008000.0,
        "Net Income From Continuing Operation Net Minority Interest": 44528000.0,
        "Reconciled Depreciation": 47998000.0,
        "Reconciled Cost Of Revenue": 917381000.0,
        "EBITDA": 106214000.0,
        "EBIT": 58216000.0,
        "Net Interest Income": -12843000.0,
        "Interest Expense": 12843000.0,
        "Normalized Income": 39781680.0,
        "Net Income From Continuing And Discontinued Operation": 44528000.0,
        "Total Expenses": 1027625000.0,
        "Total Operating Income As Reported": 58216000.0,
        "Diluted Average Shares": 98548000.0,
        "Basic Average Shares": 88707000.0,
        "Diluted EPS": 0.45,
        "Basic EPS": 0.5,
        "Diluted NI Availto Com Stockholders": 44528000.0,
        "Net Income Common Stockholders": 44528000.0,
        "Net Income": 44528000.0,
        "Minority Interests": -903000.0,
        "Net Income Including Noncontrolling Interests": 45431000.0,
        "Net Income Continuous Operations": 45431000.0,
        "Tax Provision": -58000.0,
        "Pretax Income": 45373000.0,
        "Other Income Expense": 6008000.0,
        "Special Income Charges": 6008000.0,
        "Other Special Charges": NaN,
        "Write Off": -6008000.0,
        "Gain On Sale Of Security": NaN,
        "Net Non Operating Interest Income Expense": -12843000.0,
        "Interest Expense Non Operating": 12843000.0,
        "Operating Income": 52208000.0,
        "Operating Expense": 110244000.0,
        "Depreciation Amortization Depletion Income Statement": 47998000.0,
        "Depreciation And Amortization In Income Statement": 47998000.0,
        "Selling General And Administration": 62246000.0,
        "General And Administrative Expense": 62246000.0,
        "Other Gand A": 62246000.0,
        "Gross Profit": 162452000.0,
        "Cost Of Revenue": 917381000.0,
        "Total Revenue": 1079833000.0,
        "Operating Revenue": 1076233000.0
    }
}