{
    "2023-03-31": {
        "Tax Effect Of Unusual Items": NaN,
        "Tax Rate For Calcs": NaN,
        "Normalized EBITDA": NaN,
        "Total Unusual Items": NaN,
        "Total Unusual Items Excluding Goodwill": NaN,
        "Net Income From Continuing Operation Net Minority Interest": NaN,
        "Reconciled Depreciation": NaN,
        "Reconciled Cost Of Revenue": NaN,
        "EBITDA": NaN,
        "EBIT": NaN,
        "Net Interest Income": NaN,
        "Interest Expense": NaN,
        "Normalized Income": NaN,
        "Net Income From Continuing And Discontinued Operation": NaN,
        "Total Expenses": NaN,
        "Total Operating Income As Reported": NaN,
        "Diluted Average Shares": 241444000.0,
        "Basic Average Shares": 241444000.0,
        "Diluted EPS": -0.28,
        "Basic EPS": -0.28,
        "Diluted NI Availto Com Stockholders": NaN,
        "Net Income Common Stockholders": NaN,
        "Otherunder Preferred Stock Dividend": NaN,
        "Net Income": NaN,
        "Minority Interests": NaN,
        "Net Income Including Noncontrolling Interests": NaN,
        "Net Income Continuous Operations": NaN,
        "Tax Provision": NaN,
        "Pretax Income": NaN,
        "Other Income Expense": NaN,
        "Other Non Operating Income Expenses": NaN,
        "Special Income Charges": NaN,
        "Impairment Of Capital Assets": NaN,
        "Restructuring And Mergern Acquisition": NaN,
        "Net Non Operating Interest Income Expense": NaN,
        "Interest Expense Non Operating": NaN,
        "Operating Income": NaN,
        "Operating Expense": NaN,
        "Depreciation Amortization Depletion Income Statement": 0.0,
        "Depreciation And Amortization In Income Statement": 0.0,
        "Amortization": 0.0,
        "Amortization Of Intangibles Income Statement": 0.0,
        "Research And Development": NaN,
        "Selling General And Administration": NaN,
        "Selling And Marketing Expense": NaN,
        "General And Administrative Expense": NaN,
        "Other Gand A": NaN,
        "Gross Profit": NaN,
        "Cost Of Revenue": NaN,
        "Total Revenue": NaN,
        "Operating Revenue": NaN
    },
    "2022-12-31": {
        "Tax Effect Of Unusual Items": NaN,
        "Tax Rate For Calcs": NaN,
        "Normalized EBITDA": NaN,
        "Total Unusual Items": NaN,
        "Total Unusual Items Excluding Goodwill": NaN,
        "Net Income From Continuing Operation Net Minority Interest": NaN,
        "Reconciled Depreciation": NaN,
        "Reconciled Cost Of Revenue": NaN,
        "EBITDA": NaN,
        "EBIT": NaN,
        "Net Interest Income": NaN,
        "Interest Expense": NaN,
        "Normalized Income": NaN,
        "Net Income From Continuing And Discontinued Operation": NaN,
        "Total Expenses": NaN,
        "Total Operating Income As Reported": NaN,
        "Diluted Average Shares": NaN,
        "Basic Average Shares": NaN,
        "Diluted EPS": NaN,
        "Basic EPS": NaN,
        "Diluted NI Availto Com Stockholders": NaN,
        "Net Income Common Stockholders": NaN,
        "Otherunder Preferred Stock Dividend": NaN,
        "Net Income": NaN,
        "Minority Interests": NaN,
        "Net Income Including Noncontrolling Interests": NaN,
        "Net Income Continuous Operations": NaN,
        "Tax Provision": NaN,
        "Pretax Income": NaN,
        "Other Income Expense": NaN,
        "Other Non Operating Income Expenses": NaN,
        "Special Income Charges": NaN,
        "Impairment Of Capital Assets": 0.0,
        "Restructuring And Mergern Acquisition": NaN,
        "Net Non Operating Interest Income Expense": NaN,
        "Interest Expense Non Operating": NaN,
        "Operating Income": NaN,
        "Operating Expense": NaN,
        "Depreciation Amortization Depletion Income Statement": 0.0,
        "Depreciation And Amortization In Income Statement": 0.0,
        "Amortization": 0.0,
        "Amortization Of Intangibles Income Statement": 0.0,
        "Research And Development": NaN,
        "Selling General And Administration": NaN,
        "Selling And Marketing Expense": NaN,
        "General And Administrative Expense": NaN,
        "Other Gand A": NaN,
        "Gross Profit": NaN,
        "Cost Of Revenue": NaN,
        "Total Revenue": NaN,
        "Operating Revenue": NaN
    },
    "2022-09-30": {
        "Tax Effect Of Unusual Items": NaN,
        "Tax Rate For Calcs": NaN,
        "Normalized EBITDA": NaN,
        "Total Unusual Items": NaN,
        "Total Unusual Items Excluding Goodwill": NaN,
        "Net Income From Continuing Operation Net Minority Interest": NaN,
        "Reconciled Depreciation": NaN,
        "Reconciled Cost Of Revenue": NaN,
        "EBITDA": NaN,
        "EBIT": NaN,
        "Net Interest Income": NaN,
        "Interest Expense": NaN,
        "Normalized Income": NaN,
        "Net Income From Continuing And Discontinued Operation": NaN,
        "Total Expenses": NaN,
        "Total Operating Income As Reported": NaN,
        "Diluted Average Shares": NaN,
        "Basic Average Shares": NaN,
        "Diluted EPS": NaN,
        "Basic EPS": NaN,
        "Diluted NI Availto Com Stockholders": NaN,
        "Net Income Common Stockholders": NaN,
        "Net Income": NaN,
        "Minority Interests": NaN,
        "Net Income Including Noncontrolling Interests": NaN,
        "Net Income Continuous Operations": NaN,
        "Tax Provision": NaN,
        "Pretax Income": NaN,
        "Other Income Expense": NaN,
        "Other Non Operating Income Expenses": NaN,
        "Special Income Charges": NaN,
        "Impairment Of Capital Assets": 57857000.0,
        "Restructuring And Mergern Acquisition": NaN,
        "Net Non Operating Interest Income Expense": NaN,
        "Interest Expense Non Operating": NaN,
        "Operating Income": NaN,
        "Operating Expense": NaN,
        "Depreciation Amortization Depletion Income Statement": NaN,
        "Depreciation And Amortization In Income Statement": NaN,
        "Amortization": NaN,
        "Amortization Of Intangibles Income Statement": NaN,
        "Research And Development": NaN,
        "Selling General And Administration": NaN,
        "Selling And Marketing Expense": NaN,
        "General And Administrative Expense": NaN,
        "Other Gand A": NaN,
        "Gross Profit": NaN,
        "Cost Of Revenue": NaN,
        "Total Revenue": NaN,
        "Operating Revenue": NaN
    },
    "2022-06-30": {
        "Tax Effect Of Unusual Items": -159281200.0,
        "Tax Rate For Calcs": 0.4,
        "Normalized EBITDA": -67733000.0,
        "Total Unusual Items": -398203000.0,
        "Total Unusual Items Excluding Goodwill": -398203000.0,
        "Net Income From Continuing Operation Net Minority Interest": -478379000.0,
        "Reconciled Depreciation": 5474000.0,
        "Reconciled Cost Of Revenue": 38868000.0,
        "EBITDA": -465936000.0,
        "EBIT": -471410000.0,
        "Net Interest Income": -5726000.0,
        "Interest Expense": 5726000.0,
        "Normalized Income": -239457200.0,
        "Net Income From Continuing And Discontinued Operation": -478379000.0,
        "Total Expenses": 138752000.0,
        "Total Operating Income As Reported": -471416000.0,
        "Diluted Average Shares": 232501000.0,
        "Basic Average Shares": 232501000.0,
        "Diluted EPS": -2.06,
        "Basic EPS": -2.06,
        "Diluted NI Availto Com Stockholders": -478379000.0,
        "Net Income Common Stockholders": -478379000.0,
        "Otherunder Preferred Stock Dividend": 0.0,
        "Net Income": -478379000.0,
        "Minority Interests": -1177000.0,
        "Net Income Including Noncontrolling Interests": -477202000.0,
        "Net Income Continuous Operations": -477202000.0,
        "Tax Provision": 66000.0,
        "Pretax Income": -477136000.0,
        "Other Income Expense": -398197000.0,
        "Other Non Operating Income Expenses": 6000.0,
        "Special Income Charges": -398203000.0,
        "Impairment Of Capital Assets": 391823000.0,
        "Restructuring And Mergern Acquisition": 6380000.0,
        "Net Non Operating Interest Income Expense": -5726000.0,
        "Interest Expense Non Operating": 5726000.0,
        "Operating Income": -73213000.0,
        "Operating Expense": 98478000.0,
        "Depreciation Amortization Depletion Income Statement": 4068000.0,
        "Depreciation And Amortization In Income Statement": 4068000.0,
        "Amortization": 4068000.0,
        "Amortization Of Intangibles Income Statement": 4068000.0,
        "Research And Development": 35500000.0,
        "Selling General And Administration": 58910000.0,
        "Selling And Marketing Expense": 22438000.0,
        "General And Administrative Expense": 36472000.0,
        "Other Gand A": 36472000.0,
        "Gross Profit": 25265000.0,
        "Cost Of Revenue": 40274000.0,
        "Total Revenue": 65539000.0,
        "Operating Revenue": 65539000.0
    },
    "2022-03-31": {
        "Diluted EPS": -0.32,
        "Total Revenue": 72,
        "Gross Profit": 29,
        "Operating Income": -70,
        "EBIT": -62,
        "Net Income": -74
    },
    "2021-12-31": {
        "Diluted EPS": -0.32,
        "Total Revenue": 81,
        "Gross Profit": 35,
        "Operating Income": -60,
        "EBIT": -53,
        "Net Income": -67
    },
    "2021-09-30": {
        "Diluted EPS": -0.38,
        "Total Revenue": 90,
        "Gross Profit": 40,
        "Operating Income": -71,
        "EBIT": -62,
        "Net Income": -77
    },
    "2021-06-30": {
        "Diluted EPS": 0.0,
        "Total Revenue": 32,
        "Gross Profit": 20,
        "Operating Income": -40,
        "EBIT": -37,
        "Net Income": NaN
    },
    "2021-03-31": {
        "Diluted EPS": -0.6,
        "Total Revenue": 32,
        "Gross Profit": 21,
        "Operating Income": -27,
        "EBIT": -24,
        "Net Income": -27
    },
    "2020-12-31": {
        "Diluted EPS": 0.0,
        "Total Revenue": NaN,
        "Gross Profit": NaN,
        "Operating Income": NaN,
        "EBIT": NaN,
        "Net Income": NaN
    },
    "2020-09-30": {
        "Diluted EPS": -0.38,
        "Total Revenue": 28,
        "Gross Profit": 18,
        "Operating Income": -15,
        "EBIT": -13,
        "Net Income": -15
    },
    "2020-06-30": {
        "Diluted EPS": -0.53,
        "Total Revenue": 22,
        "Gross Profit": 13,
        "Operating Income": -21,
        "EBIT": -21,
        "Net Income": -21
    },
    "2019-12-31": {
        "Diluted EPS": 0.0,
        "Total Revenue": NaN,
        "Gross Profit": NaN,
        "Operating Income": NaN,
        "EBIT": NaN,
        "Net Income": NaN
    },
    "2023-06-30": {
        "Tax Effect Of Unusual Items": -493290.0,
        "Tax Rate For Calcs": 0.21,
        "Normalized EBITDA": -29705000.0,
        "Total Unusual Items": -2349000.0,
        "Total Unusual Items Excluding Goodwill": -2349000.0,
        "Net Income From Continuing Operation Net Minority Interest": -42823000.0,
        "Reconciled Depreciation": 1435000.0,
        "Reconciled Cost Of Revenue": 19322000.0,
        "EBITDA": -32054000.0,
        "EBIT": -33489000.0,
        "Net Interest Income": -7947000.0,
        "Interest Expense": 7947000.0,
        "Normalized Income": -40967290.0,
        "Net Income From Continuing And Discontinued Operation": -42823000.0,
        "Total Expenses": 77187000.0,
        "Total Operating Income As Reported": -36721000.0,
        "Diluted Average Shares": 244262000.0,
        "Basic Average Shares": 244262000.0,
        "Diluted EPS": -0.18,
        "Basic EPS": -0.18,
        "Diluted NI Availto Com Stockholders": -42823000.0,
        "Net Income Common Stockholders": -42823000.0,
        "Otherunder Preferred Stock Dividend": 0.0,
        "Net Income": -42823000.0,
        "Minority Interests": -1334000.0,
        "Net Income Including Noncontrolling Interests": -41489000.0,
        "Net Income Continuous Operations": -41489000.0,
        "Tax Provision": 53000.0,
        "Pretax Income": -41436000.0,
        "Other Income Expense": 883000.0,
        "Other Non Operating Income Expenses": 3232000.0,
        "Special Income Charges": -2349000.0,
        "Impairment Of Capital Assets": 0.0,
        "Restructuring And Mergern Acquisition": 2349000.0,
        "Net Non Operating Interest Income Expense": -7947000.0,
        "Interest Expense Non Operating": 7947000.0,
        "Operating Income": -34372000.0,
        "Operating Expense": 57865000.0,
        "Depreciation Amortization Depletion Income Statement": 0.0,
        "Depreciation And Amortization In Income Statement": 0.0,
        "Amortization": 0.0,
        "Amortization Of Intangibles Income Statement": 0.0,
        "Research And Development": 22091000.0,
        "Selling General And Administration": 35774000.0,
        "Selling And Marketing Expense": 16128000.0,
        "General And Administrative Expense": 19646000.0,
        "Other Gand A": 19646000.0,
        "Gross Profit": 23493000.0,
        "Cost Of Revenue": 19322000.0,
        "Total Revenue": 42815000.0,
        "Operating Revenue": 42815000.0
    },
    "2023-09-30": {
        "Tax Effect Of Unusual Items": -1915620.0,
        "Tax Rate For Calcs": 0.21,
        "Normalized EBITDA": -23009000.0,
        "Total Unusual Items": -9122000.0,
        "Total Unusual Items Excluding Goodwill": -9122000.0,
        "Net Income From Continuing Operation Net Minority Interest": -43212000.0,
        "Reconciled Depreciation": 1435000.0,
        "Reconciled Cost Of Revenue": 17093000.0,
        "EBITDA": -32131000.0,
        "EBIT": -33566000.0,
        "Net Interest Income": -8210000.0,
        "Interest Expense": 8210000.0,
        "Normalized Income": -36005620.0,
        "Net Income From Continuing And Discontinued Operation": -43212000.0,
        "Total Expenses": 67667000.0,
        "Total Operating Income As Reported": -36198000.0,
        "Diluted Average Shares": 246410000.0,
        "Basic Average Shares": 246410000.0,
        "Diluted EPS": -0.18,
        "Basic EPS": -0.18,
        "Diluted NI Availto Com Stockholders": -43212000.0,
        "Net Income Common Stockholders": -43212000.0,
        "Otherunder Preferred Stock Dividend": NaN,
        "Net Income": -43212000.0,
        "Minority Interests": -1392000.0,
        "Net Income Including Noncontrolling Interests": -41820000.0,
        "Net Income Continuous Operations": -41820000.0,
        "Tax Provision": 44000.0,
        "Pretax Income": -41776000.0,
        "Other Income Expense": -6490000.0,
        "Other Non Operating Income Expenses": 2632000.0,
        "Special Income Charges": -9122000.0,
        "Impairment Of Capital Assets": 0.0,
        "Restructuring And Mergern Acquisition": 9122000.0,
        "Net Non Operating Interest Income Expense": -8210000.0,
        "Interest Expense Non Operating": 8210000.0,
        "Operating Income": -27076000.0,
        "Operating Expense": 49139000.0,
        "Depreciation Amortization Depletion Income Statement": 0.0,
        "Depreciation And Amortization In Income Statement": 0.0,
        "Amortization": 0.0,
        "Amortization Of Intangibles Income Statement": 0.0,
        "Research And Development": 18826000.0,
        "Selling General And Administration": 30313000.0,
        "Selling And Marketing Expense": 14494000.0,
        "General And Administrative Expense": 15819000.0,
        "Other Gand A": 15819000.0,
        "Gross Profit": 22063000.0,
        "Cost Of Revenue": 18528000.0,
        "Total Revenue": 40591000.0,
        "Operating Revenue": 40591000.0
    },
    "2023-12-31": {
        "Tax Effect Of Unusual Items": -1686.568144,
        "Tax Rate For Calcs": 0.00243,
        "Normalized EBITDA": -21217000.0,
        "Total Unusual Items": -694000.0,
        "Total Unusual Items Excluding Goodwill": -694000.0,
        "Net Income From Continuing Operation Net Minority Interest": -31812000.0,
        "Reconciled Depreciation": 1454000.0,
        "Reconciled Cost Of Revenue": 14924000.0,
        "EBITDA": -21911000.0,
        "EBIT": -23365000.0,
        "Net Interest Income": -7085000.0,
        "Interest Expense": 7085000.0,
        "Normalized Income": -31119686.568144,
        "Net Income From Continuing And Discontinued Operation": -31812000.0,
        "Total Expenses": 57277000.0,
        "Total Operating Income As Reported": -21867000.0,
        "Diluted Average Shares": NaN,
        "Basic Average Shares": NaN,
        "Diluted EPS": NaN,
        "Basic EPS": NaN,
        "Diluted NI Availto Com Stockholders": -31812000.0,
        "Net Income Common Stockholders": -31812000.0,
        "Otherunder Preferred Stock Dividend": NaN,
        "Net Income": -31812000.0,
        "Minority Interests": -1436000.0,
        "Net Income Including Noncontrolling Interests": -30376000.0,
        "Net Income Continuous Operations": -30376000.0,
        "Tax Provision": -74000.0,
        "Pretax Income": -30450000.0,
        "Other Income Expense": -2192000.0,
        "Other Non Operating Income Expenses": -1498000.0,
        "Special Income Charges": -694000.0,
        "Impairment Of Capital Assets": 0.0,
        "Restructuring And Mergern Acquisition": 694000.0,
        "Net Non Operating Interest Income Expense": -7085000.0,
        "Interest Expense Non Operating": 7085000.0,
        "Operating Income": -21173000.0,
        "Operating Expense": 40899000.0,
        "Depreciation Amortization Depletion Income Statement": 0.0,
        "Depreciation And Amortization In Income Statement": 0.0,
        "Amortization": 0.0,
        "Amortization Of Intangibles Income Statement": 0.0,
        "Research And Development": 14417000.0,
        "Selling General And Administration": 26482000.0,
        "Selling And Marketing Expense": 11940000.0,
        "General And Administrative Expense": 14542000.0,
        "Other Gand A": 14542000.0,
        "Gross Profit": 19726000.0,
        "Cost Of Revenue": 16378000.0,
        "Total Revenue": 36104000.0,
        "Operating Revenue": 36104000.0
    },
    "2024-03-31": {
        "Tax Effect Of Unusual Items": -206430.0,
        "Tax Rate For Calcs": 0.21,
        "Normalized EBITDA": -13114000.0,
        "Total Unusual Items": -983000.0,
        "Total Unusual Items Excluding Goodwill": -983000.0,
        "Net Income From Continuing Operation Net Minority Interest": -22129000.0,
        "Reconciled Depreciation": 1425000.0,
        "Reconciled Cost Of Revenue": 16806000.0,
        "EBITDA": -14097000.0,
        "EBIT": -15522000.0,
        "Net Interest Income": -5099000.0,
        "Interest Expense": 5099000.0,
        "Normalized Income": -21352430.0,
        "Net Income From Continuing And Discontinued Operation": -22129000.0,
        "Total Expenses": 55139000.0,
        "Total Operating Income As Reported": -21175000.0,
        "Diluted Average Shares": 250932000.0,
        "Basic Average Shares": 250932000.0,
        "Diluted EPS": -0.09,
        "Basic EPS": -0.09,
        "Diluted NI Availto Com Stockholders": -22129000.0,
        "Net Income Common Stockholders": -22129000.0,
        "Otherunder Preferred Stock Dividend": NaN,
        "Net Income": -22129000.0,
        "Minority Interests": -1466000.0,
        "Net Income Including Noncontrolling Interests": -20663000.0,
        "Net Income Continuous Operations": -20663000.0,
        "Tax Provision": 42000.0,
        "Pretax Income": -20621000.0,
        "Other Income Expense": 4670000.0,
        "Other Non Operating Income Expenses": 5653000.0,
        "Special Income Charges": -983000.0,
        "Impairment Of Capital Assets": NaN,
        "Restructuring And Mergern Acquisition": 983000.0,
        "Net Non Operating Interest Income Expense": -5099000.0,
        "Interest Expense Non Operating": 5099000.0,
        "Operating Income": -20192000.0,
        "Operating Expense": 38333000.0,
        "Depreciation Amortization Depletion Income Statement": NaN,
        "Depreciation And Amortization In Income Statement": NaN,
        "Amortization": NaN,
        "Amortization Of Intangibles Income Statement": NaN,
        "Research And Development": 14183000.0,
        "Selling General And Administration": 24150000.0,
        "Selling And Marketing Expense": 10215000.0,
        "General And Administrative Expense": 13935000.0,
        "Other Gand A": 13935000.0,
        "Gross Profit": 18141000.0,
        "Cost Of Revenue": 16806000.0,
        "Total Revenue": 34947000.0,
        "Operating Revenue": 34947000.0
    },
    "2024-06-30": {
        "Tax Effect Of Unusual Items": -43470.0,
        "Tax Rate For Calcs": 0.21,
        "Normalized EBITDA": -16143000.0,
        "Total Unusual Items": -207000.0,
        "Total Unusual Items Excluding Goodwill": -207000.0,
        "Net Income From Continuing Operation Net Minority Interest": -20934000.0,
        "Reconciled Depreciation": 1400000.0,
        "Reconciled Cost Of Revenue": 18802000.0,
        "EBITDA": -16350000.0,
        "EBIT": -17750000.0,
        "Net Interest Income": -1648000.0,
        "Interest Expense": 1648000.0,
        "Normalized Income": -20770470.0,
        "Net Income From Continuing And Discontinued Operation": -20934000.0,
        "Total Expenses": 53612000.0,
        "Total Operating Income As Reported": -13339000.0,
        "Diluted Average Shares": 253069000.0,
        "Basic Average Shares": 253069000.0,
        "Diluted EPS": -0.09,
        "Basic EPS": -0.09,
        "Diluted NI Availto Com Stockholders": -23595000.0,
        "Net Income Common Stockholders": -23595000.0,
        "Otherunder Preferred Stock Dividend": 2661000.0,
        "Net Income": -20934000.0,
        "Minority Interests": -1513000.0,
        "Net Income Including Noncontrolling Interests": -19421000.0,
        "Net Income Continuous Operations": -19421000.0,
        "Tax Provision": 23000.0,
        "Pretax Income": -19398000.0,
        "Other Income Expense": -4618000.0,
        "Other Non Operating Income Expenses": -4411000.0,
        "Special Income Charges": -207000.0,
        "Impairment Of Capital Assets": NaN,
        "Restructuring And Mergern Acquisition": 207000.0,
        "Net Non Operating Interest Income Expense": -1648000.0,
        "Interest Expense Non Operating": 1648000.0,
        "Operating Income": -13132000.0,
        "Operating Expense": 34810000.0,
        "Depreciation Amortization Depletion Income Statement": NaN,
        "Depreciation And Amortization In Income Statement": NaN,
        "Amortization": NaN,
        "Amortization Of Intangibles Income Statement": NaN,
        "Research And Development": 12916000.0,
        "Selling General And Administration": 21894000.0,
        "Selling And Marketing Expense": 9370000.0,
        "General And Administrative Expense": 12524000.0,
        "Other Gand A": 12524000.0,
        "Gross Profit": 21678000.0,
        "Cost Of Revenue": 18802000.0,
        "Total Revenue": 40480000.0,
        "Operating Revenue": 40480000.0
    }
}