{
    "2023-03-31": {
        "Tax Effect Of Unusual Items": 0.0,
        "Tax Rate For Calcs": 0.21,
        "Normalized EBITDA": -6881000.0,
        "Net Income From Continuing Operation Net Minority Interest": -6895000.0,
        "EBITDA": -6881000.0,
        "EBIT": -6881000.0,
        "Normalized Income": -6895000.0,
        "Net Income From Continuing And Discontinued Operation": -6895000.0,
        "Total Expenses": 6881000.0,
        "Total Operating Income As Reported": -6881000.0,
        "Diluted Average Shares": 20950240.0,
        "Basic Average Shares": 20950240.0,
        "Diluted EPS": -0.33,
        "Basic EPS": -0.33,
        "Diluted NI Availto Com Stockholders": -6895000.0,
        "Net Income Common Stockholders": -6895000.0,
        "Net Income": -6895000.0,
        "Net Income Including Noncontrolling Interests": -6895000.0,
        "Net Income Continuous Operations": -6895000.0,
        "Tax Provision": 6000.0,
        "Pretax Income": -6889000.0,
        "Other Income Expense": -8000.0,
        "Other Non Operating Income Expenses": -8000.0,
        "Operating Income": -6881000.0,
        "Operating Expense": 6881000.0,
        "Research And Development": 5723000.0,
        "Selling General And Administration": 1158000.0,
        "General And Administrative Expense": 1158000.0,
        "Other Gand A": 1158000.0,
        "Total Revenue": 0.0,
        "Operating Revenue": 0.0
    },
    "2022-06-30": {
        "Tax Effect Of Unusual Items": 0.0,
        "Tax Rate For Calcs": 0.0,
        "Normalized EBITDA": -2506000.0,
        "Net Income From Continuing Operation Net Minority Interest": -2391000.0,
        "EBITDA": -2506000.0,
        "EBIT": -2506000.0,
        "Normalized Income": -2391000.0,
        "Net Income From Continuing And Discontinued Operation": -2391000.0,
        "Total Expenses": 2506000.0,
        "Total Operating Income As Reported": -2506000.0,
        "Diluted Average Shares": 19659441.0,
        "Basic Average Shares": 19659441.0,
        "Diluted EPS": -0.121621,
        "Basic EPS": -0.12,
        "Diluted NI Availto Com Stockholders": -2391000.0,
        "Net Income Common Stockholders": -2391000.0,
        "Net Income": -2391000.0,
        "Net Income Including Noncontrolling Interests": -2391000.0,
        "Net Income Continuous Operations": -2391000.0,
        "Tax Provision": 0.0,
        "Pretax Income": -2391000.0,
        "Other Income Expense": 115000.0,
        "Other Non Operating Income Expenses": 115000.0,
        "Operating Income": -2506000.0,
        "Operating Expense": 2506000.0,
        "Research And Development": 1579000.0,
        "Selling General And Administration": 927000.0,
        "General And Administrative Expense": 927000.0,
        "Other Gand A": 927000.0,
        "Total Revenue": 0.0,
        "Operating Revenue": 0.0
    },
    "2022-12-31": {
        "Tax Effect Of Unusual Items": 0.0,
        "Tax Rate For Calcs": 0.0,
        "Normalized EBITDA": -6532000.0,
        "Net Income From Continuing Operation Net Minority Interest": -6784000.0,
        "EBITDA": -6532000.0,
        "EBIT": -6532000.0,
        "Normalized Income": -6784000.0,
        "Net Income From Continuing And Discontinued Operation": -6784000.0,
        "Total Expenses": 6721000.0,
        "Total Operating Income As Reported": -6721000.0,
        "Diluted Average Shares": NaN,
        "Basic Average Shares": NaN,
        "Diluted EPS": NaN,
        "Basic EPS": NaN,
        "Diluted NI Availto Com Stockholders": -6784000.0,
        "Net Income Common Stockholders": -6784000.0,
        "Net Income": -6784000.0,
        "Net Income Including Noncontrolling Interests": -6784000.0,
        "Net Income Continuous Operations": -6784000.0,
        "Tax Provision": 0.0,
        "Pretax Income": -6784000.0,
        "Other Income Expense": -70000.0,
        "Other Non Operating Income Expenses": -70000.0,
        "Operating Income": -6721000.0,
        "Operating Expense": 6721000.0,
        "Research And Development": 5226000.0,
        "Selling General And Administration": 1495000.0,
        "General And Administrative Expense": 1495000.0,
        "Other Gand A": 1495000.0,
        "Total Revenue": 0.0,
        "Operating Revenue": 0.0
    },
    "2021-12-31": {
        "Diluted EPS": 0.0,
        "Total Revenue": NaN,
        "Gross Profit": NaN,
        "Operating Income": NaN,
        "EBIT": NaN,
        "Net Income": NaN
    },
    "2020-12-31": {
        "Diluted EPS": 0.0,
        "Total Revenue": NaN,
        "Gross Profit": NaN,
        "Operating Income": NaN,
        "EBIT": NaN,
        "Net Income": NaN
    },
    "2023-06-30": {
        "Tax Effect Of Unusual Items": 0.0,
        "Tax Rate For Calcs": 0.21,
        "Normalized EBITDA": -6871000.0,
        "Net Income From Continuing Operation Net Minority Interest": -6812000.0,
        "EBITDA": -6871000.0,
        "EBIT": -6871000.0,
        "Normalized Income": -6812000.0,
        "Net Income From Continuing And Discontinued Operation": -6812000.0,
        "Total Expenses": 6871000.0,
        "Total Operating Income As Reported": -6871000.0,
        "Diluted Average Shares": 25785147.0,
        "Basic Average Shares": 25785147.0,
        "Diluted EPS": -0.264183,
        "Basic EPS": -0.26,
        "Diluted NI Availto Com Stockholders": -6812000.0,
        "Net Income Common Stockholders": -6812000.0,
        "Net Income": -6812000.0,
        "Net Income Including Noncontrolling Interests": -6812000.0,
        "Net Income Continuous Operations": -6812000.0,
        "Tax Provision": 3000.0,
        "Pretax Income": -6809000.0,
        "Other Income Expense": 62000.0,
        "Other Non Operating Income Expenses": 62000.0,
        "Operating Income": -6871000.0,
        "Operating Expense": 6871000.0,
        "Research And Development": 5516000.0,
        "Selling General And Administration": 1355000.0,
        "General And Administrative Expense": 1355000.0,
        "Other Gand A": 1355000.0,
        "Total Revenue": 0.0,
        "Operating Revenue": 0.0
    },
    "2023-09-30": {
        "Tax Effect Of Unusual Items": 0.0,
        "Tax Rate For Calcs": 0.21,
        "Normalized EBITDA": -10961000.0,
        "Net Income From Continuing Operation Net Minority Interest": -10935000.0,
        "EBITDA": -10961000.0,
        "EBIT": -10961000.0,
        "Normalized Income": -10935000.0,
        "Net Income From Continuing And Discontinued Operation": -10935000.0,
        "Total Expenses": 10961000.0,
        "Total Operating Income As Reported": -10961000.0,
        "Diluted Average Shares": 27315550.0,
        "Basic Average Shares": 27315550.0,
        "Diluted EPS": -0.4,
        "Basic EPS": -0.4,
        "Diluted NI Availto Com Stockholders": -10935000.0,
        "Net Income Common Stockholders": -10935000.0,
        "Net Income": -10935000.0,
        "Net Income Including Noncontrolling Interests": -10935000.0,
        "Net Income Continuous Operations": -10935000.0,
        "Tax Provision": 1000.0,
        "Pretax Income": -10934000.0,
        "Other Income Expense": 27000.0,
        "Other Non Operating Income Expenses": 27000.0,
        "Operating Income": -10961000.0,
        "Operating Expense": 10961000.0,
        "Research And Development": 8743000.0,
        "Selling General And Administration": 2218000.0,
        "General And Administrative Expense": 2218000.0,
        "Other Gand A": 2218000.0,
        "Total Revenue": 0.0,
        "Operating Revenue": 0.0
    },
    "2022-09-30": {
        "Tax Effect Of Unusual Items": 0.0,
        "Tax Rate For Calcs": 0.0,
        "Normalized EBITDA": -2540000.0,
        "Net Income From Continuing Operation Net Minority Interest": -2403000.0,
        "EBITDA": -2540000.0,
        "EBIT": -2540000.0,
        "Normalized Income": -2403000.0,
        "Net Income From Continuing And Discontinued Operation": -2403000.0,
        "Total Expenses": 2540000.0,
        "Total Operating Income As Reported": -2540000.0,
        "Diluted Average Shares": 24869038.0,
        "Basic Average Shares": 24869038.0,
        "Diluted EPS": -0.1,
        "Basic EPS": -0.1,
        "Diluted NI Availto Com Stockholders": -2403000.0,
        "Net Income Common Stockholders": -2403000.0,
        "Net Income": -2403000.0,
        "Net Income Including Noncontrolling Interests": -2403000.0,
        "Net Income Continuous Operations": -2403000.0,
        "Tax Provision": 0.0,
        "Pretax Income": -2403000.0,
        "Other Income Expense": 137000.0,
        "Other Non Operating Income Expenses": 137000.0,
        "Operating Income": -2540000.0,
        "Operating Expense": 2540000.0,
        "Research And Development": 1185000.0,
        "Selling General And Administration": 1355000.0,
        "General And Administrative Expense": 1355000.0,
        "Other Gand A": 1355000.0,
        "Total Revenue": 0.0,
        "Operating Revenue": 0.0
    },
    "2023-12-31": {
        "Tax Effect Of Unusual Items": 0.0,
        "Tax Rate For Calcs": 0.000143,
        "Normalized EBITDA": -6885000.0,
        "Net Income From Continuing Operation Net Minority Interest": -6990000.0,
        "EBITDA": -6885000.0,
        "EBIT": -6885000.0,
        "Normalized Income": -6990000.0,
        "Net Income From Continuing And Discontinued Operation": -6990000.0,
        "Total Expenses": 6955000.0,
        "Total Operating Income As Reported": -6955000.0,
        "Diluted Average Shares": NaN,
        "Basic Average Shares": NaN,
        "Diluted EPS": NaN,
        "Basic EPS": NaN,
        "Diluted NI Availto Com Stockholders": -6990000.0,
        "Net Income Common Stockholders": -6990000.0,
        "Net Income": -6990000.0,
        "Net Income Including Noncontrolling Interests": -6990000.0,
        "Net Income Continuous Operations": -6990000.0,
        "Tax Provision": -1000.0,
        "Pretax Income": -6991000.0,
        "Other Income Expense": -85000.0,
        "Other Non Operating Income Expenses": -85000.0,
        "Operating Income": -6955000.0,
        "Operating Expense": 6955000.0,
        "Research And Development": 4862000.0,
        "Selling General And Administration": 2093000.0,
        "General And Administrative Expense": 2093000.0,
        "Other Gand A": 2093000.0,
        "Total Revenue": 0.0,
        "Operating Revenue": 0.0
    }
}