{
    "2023-03-31": {
        "Tax Effect Of Unusual Items": NaN,
        "Tax Rate For Calcs": NaN,
        "Normalized EBITDA": NaN,
        "Total Unusual Items": NaN,
        "Total Unusual Items Excluding Goodwill": NaN,
        "Net Income From Continuing Operation Net Minority Interest": NaN,
        "Reconciled Depreciation": NaN,
        "Reconciled Cost Of Revenue": NaN,
        "EBITDA": NaN,
        "EBIT": NaN,
        "Net Interest Income": NaN,
        "Interest Expense": NaN,
        "Interest Income": NaN,
        "Normalized Income": NaN,
        "Net Income From Continuing And Discontinued Operation": NaN,
        "Total Expenses": NaN,
        "Total Operating Income As Reported": NaN,
        "Diluted Average Shares": NaN,
        "Basic Average Shares": NaN,
        "Diluted EPS": NaN,
        "Basic EPS": NaN,
        "Diluted NI Availto Com Stockholders": NaN,
        "Net Income Common Stockholders": NaN,
        "Net Income": NaN,
        "Net Income Including Noncontrolling Interests": NaN,
        "Net Income Continuous Operations": NaN,
        "Tax Provision": NaN,
        "Pretax Income": NaN,
        "Other Income Expense": NaN,
        "Other Non Operating Income Expenses": NaN,
        "Special Income Charges": NaN,
        "Restructuring And Mergern Acquisition": NaN,
        "Net Non Operating Interest Income Expense": NaN,
        "Total Other Finance Cost": -2825000.0,
        "Interest Expense Non Operating": NaN,
        "Interest Income Non Operating": NaN,
        "Operating Income": NaN,
        "Operating Expense": NaN,
        "Other Operating Expenses": NaN,
        "Research And Development": NaN,
        "Selling General And Administration": NaN,
        "Gross Profit": NaN,
        "Cost Of Revenue": NaN,
        "Total Revenue": NaN,
        "Operating Revenue": NaN
    },
    "2022-12-31": {
        "Tax Effect Of Unusual Items": NaN,
        "Tax Rate For Calcs": NaN,
        "Normalized EBITDA": NaN,
        "Total Unusual Items": 0.0,
        "Total Unusual Items Excluding Goodwill": 0.0,
        "Net Income From Continuing Operation Net Minority Interest": NaN,
        "Reconciled Depreciation": NaN,
        "Reconciled Cost Of Revenue": NaN,
        "EBITDA": NaN,
        "EBIT": NaN,
        "Net Interest Income": NaN,
        "Interest Expense": NaN,
        "Interest Income": NaN,
        "Normalized Income": NaN,
        "Net Income From Continuing And Discontinued Operation": NaN,
        "Total Expenses": NaN,
        "Total Operating Income As Reported": NaN,
        "Diluted Average Shares": 85182000.0,
        "Basic Average Shares": 85182000.0,
        "Diluted EPS": 0.38,
        "Basic EPS": 0.38,
        "Diluted NI Availto Com Stockholders": NaN,
        "Net Income Common Stockholders": NaN,
        "Net Income": NaN,
        "Net Income Including Noncontrolling Interests": NaN,
        "Net Income Discontinuous Operations": 0.0,
        "Net Income Continuous Operations": NaN,
        "Tax Provision": NaN,
        "Pretax Income": NaN,
        "Other Income Expense": NaN,
        "Other Non Operating Income Expenses": NaN,
        "Special Income Charges": 0.0,
        "Restructuring And Mergern Acquisition": 0.0,
        "Net Non Operating Interest Income Expense": NaN,
        "Total Other Finance Cost": NaN,
        "Interest Expense Non Operating": NaN,
        "Interest Income Non Operating": NaN,
        "Operating Income": NaN,
        "Operating Expense": NaN,
        "Other Operating Expenses": NaN,
        "Research And Development": NaN,
        "Selling General And Administration": NaN,
        "Gross Profit": NaN,
        "Cost Of Revenue": NaN,
        "Total Revenue": NaN,
        "Operating Revenue": NaN
    },
    "2022-09-30": {
        "Tax Effect Of Unusual Items": 356790.0,
        "Tax Rate For Calcs": 0.21,
        "Normalized EBITDA": -86792000.0,
        "Total Unusual Items": 1699000.0,
        "Total Unusual Items Excluding Goodwill": 1699000.0,
        "Net Income From Continuing Operation Net Minority Interest": -76520000.0,
        "Reconciled Depreciation": 1387000.0,
        "Reconciled Cost Of Revenue": 0.0,
        "EBITDA": -85093000.0,
        "EBIT": -86480000.0,
        "Net Interest Income": 383000.0,
        "Interest Income": 383000.0,
        "Normalized Income": -77862210.0,
        "Net Income From Continuing And Discontinued Operation": -76520000.0,
        "Total Expenses": 86551000.0,
        "Total Operating Income As Reported": -84781000.0,
        "Diluted Average Shares": 81543000.0,
        "Basic Average Shares": 81543000.0,
        "Diluted EPS": -0.94,
        "Basic EPS": -0.94,
        "Diluted NI Availto Com Stockholders": -76520000.0,
        "Net Income Common Stockholders": -76520000.0,
        "Net Income": -76520000.0,
        "Net Income Including Noncontrolling Interests": -76520000.0,
        "Net Income Discontinuous Operations": 0.0,
        "Net Income Continuous Operations": -76520000.0,
        "Tax Provision": 7000.0,
        "Pretax Income": -76513000.0,
        "Other Income Expense": 9584000.0,
        "Other Non Operating Income Expenses": 7885000.0,
        "Special Income Charges": 1699000.0,
        "Restructuring And Mergern Acquisition": -1699000.0,
        "Net Non Operating Interest Income Expense": 383000.0,
        "Total Other Finance Cost": NaN,
        "Interest Income Non Operating": 383000.0,
        "Operating Income": -86480000.0,
        "Operating Expense": 86551000.0,
        "Research And Development": 53149000.0,
        "Selling General And Administration": 33402000.0,
        "Gross Profit": 71000.0,
        "Cost Of Revenue": 0.0,
        "Total Revenue": 71000.0,
        "Operating Revenue": 0.0
    },
    "2022-06-30": {
        "Tax Effect Of Unusual Items": 0.0,
        "Tax Rate For Calcs": 0.0,
        "Normalized EBITDA": -92778000.0,
        "Total Unusual Items": -6639000.0,
        "Total Unusual Items Excluding Goodwill": -6639000.0,
        "Net Income From Continuing Operation Net Minority Interest": -100138000.0,
        "Reconciled Depreciation": 1344000.0,
        "Reconciled Cost Of Revenue": 1745000.0,
        "EBITDA": -99417000.0,
        "EBIT": -100761000.0,
        "Net Interest Income": 174000.0,
        "Interest Income": 174000.0,
        "Normalized Income": -93499000.0,
        "Net Income From Continuing And Discontinued Operation": -100138000.0,
        "Total Expenses": 102280000.0,
        "Total Operating Income As Reported": -107400000.0,
        "Diluted Average Shares": 73767000.0,
        "Basic Average Shares": 73767000.0,
        "Diluted EPS": -1.36,
        "Basic EPS": -1.36,
        "Diluted NI Availto Com Stockholders": -100138000.0,
        "Net Income Common Stockholders": -100138000.0,
        "Net Income": -100138000.0,
        "Net Income Including Noncontrolling Interests": -100138000.0,
        "Net Income Discontinuous Operations": 0.0,
        "Net Income Continuous Operations": -100138000.0,
        "Tax Provision": 0.0,
        "Pretax Income": -100138000.0,
        "Other Income Expense": 449000.0,
        "Other Non Operating Income Expenses": 7088000.0,
        "Special Income Charges": -6639000.0,
        "Restructuring And Mergern Acquisition": 6639000.0,
        "Net Non Operating Interest Income Expense": 174000.0,
        "Total Other Finance Cost": NaN,
        "Interest Income Non Operating": 174000.0,
        "Operating Income": -100761000.0,
        "Operating Expense": 100535000.0,
        "Other Operating Expenses": NaN,
        "Research And Development": 63841000.0,
        "Selling General And Administration": 36694000.0,
        "Gross Profit": -226000.0,
        "Cost Of Revenue": 1745000.0,
        "Total Revenue": 1519000.0,
        "Operating Revenue": 1331000.0
    },
    "2022-03-31": {
        "Diluted EPS": -0.03,
        "Total Revenue": 276,
        "Gross Profit": 276,
        "Operating Income": -23,
        "EBIT": 40,
        "Net Income": -12
    },
    "2021-12-31": {
        "Diluted EPS": 0.05,
        "Total Revenue": 289,
        "Gross Profit": 289,
        "Operating Income": 66,
        "EBIT": 115,
        "Net Income": 0
    },
    "2021-09-30": {
        "Diluted EPS": -0.16,
        "Total Revenue": 248,
        "Gross Profit": 248,
        "Operating Income": 76,
        "EBIT": 124,
        "Net Income": -53
    },
    "2021-06-30": {
        "Diluted EPS": -1.23,
        "Total Revenue": 179,
        "Gross Profit": 179,
        "Operating Income": NaN,
        "EBIT": NaN,
        "Net Income": -362
    },
    "2021-03-31": {
        "Diluted EPS": 0.0,
        "Total Revenue": 108,
        "Gross Profit": 108,
        "Operating Income": 45,
        "EBIT": 46,
        "Net Income": 39
    },
    "2020-12-31": {
        "Diluted EPS": 0.0,
        "Total Revenue": NaN,
        "Gross Profit": NaN,
        "Operating Income": NaN,
        "EBIT": NaN,
        "Net Income": NaN
    },
    "2020-09-30": {
        "Diluted EPS": 0.0,
        "Total Revenue": 54,
        "Gross Profit": 54,
        "Operating Income": -4,
        "EBIT": -3,
        "Net Income": -9
    },
    "2020-06-30": {
        "Diluted EPS": 0.0,
        "Total Revenue": 40,
        "Gross Profit": 40,
        "Operating Income": -7,
        "EBIT": -7,
        "Net Income": -12
    },
    "2019-12-31": {
        "Diluted EPS": 0.0,
        "Total Revenue": NaN,
        "Gross Profit": NaN,
        "Operating Income": NaN,
        "EBIT": NaN,
        "Net Income": NaN
    },
    "2023-06-30": {
        "Tax Effect Of Unusual Items": NaN,
        "Tax Rate For Calcs": NaN,
        "Normalized EBITDA": NaN,
        "Total Unusual Items": 0.0,
        "Total Unusual Items Excluding Goodwill": 0.0,
        "Net Income From Continuing Operation Net Minority Interest": NaN,
        "Reconciled Depreciation": NaN,
        "Reconciled Cost Of Revenue": NaN,
        "EBITDA": NaN,
        "EBIT": NaN,
        "Net Interest Income": NaN,
        "Interest Expense": 3750000.0,
        "Interest Income": NaN,
        "Normalized Income": NaN,
        "Net Income From Continuing And Discontinued Operation": NaN,
        "Total Expenses": NaN,
        "Total Operating Income As Reported": NaN,
        "Diluted Average Shares": 108685000.0,
        "Basic Average Shares": 108685000.0,
        "Diluted EPS": -0.58,
        "Basic EPS": -0.58,
        "Diluted NI Availto Com Stockholders": NaN,
        "Net Income Common Stockholders": NaN,
        "Net Income": NaN,
        "Net Income Including Noncontrolling Interests": NaN,
        "Net Income Continuous Operations": NaN,
        "Tax Provision": NaN,
        "Pretax Income": NaN,
        "Other Income Expense": NaN,
        "Other Non Operating Income Expenses": NaN,
        "Special Income Charges": 0.0,
        "Restructuring And Mergern Acquisition": 0.0,
        "Net Non Operating Interest Income Expense": NaN,
        "Total Other Finance Cost": NaN,
        "Interest Expense Non Operating": 3750000.0,
        "Interest Income Non Operating": NaN,
        "Operating Income": NaN,
        "Operating Expense": NaN,
        "Other Operating Expenses": NaN,
        "Research And Development": NaN,
        "Selling General And Administration": NaN,
        "Gross Profit": NaN,
        "Cost Of Revenue": NaN,
        "Total Revenue": NaN,
        "Operating Revenue": NaN
    },
    "2023-09-30": {
        "Tax Effect Of Unusual Items": 0.0,
        "Tax Rate For Calcs": 0.0,
        "Normalized EBITDA": -75511000.0,
        "Total Unusual Items": 0.0,
        "Total Unusual Items Excluding Goodwill": 0.0,
        "Net Income From Continuing Operation Net Minority Interest": -87232000.0,
        "Reconciled Depreciation": 7410000.0,
        "Reconciled Cost Of Revenue": 9126000.0,
        "EBITDA": -75511000.0,
        "EBIT": -82921000.0,
        "Net Interest Income": -1857000.0,
        "Interest Expense": 4311000.0,
        "Interest Income": 2454000.0,
        "Normalized Income": -87232000.0,
        "Net Income From Continuing And Discontinued Operation": -87232000.0,
        "Total Expenses": 108398000.0,
        "Total Operating Income As Reported": -96006000.0,
        "Diluted Average Shares": 109098000.0,
        "Basic Average Shares": 109098000.0,
        "Diluted EPS": -0.8,
        "Basic EPS": -0.8,
        "Diluted NI Availto Com Stockholders": -87232000.0,
        "Net Income Common Stockholders": -87232000.0,
        "Net Income": -87232000.0,
        "Net Income Including Noncontrolling Interests": -87232000.0,
        "Net Income Continuous Operations": -87232000.0,
        "Tax Provision": 0.0,
        "Pretax Income": -87232000.0,
        "Other Income Expense": 10631000.0,
        "Other Non Operating Income Expenses": 10631000.0,
        "Special Income Charges": 0.0,
        "Restructuring And Mergern Acquisition": 0.0,
        "Net Non Operating Interest Income Expense": -1857000.0,
        "Total Other Finance Cost": NaN,
        "Interest Expense Non Operating": 4311000.0,
        "Interest Income Non Operating": 2454000.0,
        "Operating Income": -96006000.0,
        "Operating Expense": 99272000.0,
        "Other Operating Expenses": NaN,
        "Research And Development": 58501000.0,
        "Selling General And Administration": 40771000.0,
        "Gross Profit": 3266000.0,
        "Cost Of Revenue": 9126000.0,
        "Total Revenue": 12392000.0,
        "Operating Revenue": 12281000.0
    },
    "2024-03-31": {
        "Tax Effect Of Unusual Items": 0.0,
        "Tax Rate For Calcs": 0.0,
        "Normalized EBITDA": -49479000.0,
        "Total Unusual Items": NaN,
        "Total Unusual Items Excluding Goodwill": NaN,
        "Net Income From Continuing Operation Net Minority Interest": -69804000.0,
        "Reconciled Depreciation": 15469000.0,
        "Reconciled Cost Of Revenue": 25864000.0,
        "EBITDA": -49479000.0,
        "EBIT": -64948000.0,
        "Net Interest Income": -2277000.0,
        "Interest Expense": 4856000.0,
        "Interest Income": 2579000.0,
        "Normalized Income": -69804000.0,
        "Net Income From Continuing And Discontinued Operation": -69804000.0,
        "Total Expenses": 97265000.0,
        "Total Operating Income As Reported": -78692000.0,
        "Diluted Average Shares": 193151000.0,
        "Basic Average Shares": 193151000.0,
        "Diluted EPS": -0.36,
        "Basic EPS": -0.36,
        "Diluted NI Availto Com Stockholders": -69804000.0,
        "Net Income Common Stockholders": -69804000.0,
        "Net Income": -69804000.0,
        "Net Income Including Noncontrolling Interests": -69804000.0,
        "Net Income Continuous Operations": -69804000.0,
        "Tax Provision": 0.0,
        "Pretax Income": -69804000.0,
        "Other Income Expense": 11165000.0,
        "Other Non Operating Income Expenses": 11165000.0,
        "Special Income Charges": NaN,
        "Restructuring And Mergern Acquisition": NaN,
        "Net Non Operating Interest Income Expense": -2277000.0,
        "Total Other Finance Cost": NaN,
        "Interest Expense Non Operating": 4856000.0,
        "Interest Income Non Operating": 2579000.0,
        "Operating Income": -78692000.0,
        "Operating Expense": 71401000.0,
        "Other Operating Expenses": NaN,
        "Research And Development": 25072000.0,
        "Selling General And Administration": 46329000.0,
        "Gross Profit": -7291000.0,
        "Cost Of Revenue": 25864000.0,
        "Total Revenue": 18573000.0,
        "Operating Revenue": 18561000.0
    },
    "2023-12-31": {
        "Tax Effect Of Unusual Items": 0.0,
        "Tax Rate For Calcs": 0.000519,
        "Normalized EBITDA": -8696000.0,
        "Total Unusual Items": 0.0,
        "Total Unusual Items Excluding Goodwill": 0.0,
        "Net Income From Continuing Operation Net Minority Interest": -88514000.0,
        "Reconciled Depreciation": 25401000.0,
        "Reconciled Cost Of Revenue": 9632000.0,
        "EBITDA": -8696000.0,
        "EBIT": -34097000.0,
        "Net Interest Income": -14442000.0,
        "Interest Expense": NaN,
        "Interest Income": 1911000.0,
        "Normalized Income": -88514000.0,
        "Net Income From Continuing And Discontinued Operation": -88514000.0,
        "Total Expenses": 90507000.0,
        "Total Operating Income As Reported": -82673000.0,
        "Diluted Average Shares": NaN,
        "Basic Average Shares": NaN,
        "Diluted EPS": NaN,
        "Basic EPS": NaN,
        "Diluted NI Availto Com Stockholders": -88514000.0,
        "Net Income Common Stockholders": -88514000.0,
        "Net Income": -88514000.0,
        "Net Income Including Noncontrolling Interests": -88514000.0,
        "Net Income Continuous Operations": -88514000.0,
        "Tax Provision": -46000.0,
        "Pretax Income": -88560000.0,
        "Other Income Expense": 8555000.0,
        "Other Non Operating Income Expenses": 8555000.0,
        "Special Income Charges": 0.0,
        "Restructuring And Mergern Acquisition": 0.0,
        "Net Non Operating Interest Income Expense": -14442000.0,
        "Total Other Finance Cost": NaN,
        "Interest Expense Non Operating": NaN,
        "Interest Income Non Operating": 1911000.0,
        "Operating Income": -82673000.0,
        "Operating Expense": 80875000.0,
        "Other Operating Expenses": 0.0,
        "Research And Development": 33771000.0,
        "Selling General And Administration": 47104000.0,
        "Gross Profit": -1798000.0,
        "Cost Of Revenue": 9632000.0,
        "Total Revenue": 7834000.0,
        "Operating Revenue": 7651000.0
    },
    "2024-06-30": {
        "Tax Effect Of Unusual Items": 0.0,
        "Tax Rate For Calcs": 0.21,
        "Normalized EBITDA": -59393000.0,
        "Total Unusual Items": NaN,
        "Total Unusual Items Excluding Goodwill": NaN,
        "Net Income From Continuing Operation Net Minority Interest": -81393000.0,
        "Reconciled Depreciation": 16526000.0,
        "Reconciled Cost Of Revenue": 28946000.0,
        "EBITDA": -59393000.0,
        "EBIT": -75919000.0,
        "Net Interest Income": -2616000.0,
        "Interest Expense": 5453000.0,
        "Interest Income": 2837000.0,
        "Normalized Income": -81393000.0,
        "Net Income From Continuing And Discontinued Operation": -81393000.0,
        "Total Expenses": 104493000.0,
        "Total Operating Income As Reported": -88392000.0,
        "Diluted Average Shares": 193716000.0,
        "Basic Average Shares": 193716000.0,
        "Diluted EPS": -0.42,
        "Basic EPS": -0.42,
        "Diluted NI Availto Com Stockholders": -81393000.0,
        "Net Income Common Stockholders": -81393000.0,
        "Net Income": -81393000.0,
        "Net Income Including Noncontrolling Interests": -81393000.0,
        "Net Income Continuous Operations": -81393000.0,
        "Tax Provision": 21000.0,
        "Pretax Income": -81372000.0,
        "Other Income Expense": 9636000.0,
        "Other Non Operating Income Expenses": 9636000.0,
        "Special Income Charges": NaN,
        "Restructuring And Mergern Acquisition": NaN,
        "Net Non Operating Interest Income Expense": -2616000.0,
        "Total Other Finance Cost": NaN,
        "Interest Expense Non Operating": 5453000.0,
        "Interest Income Non Operating": 2837000.0,
        "Operating Income": -88392000.0,
        "Operating Expense": 75547000.0,
        "Other Operating Expenses": NaN,
        "Research And Development": 25162000.0,
        "Selling General And Administration": 50385000.0,
        "Gross Profit": -12845000.0,
        "Cost Of Revenue": 28946000.0,
        "Total Revenue": 16101000.0,
        "Operating Revenue": 16101000.0
    },
    "2024-09-30": {
        "Tax Effect Of Unusual Items": -2678.63832,
        "Tax Rate For Calcs": 0.000953,
        "Normalized EBITDA": -36933000.0,
        "Total Unusual Items": -2811000.0,
        "Total Unusual Items Excluding Goodwill": -2811000.0,
        "Net Income From Continuing Operation Net Minority Interest": -60808000.0,
        "Reconciled Depreciation": 15344000.0,
        "Reconciled Cost Of Revenue": 11781000.0,
        "EBITDA": -39744000.0,
        "EBIT": -55088000.0,
        "Net Interest Income": -4138000.0,
        "Interest Expense": 5778000.0,
        "Interest Income": 1640000.0,
        "Normalized Income": -57999678.63832,
        "Net Income From Continuing And Discontinued Operation": -60808000.0,
        "Total Expenses": 74720000.0,
        "Total Operating Income As Reported": -66919000.0,
        "Diluted Average Shares": 193893000.0,
        "Basic Average Shares": 193893000.0,
        "Diluted EPS": -0.31,
        "Basic EPS": -0.31,
        "Diluted NI Availto Com Stockholders": -60808000.0,
        "Net Income Common Stockholders": -60808000.0,
        "Net Income": -60808000.0,
        "Net Income Including Noncontrolling Interests": -60808000.0,
        "Net Income Continuous Operations": -60808000.0,
        "Tax Provision": -58000.0,
        "Pretax Income": -60866000.0,
        "Other Income Expense": 7380000.0,
        "Other Non Operating Income Expenses": 10191000.0,
        "Special Income Charges": -2811000.0,
        "Restructuring And Mergern Acquisition": 2811000.0,
        "Net Non Operating Interest Income Expense": -4138000.0,
        "Total Other Finance Cost": NaN,
        "Interest Expense Non Operating": 5778000.0,
        "Interest Income Non Operating": 1640000.0,
        "Operating Income": -64108000.0,
        "Operating Expense": 62939000.0,
        "Other Operating Expenses": NaN,
        "Research And Development": 23174000.0,
        "Selling General And Administration": 39765000.0,
        "Gross Profit": -1169000.0,
        "Cost Of Revenue": 11781000.0,
        "Total Revenue": 10612000.0,
        "Operating Revenue": 10612000.0
    }
}