{
    "2023-06-30": {
        "Tax Effect Of Unusual Items": 0.0,
        "Tax Rate For Calcs": 0.4,
        "Total Unusual Items": NaN,
        "Total Unusual Items Excluding Goodwill": NaN,
        "Net Income From Continuing Operation Net Minority Interest": 37066000.0,
        "Reconciled Depreciation": 742000.0,
        "Net Interest Income": 54458000.0,
        "Interest Expense": 105044000.0,
        "Interest Income": 159502000.0,
        "Normalized Income": 37066000.0,
        "Net Income From Continuing And Discontinued Operation": 37066000.0,
        "Diluted Average Shares": 36492000.0,
        "Basic Average Shares": 36492000.0,
        "Diluted EPS": 1.02,
        "Basic EPS": 1.02,
        "Diluted NI Availto Com Stockholders": 37066000.0,
        "Net Income Common Stockholders": 37066000.0,
        "Net Income": 37066000.0,
        "Net Income Including Noncontrolling Interests": 37066000.0,
        "Net Income Continuous Operations": 37066000.0,
        "Pretax Income": 37066000.0,
        "Gain On Sale Of Security": -3637000.0,
        "Depreciation Amortization Depletion Income Statement": 742000.0,
        "Depreciation And Amortization In Income Statement": 742000.0,
        "Amortization": 190000.0,
        "Amortization Of Intangibles Income Statement": 190000.0,
        "Depreciation Income Statement": 552000.0,
        "Selling General And Administration": 9862000.0,
        "General And Administrative Expense": 9862000.0,
        "Salaries And Wages": 9862000.0,
        "Total Revenue": 57380000.0,
        "Operating Revenue": 57380000.0
    },
    "2023-03-31": {
        "Tax Effect Of Unusual Items": 0.0,
        "Tax Rate For Calcs": 0.4,
        "Total Unusual Items": NaN,
        "Total Unusual Items Excluding Goodwill": NaN,
        "Net Income From Continuing Operation Net Minority Interest": 36954000.0,
        "Reconciled Depreciation": 735000.0,
        "Net Interest Income": 52620000.0,
        "Interest Expense": 90759000.0,
        "Interest Income": 143379000.0,
        "Normalized Income": 36954000.0,
        "Net Income From Continuing And Discontinued Operation": 36954000.0,
        "Diluted Average Shares": 36360000.0,
        "Basic Average Shares": 36360000.0,
        "Diluted EPS": 1.02,
        "Basic EPS": 1.02,
        "Diluted NI Availto Com Stockholders": 36954000.0,
        "Net Income Common Stockholders": 36954000.0,
        "Net Income": 36954000.0,
        "Net Income Including Noncontrolling Interests": 36954000.0,
        "Net Income Continuous Operations": 36954000.0,
        "Pretax Income": 36954000.0,
        "Gain On Sale Of Security": 1704000.0,
        "Depreciation Amortization Depletion Income Statement": 735000.0,
        "Depreciation And Amortization In Income Statement": 735000.0,
        "Amortization": 187000.0,
        "Amortization Of Intangibles Income Statement": 187000.0,
        "Depreciation Income Statement": 548000.0,
        "Selling General And Administration": 9736000.0,
        "General And Administrative Expense": 9736000.0,
        "Salaries And Wages": 9736000.0,
        "Total Revenue": 59175000.0,
        "Operating Revenue": 59175000.0
    },
    "2022-12-31": {
        "Tax Effect Of Unusual Items": 0.0,
        "Tax Rate For Calcs": 0.4,
        "Total Unusual Items": 0.0,
        "Total Unusual Items Excluding Goodwill": 0.0,
        "Net Income From Continuing Operation Net Minority Interest": 31025000.0,
        "Reconciled Depreciation": 696000.0,
        "Net Interest Income": 49433000.0,
        "Interest Expense": 81465000.0,
        "Interest Income": 130898000.0,
        "Normalized Income": 31025000.0,
        "Net Income From Continuing And Discontinued Operation": 31025000.0,
        "Diluted Average Shares": 36325000.0,
        "Basic Average Shares": 36325000.0,
        "Diluted EPS": 0.85,
        "Basic EPS": 0.85,
        "Diluted NI Availto Com Stockholders": 31025000.0,
        "Net Income Common Stockholders": 31025000.0,
        "Net Income": 31025000.0,
        "Net Income Including Noncontrolling Interests": 31025000.0,
        "Net Income Continuous Operations": 31025000.0,
        "Pretax Income": 31025000.0,
        "Gain On Sale Of Security": -1573000.0,
        "Depreciation Amortization Depletion Income Statement": 696000.0,
        "Depreciation And Amortization In Income Statement": 696000.0,
        "Amortization": 168000.0,
        "Amortization Of Intangibles Income Statement": 168000.0,
        "Depreciation Income Statement": 528000.0,
        "Selling General And Administration": 9802000.0,
        "General And Administrative Expense": 9802000.0,
        "Salaries And Wages": 9802000.0,
        "Total Revenue": 53185000.0,
        "Operating Revenue": 53185000.0
    },
    "2022-09-30": {
        "Tax Effect Of Unusual Items": 0.0,
        "Tax Rate For Calcs": 0.4,
        "Total Unusual Items": NaN,
        "Total Unusual Items Excluding Goodwill": NaN,
        "Net Income From Continuing Operation Net Minority Interest": 26874000.0,
        "Reconciled Depreciation": 721000.0,
        "Net Interest Income": 40158000.0,
        "Interest Expense": 52508000.0,
        "Interest Income": 92666000.0,
        "Normalized Income": 26874000.0,
        "Net Income From Continuing And Discontinued Operation": 26874000.0,
        "Diluted Average Shares": 36329000.0,
        "Basic Average Shares": 36329000.0,
        "Diluted EPS": 0.74,
        "Basic EPS": 0.74,
        "Diluted NI Availto Com Stockholders": 26874000.0,
        "Net Income Common Stockholders": 26874000.0,
        "Net Income": 26874000.0,
        "Net Income Including Noncontrolling Interests": 26874000.0,
        "Net Income Continuous Operations": 26874000.0,
        "Pretax Income": 26874000.0,
        "Gain On Sale Of Security": -329000.0,
        "Depreciation Amortization Depletion Income Statement": 722000.0,
        "Depreciation And Amortization In Income Statement": 722000.0,
        "Amortization": 144000.0,
        "Amortization Of Intangibles Income Statement": 144000.0,
        "Depreciation Income Statement": 578000.0,
        "Selling General And Administration": 8726000.0,
        "General And Administrative Expense": 8726000.0,
        "Salaries And Wages": 8726000.0,
        "Total Revenue": 46317000.0,
        "Operating Revenue": 46317000.0
    },
    "2022-06-30": {
        "Tax Effect Of Unusual Items": 0.0,
        "Tax Rate For Calcs": 0.4,
        "Total Unusual Items": NaN,
        "Total Unusual Items Excluding Goodwill": NaN,
        "Net Income From Continuing Operation Net Minority Interest": 23022000.0,
        "Reconciled Depreciation": 641000.0,
        "Net Interest Income": 32699000.0,
        "Interest Expense": 31354000.0,
        "Interest Income": 64053000.0,
        "Normalized Income": 23022000.0,
        "Net Income From Continuing And Discontinued Operation": 23022000.0,
        "Diluted Average Shares": 36313000.0,
        "Basic Average Shares": 36313000.0,
        "Diluted EPS": 0.63,
        "Basic EPS": 0.63,
        "Diluted NI Availto Com Stockholders": 23022000.0,
        "Net Income Common Stockholders": 23022000.0,
        "Net Income": 23022000.0,
        "Net Income Including Noncontrolling Interests": 23022000.0,
        "Net Income Continuous Operations": 23022000.0,
        "Pretax Income": 23022000.0,
        "Gain On Sale Of Security": -74000.0,
        "Depreciation Amortization Depletion Income Statement": 641000.0,
        "Depreciation And Amortization In Income Statement": 641000.0,
        "Amortization": 126000.0,
        "Amortization Of Intangibles Income Statement": 126000.0,
        "Depreciation Income Statement": 515000.0,
        "Selling General And Administration": 8246000.0,
        "General And Administrative Expense": 8246000.0,
        "Salaries And Wages": 8246000.0,
        "Total Revenue": 36918000.0,
        "Operating Revenue": 36918000.0
    },
    "2022-03-31": {
        "Diluted EPS": 0.31,
        "Total Revenue": 50,
        "Gross Profit": 30,
        "Operating Income": 11,
        "EBIT": NaN,
        "Net Income": 11
    },
    "2021-12-31": {
        "Diluted EPS": 0.53,
        "Total Revenue": 45,
        "Gross Profit": 31,
        "Operating Income": 20,
        "EBIT": NaN,
        "Net Income": 20
    },
    "2021-09-30": {
        "Diluted EPS": 0.41,
        "Total Revenue": 39,
        "Gross Profit": 26,
        "Operating Income": 16,
        "EBIT": NaN,
        "Net Income": 16
    },
    "2021-06-30": {
        "Diluted EPS": 0.36,
        "Total Revenue": 39,
        "Gross Profit": 26,
        "Operating Income": 14,
        "EBIT": NaN,
        "Net Income": 14
    },
    "2021-03-31": {
        "Diluted EPS": 0.32,
        "Total Revenue": 36,
        "Gross Profit": 22,
        "Operating Income": 13,
        "EBIT": NaN,
        "Net Income": 13
    },
    "2020-12-31": {
        "Diluted EPS": 0.39,
        "Total Revenue": 38,
        "Gross Profit": 23,
        "Operating Income": 16,
        "EBIT": NaN,
        "Net Income": 16
    },
    "2020-09-30": {
        "Diluted EPS": 0.39,
        "Total Revenue": 42,
        "Gross Profit": 25,
        "Operating Income": 15,
        "EBIT": NaN,
        "Net Income": 15
    },
    "2020-06-30": {
        "Diluted EPS": 0.36,
        "Total Revenue": 45,
        "Gross Profit": 22,
        "Operating Income": 14,
        "EBIT": NaN,
        "Net Income": 14
    },
    "2020-03-31": {
        "Diluted EPS": 0.46,
        "Total Revenue": 62,
        "Gross Profit": 29,
        "Operating Income": 18,
        "EBIT": NaN,
        "Net Income": 18
    },
    "2019-12-31": {
        "Diluted EPS": 0.55,
        "Total Revenue": 70,
        "Gross Profit": 32,
        "Operating Income": 22,
        "EBIT": NaN,
        "Net Income": 22
    },
    "2019-09-30": {
        "Diluted EPS": 0.52,
        "Total Revenue": 69,
        "Gross Profit": 30,
        "Operating Income": 21,
        "EBIT": NaN,
        "Net Income": 20
    },
    "2019-06-30": {
        "Diluted EPS": 0.56,
        "Total Revenue": 76,
        "Gross Profit": 34,
        "Operating Income": 22,
        "EBIT": NaN,
        "Net Income": 22
    },
    "2019-03-31": {
        "Diluted EPS": 0.54,
        "Total Revenue": 77,
        "Gross Profit": 31,
        "Operating Income": 21,
        "EBIT": NaN,
        "Net Income": 21
    },
    "2018-12-31": {
        "Diluted EPS": 0.52,
        "Total Revenue": 18,
        "Gross Profit": -29,
        "Operating Income": -41,
        "EBIT": NaN,
        "Net Income": 21
    },
    "2018-09-30": {
        "Diluted EPS": -1.03,
        "Total Revenue": 63,
        "Gross Profit": 25,
        "Operating Income": 14,
        "EBIT": NaN,
        "Net Income": -41
    },
    "2018-06-30": {
        "Diluted EPS": 0.42,
        "Total Revenue": 67,
        "Gross Profit": 33,
        "Operating Income": 21,
        "EBIT": NaN,
        "Net Income": 17
    },
    "2018-03-31": {
        "Diluted EPS": 0.37,
        "Total Revenue": 62,
        "Gross Profit": 31,
        "Operating Income": 16,
        "EBIT": NaN,
        "Net Income": 14
    },
    "2017-12-31": {
        "Diluted EPS": 0.52,
        "Total Revenue": 62,
        "Gross Profit": 35,
        "Operating Income": 22,
        "EBIT": NaN,
        "Net Income": 21
    },
    "2017-09-30": {
        "Diluted EPS": 0.52,
        "Total Revenue": 58,
        "Gross Profit": 31,
        "Operating Income": 21,
        "EBIT": NaN,
        "Net Income": 20
    },
    "2017-06-30": {
        "Diluted EPS": 0.44,
        "Total Revenue": 61,
        "Gross Profit": 34,
        "Operating Income": 22,
        "EBIT": NaN,
        "Net Income": 17
    },
    "2017-03-31": {
        "Diluted EPS": 0.6,
        "Total Revenue": 63,
        "Gross Profit": 38,
        "Operating Income": 27,
        "EBIT": NaN,
        "Net Income": 23
    },
    "2016-12-31": {
        "Diluted EPS": 0.34,
        "Total Revenue": 67,
        "Gross Profit": 43,
        "Operating Income": 31,
        "EBIT": NaN,
        "Net Income": 13
    },
    "2016-09-30": {
        "Diluted EPS": 0.71,
        "Total Revenue": 66,
        "Gross Profit": 43,
        "Operating Income": 32,
        "EBIT": NaN,
        "Net Income": 28
    },
    "2016-06-30": {
        "Diluted EPS": 0.57,
        "Total Revenue": 67,
        "Gross Profit": 44,
        "Operating Income": 34,
        "EBIT": NaN,
        "Net Income": 22
    },
    "2016-03-31": {
        "Diluted EPS": 0.6,
        "Total Revenue": 59,
        "Gross Profit": 37,
        "Operating Income": 25,
        "EBIT": NaN,
        "Net Income": 23
    },
    "2015-12-31": {
        "Diluted EPS": 0.58,
        "Total Revenue": 64,
        "Gross Profit": 44,
        "Operating Income": 30,
        "EBIT": NaN,
        "Net Income": 23
    },
    "2015-09-30": {
        "Diluted EPS": 0.96,
        "Total Revenue": 71,
        "Gross Profit": 52,
        "Operating Income": 39,
        "EBIT": NaN,
        "Net Income": 37
    },
    "2015-06-30": {
        "Diluted EPS": 0.35,
        "Total Revenue": 54,
        "Gross Profit": 36,
        "Operating Income": 23,
        "EBIT": NaN,
        "Net Income": 14
    },
    "2015-03-31": {
        "Diluted EPS": 0.77,
        "Total Revenue": 60,
        "Gross Profit": 42,
        "Operating Income": 29,
        "EBIT": NaN,
        "Net Income": 30
    },
    "2014-12-31": {
        "Diluted EPS": 0.81,
        "Total Revenue": 72,
        "Gross Profit": 54,
        "Operating Income": 39,
        "EBIT": NaN,
        "Net Income": 33
    },
    "2014-09-30": {
        "Diluted EPS": 0.68,
        "Total Revenue": 58,
        "Gross Profit": 41,
        "Operating Income": 27,
        "EBIT": NaN,
        "Net Income": 27
    },
    "2014-06-30": {
        "Diluted EPS": 0.53,
        "Total Revenue": 55,
        "Gross Profit": 37,
        "Operating Income": 21,
        "EBIT": NaN,
        "Net Income": 20
    },
    "2014-03-31": {
        "Diluted EPS": 0.61,
        "Total Revenue": 54,
        "Gross Profit": 37,
        "Operating Income": 23,
        "EBIT": NaN,
        "Net Income": 24
    },
    "2013-12-31": {
        "Diluted EPS": 0.62,
        "Total Revenue": 53,
        "Gross Profit": 34,
        "Operating Income": 21,
        "EBIT": NaN,
        "Net Income": 24
    },
    "2013-09-30": {
        "Diluted EPS": 0.59,
        "Total Revenue": 56,
        "Gross Profit": 37,
        "Operating Income": 20,
        "EBIT": NaN,
        "Net Income": 23
    },
    "2013-06-30": {
        "Diluted EPS": 0.56,
        "Total Revenue": 56,
        "Gross Profit": 35,
        "Operating Income": 23,
        "EBIT": NaN,
        "Net Income": 22
    },
    "2013-03-31": {
        "Diluted EPS": 0.43,
        "Total Revenue": 50,
        "Gross Profit": 28,
        "Operating Income": 16,
        "EBIT": NaN,
        "Net Income": 16
    },
    "2012-12-31": {
        "Diluted EPS": 0.64,
        "Total Revenue": 58,
        "Gross Profit": 33,
        "Operating Income": 25,
        "EBIT": NaN,
        "Net Income": 25
    },
    "2012-09-30": {
        "Diluted EPS": 0.34,
        "Total Revenue": 50,
        "Gross Profit": 27,
        "Operating Income": 13,
        "EBIT": NaN,
        "Net Income": 13
    },
    "2012-06-30": {
        "Diluted EPS": 0.61,
        "Total Revenue": 61,
        "Gross Profit": 40,
        "Operating Income": 23,
        "EBIT": NaN,
        "Net Income": 23
    },
    "2012-03-31": {
        "Diluted EPS": 0.86,
        "Total Revenue": 61,
        "Gross Profit": 42,
        "Operating Income": 33,
        "EBIT": NaN,
        "Net Income": 32
    },
    "2011-12-31": {
        "Diluted EPS": 0.66,
        "Total Revenue": 63,
        "Gross Profit": 46,
        "Operating Income": 25,
        "EBIT": NaN,
        "Net Income": 25
    },
    "2011-09-30": {
        "Diluted EPS": 0.44,
        "Total Revenue": 41,
        "Gross Profit": 27,
        "Operating Income": 16,
        "EBIT": NaN,
        "Net Income": 16
    },
    "2011-06-30": {
        "Diluted EPS": 0.69,
        "Total Revenue": 49,
        "Gross Profit": 37,
        "Operating Income": 26,
        "EBIT": NaN,
        "Net Income": 26
    },
    "2011-03-31": {
        "Diluted EPS": 0.44,
        "Total Revenue": 44,
        "Gross Profit": 32,
        "Operating Income": 17,
        "EBIT": NaN,
        "Net Income": 16
    },
    "2010-12-31": {
        "Diluted EPS": 0.42,
        "Total Revenue": 52,
        "Gross Profit": 40,
        "Operating Income": 15,
        "EBIT": NaN,
        "Net Income": 16
    },
    "2010-09-30": {
        "Diluted EPS": 0.41,
        "Total Revenue": 25,
        "Gross Profit": 13,
        "Operating Income": 15,
        "EBIT": NaN,
        "Net Income": 15
    },
    "2010-06-30": {
        "Diluted EPS": 0.05,
        "Total Revenue": 28,
        "Gross Profit": 18,
        "Operating Income": -1,
        "EBIT": NaN,
        "Net Income": 2
    },
    "2010-03-31": {
        "Diluted EPS": 0.28,
        "Total Revenue": 31,
        "Gross Profit": 20,
        "Operating Income": 10,
        "EBIT": NaN,
        "Net Income": 10
    },
    "2009-12-31": {
        "Diluted EPS": 0.32,
        "Total Revenue": 19,
        "Gross Profit": 6,
        "Operating Income": 12,
        "EBIT": NaN,
        "Net Income": 12
    },
    "2009-09-30": {
        "Diluted EPS": 0.43,
        "Total Revenue": 41,
        "Gross Profit": 24,
        "Operating Income": 16,
        "EBIT": NaN,
        "Net Income": 16
    },
    "2009-06-30": {
        "Diluted EPS": 0.29,
        "Total Revenue": 50,
        "Gross Profit": 28,
        "Operating Income": 11,
        "EBIT": NaN,
        "Net Income": 10
    },
    "2009-03-31": {
        "Diluted EPS": 0.46,
        "Total Revenue": 80,
        "Gross Profit": 54,
        "Operating Income": 17,
        "EBIT": NaN,
        "Net Income": 17
    }
}