{
    "2023-03-31": {
        "Tax Effect Of Unusual Items": 0.0,
        "Tax Rate For Calcs": 0.0,
        "Normalized EBITDA": -11067000.0,
        "Total Unusual Items": 610000.0,
        "Total Unusual Items Excluding Goodwill": 610000.0,
        "Net Income From Continuing Operation Net Minority Interest": -17113000.0,
        "Reconciled Depreciation": 5733000.0,
        "Reconciled Cost Of Revenue": 12425000.0,
        "EBITDA": -10457000.0,
        "EBIT": -16190000.0,
        "Net Interest Income": -923000.0,
        "Interest Expense": 923000.0,
        "Normalized Income": -17723000.0,
        "Net Income From Continuing And Discontinued Operation": -17113000.0,
        "Total Expenses": 40194000.0,
        "Total Operating Income As Reported": -16800000.0,
        "Diluted Average Shares": 33922683.0,
        "Basic Average Shares": 33922683.0,
        "Diluted EPS": -0.5,
        "Basic EPS": -0.5,
        "Diluted NI Availto Com Stockholders": -17113000.0,
        "Net Income Common Stockholders": -17113000.0,
        "Net Income": -17113000.0,
        "Net Income Including Noncontrolling Interests": -17113000.0,
        "Net Income Continuous Operations": -17113000.0,
        "Tax Provision": 0.0,
        "Pretax Income": -17113000.0,
        "Other Income Expense": 610000.0,
        "Special Income Charges": NaN,
        "Gain On Sale Of Security": 610000.0,
        "Net Non Operating Interest Income Expense": -923000.0,
        "Interest Expense Non Operating": 923000.0,
        "Operating Income": -16800000.0,
        "Operating Expense": 27769000.0,
        "Research And Development": 10533000.0,
        "Selling General And Administration": 17236000.0,
        "Selling And Marketing Expense": 10559000.0,
        "General And Administrative Expense": 6677000.0,
        "Other Gand A": 6677000.0,
        "Gross Profit": 10969000.0,
        "Cost Of Revenue": 12425000.0,
        "Total Revenue": 23394000.0,
        "Operating Revenue": 23394000.0
    },
    "2022-12-31": {
        "Tax Effect Of Unusual Items": NaN,
        "Tax Rate For Calcs": NaN,
        "Normalized EBITDA": NaN,
        "Total Unusual Items": NaN,
        "Total Unusual Items Excluding Goodwill": NaN,
        "Net Income From Continuing Operation Net Minority Interest": NaN,
        "Reconciled Depreciation": NaN,
        "Reconciled Cost Of Revenue": NaN,
        "EBITDA": NaN,
        "EBIT": NaN,
        "Net Interest Income": NaN,
        "Interest Expense": NaN,
        "Normalized Income": NaN,
        "Net Income From Continuing And Discontinued Operation": NaN,
        "Total Expenses": NaN,
        "Total Operating Income As Reported": NaN,
        "Diluted Average Shares": NaN,
        "Basic Average Shares": NaN,
        "Diluted EPS": NaN,
        "Basic EPS": NaN,
        "Diluted NI Availto Com Stockholders": NaN,
        "Net Income Common Stockholders": NaN,
        "Net Income": NaN,
        "Net Income Including Noncontrolling Interests": NaN,
        "Net Income Continuous Operations": NaN,
        "Tax Provision": NaN,
        "Pretax Income": NaN,
        "Other Income Expense": NaN,
        "Special Income Charges": 0.0,
        "Gain On Sale Of Security": NaN,
        "Net Non Operating Interest Income Expense": NaN,
        "Interest Expense Non Operating": NaN,
        "Operating Income": NaN,
        "Operating Expense": NaN,
        "Research And Development": NaN,
        "Selling General And Administration": NaN,
        "Selling And Marketing Expense": NaN,
        "General And Administrative Expense": NaN,
        "Other Gand A": NaN,
        "Gross Profit": NaN,
        "Cost Of Revenue": NaN,
        "Total Revenue": NaN,
        "Operating Revenue": NaN
    },
    "2022-09-30": {
        "Tax Effect Of Unusual Items": NaN,
        "Tax Rate For Calcs": NaN,
        "Normalized EBITDA": NaN,
        "Total Unusual Items": NaN,
        "Total Unusual Items Excluding Goodwill": NaN,
        "Net Income From Continuing Operation Net Minority Interest": NaN,
        "Reconciled Depreciation": NaN,
        "Reconciled Cost Of Revenue": NaN,
        "EBITDA": NaN,
        "EBIT": NaN,
        "Net Interest Income": NaN,
        "Interest Expense": NaN,
        "Normalized Income": NaN,
        "Net Income From Continuing And Discontinued Operation": NaN,
        "Total Expenses": NaN,
        "Total Operating Income As Reported": NaN,
        "Diluted Average Shares": NaN,
        "Basic Average Shares": NaN,
        "Diluted EPS": NaN,
        "Basic EPS": NaN,
        "Diluted NI Availto Com Stockholders": NaN,
        "Net Income Common Stockholders": NaN,
        "Net Income": NaN,
        "Net Income Including Noncontrolling Interests": NaN,
        "Net Income Continuous Operations": NaN,
        "Tax Provision": NaN,
        "Pretax Income": NaN,
        "Other Income Expense": NaN,
        "Special Income Charges": 0.0,
        "Gain On Sale Of Security": NaN,
        "Net Non Operating Interest Income Expense": NaN,
        "Interest Expense Non Operating": NaN,
        "Operating Income": NaN,
        "Operating Expense": NaN,
        "Research And Development": NaN,
        "Selling General And Administration": NaN,
        "Selling And Marketing Expense": NaN,
        "General And Administrative Expense": NaN,
        "Other Gand A": NaN,
        "Gross Profit": NaN,
        "Cost Of Revenue": NaN,
        "Total Revenue": NaN,
        "Operating Revenue": NaN
    },
    "2022-06-30": {
        "Tax Effect Of Unusual Items": 0.0,
        "Tax Rate For Calcs": 0.003186,
        "Normalized EBITDA": -6742000.0,
        "Total Unusual Items": 0.0,
        "Total Unusual Items Excluding Goodwill": 0.0,
        "Net Income From Continuing Operation Net Minority Interest": -11575000.0,
        "Reconciled Depreciation": 3957000.0,
        "Reconciled Cost Of Revenue": 9556000.0,
        "EBITDA": -6742000.0,
        "EBIT": -10699000.0,
        "Net Interest Income": -793000.0,
        "Interest Expense": 913000.0,
        "Interest Income": 120000.0,
        "Normalized Income": -11575000.0,
        "Net Income From Continuing And Discontinued Operation": -11575000.0,
        "Total Expenses": 31507000.0,
        "Total Operating Income As Reported": -10819000.0,
        "Diluted Average Shares": 31182914.0,
        "Basic Average Shares": 31182914.0,
        "Diluted EPS": -0.37,
        "Basic EPS": -0.37,
        "Diluted NI Availto Com Stockholders": -11575000.0,
        "Net Income Common Stockholders": -11575000.0,
        "Net Income": -11575000.0,
        "Net Income Including Noncontrolling Interests": -11575000.0,
        "Net Income Continuous Operations": -11575000.0,
        "Tax Provision": -37000.0,
        "Pretax Income": -11612000.0,
        "Other Income Expense": NaN,
        "Special Income Charges": 0.0,
        "Gain On Sale Of Security": NaN,
        "Net Non Operating Interest Income Expense": -793000.0,
        "Interest Expense Non Operating": 913000.0,
        "Interest Income Non Operating": 120000.0,
        "Operating Income": -10819000.0,
        "Operating Expense": 21951000.0,
        "Research And Development": 8400000.0,
        "Selling General And Administration": 13551000.0,
        "Selling And Marketing Expense": 8369000.0,
        "General And Administrative Expense": 5182000.0,
        "Other Gand A": 5182000.0,
        "Gross Profit": 11132000.0,
        "Cost Of Revenue": 9556000.0,
        "Total Revenue": 20688000.0,
        "Operating Revenue": 20688000.0
    },
    "2022-03-31": {
        "Diluted EPS": -0.41,
        "Total Revenue": 19,
        "Gross Profit": 10,
        "Operating Income": -12,
        "EBIT": -7,
        "Net Income": -13
    },
    "2021-12-31": {
        "Diluted EPS": -0.42,
        "Total Revenue": 19,
        "Gross Profit": 10,
        "Operating Income": -8,
        "EBIT": -3,
        "Net Income": -10
    },
    "2021-09-30": {
        "Diluted EPS": -0.32,
        "Total Revenue": 17,
        "Gross Profit": 9,
        "Operating Income": -5,
        "EBIT": -1,
        "Net Income": -6
    },
    "2021-06-30": {
        "Diluted EPS": -0.13,
        "Total Revenue": 16,
        "Gross Profit": 8,
        "Operating Income": -4,
        "EBIT": 0,
        "Net Income": -2
    },
    "2021-03-31": {
        "Diluted EPS": -0.2,
        "Total Revenue": 15,
        "Gross Profit": 7,
        "Operating Income": -3,
        "EBIT": 1,
        "Net Income": -4
    },
    "2020-12-31": {
        "Diluted EPS": 0.0,
        "Total Revenue": NaN,
        "Gross Profit": NaN,
        "Operating Income": NaN,
        "EBIT": NaN,
        "Net Income": NaN
    },
    "2020-09-30": {
        "Diluted EPS": -0.1,
        "Total Revenue": 14,
        "Gross Profit": 7,
        "Operating Income": -1,
        "EBIT": 2,
        "Net Income": -2
    },
    "2020-06-30": {
        "Diluted EPS": 0.0,
        "Total Revenue": NaN,
        "Gross Profit": NaN,
        "Operating Income": NaN,
        "EBIT": NaN,
        "Net Income": NaN
    },
    "2019-12-31": {
        "Diluted EPS": 0.0,
        "Total Revenue": NaN,
        "Gross Profit": NaN,
        "Operating Income": NaN,
        "EBIT": NaN,
        "Net Income": NaN
    },
    "2023-06-30": {
        "Tax Effect Of Unusual Items": 0.0,
        "Tax Rate For Calcs": 0.0,
        "Normalized EBITDA": -7747000.0,
        "Total Unusual Items": 519000.0,
        "Total Unusual Items Excluding Goodwill": 519000.0,
        "Net Income From Continuing Operation Net Minority Interest": -14337000.0,
        "Reconciled Depreciation": 6167000.0,
        "Reconciled Cost Of Revenue": 12538000.0,
        "EBITDA": -7228000.0,
        "EBIT": -13395000.0,
        "Net Interest Income": -942000.0,
        "Interest Expense": 942000.0,
        "Normalized Income": -14856000.0,
        "Net Income From Continuing And Discontinued Operation": -14337000.0,
        "Total Expenses": 38503000.0,
        "Total Operating Income As Reported": -13914000.0,
        "Diluted Average Shares": 35149000.0,
        "Basic Average Shares": 35149000.0,
        "Diluted EPS": -0.41,
        "Basic EPS": -0.41,
        "Diluted NI Availto Com Stockholders": -14337000.0,
        "Net Income Common Stockholders": -14337000.0,
        "Net Income": -14337000.0,
        "Net Income Including Noncontrolling Interests": -14337000.0,
        "Net Income Continuous Operations": -14337000.0,
        "Tax Provision": 0.0,
        "Pretax Income": -14337000.0,
        "Other Income Expense": 519000.0,
        "Special Income Charges": NaN,
        "Gain On Sale Of Security": 519000.0,
        "Net Non Operating Interest Income Expense": -942000.0,
        "Interest Expense Non Operating": 942000.0,
        "Operating Income": -13914000.0,
        "Operating Expense": 25965000.0,
        "Research And Development": 9925000.0,
        "Selling General And Administration": 16040000.0,
        "Selling And Marketing Expense": 9875000.0,
        "General And Administrative Expense": 6165000.0,
        "Other Gand A": 6165000.0,
        "Gross Profit": 12051000.0,
        "Cost Of Revenue": 12538000.0,
        "Total Revenue": 24589000.0,
        "Operating Revenue": 24589000.0
    },
    "2023-09-30": {
        "Tax Effect Of Unusual Items": 0.0,
        "Tax Rate For Calcs": 0.0,
        "Normalized EBITDA": -9129000.0,
        "Total Unusual Items": 447000.0,
        "Total Unusual Items Excluding Goodwill": 447000.0,
        "Net Income From Continuing Operation Net Minority Interest": -16055000.0,
        "Reconciled Depreciation": 6437000.0,
        "Reconciled Cost Of Revenue": 13546000.0,
        "EBITDA": -8682000.0,
        "EBIT": -15119000.0,
        "Net Interest Income": -936000.0,
        "Interest Expense": 936000.0,
        "Normalized Income": -16502000.0,
        "Net Income From Continuing And Discontinued Operation": -16055000.0,
        "Total Expenses": 40865000.0,
        "Total Operating Income As Reported": -15566000.0,
        "Diluted Average Shares": 36665195.0,
        "Basic Average Shares": 36665195.0,
        "Diluted EPS": -0.44,
        "Basic EPS": -0.44,
        "Diluted NI Availto Com Stockholders": -16055000.0,
        "Net Income Common Stockholders": -16055000.0,
        "Net Income": -16055000.0,
        "Net Income Including Noncontrolling Interests": -16055000.0,
        "Net Income Continuous Operations": -16055000.0,
        "Tax Provision": 0.0,
        "Pretax Income": -16055000.0,
        "Other Income Expense": 447000.0,
        "Special Income Charges": NaN,
        "Gain On Sale Of Security": 447000.0,
        "Net Non Operating Interest Income Expense": -936000.0,
        "Interest Expense Non Operating": 936000.0,
        "Operating Income": -15566000.0,
        "Operating Expense": 27319000.0,
        "Research And Development": 9639000.0,
        "Selling General And Administration": 17680000.0,
        "Selling And Marketing Expense": 10736000.0,
        "General And Administrative Expense": 6944000.0,
        "Other Gand A": 6944000.0,
        "Gross Profit": 11753000.0,
        "Cost Of Revenue": 13546000.0,
        "Total Revenue": 25299000.0,
        "Operating Revenue": 25299000.0
    },
    "2023-12-31": {
        "Tax Effect Of Unusual Items": 0.0,
        "Tax Rate For Calcs": 0.0,
        "Normalized EBITDA": -5062000.0,
        "Total Unusual Items": 408000.0,
        "Total Unusual Items Excluding Goodwill": 408000.0,
        "Net Income From Continuing Operation Net Minority Interest": -12208000.0,
        "Reconciled Depreciation": 6563000.0,
        "Reconciled Cost Of Revenue": 13653000.0,
        "EBITDA": -4654000.0,
        "EBIT": -11217000.0,
        "Net Interest Income": -991000.0,
        "Interest Expense": 991000.0,
        "Normalized Income": -12616000.0,
        "Net Income From Continuing And Discontinued Operation": -12208000.0,
        "Total Expenses": 40362000.0,
        "Total Operating Income As Reported": -11625000.0,
        "Diluted Average Shares": 38254122.0,
        "Basic Average Shares": 38254122.0,
        "Diluted EPS": -0.3,
        "Basic EPS": -0.3,
        "Diluted NI Availto Com Stockholders": -12208000.0,
        "Net Income Common Stockholders": -12208000.0,
        "Net Income": -12208000.0,
        "Net Income Including Noncontrolling Interests": -12208000.0,
        "Net Income Continuous Operations": -12208000.0,
        "Tax Provision": 0.0,
        "Pretax Income": -12208000.0,
        "Other Income Expense": 408000.0,
        "Special Income Charges": NaN,
        "Gain On Sale Of Security": 408000.0,
        "Net Non Operating Interest Income Expense": -991000.0,
        "Interest Expense Non Operating": 991000.0,
        "Operating Income": -11625000.0,
        "Operating Expense": 26709000.0,
        "Research And Development": 9430000.0,
        "Selling General And Administration": 17279000.0,
        "Selling And Marketing Expense": 10100000.0,
        "General And Administrative Expense": 7179000.0,
        "Other Gand A": 7179000.0,
        "Gross Profit": 15084000.0,
        "Cost Of Revenue": 13653000.0,
        "Total Revenue": 28737000.0,
        "Operating Revenue": 28737000.0
    },
    "2024-03-31": {
        "Tax Effect Of Unusual Items": 0.0,
        "Tax Rate For Calcs": 0.0,
        "Normalized EBITDA": -3598000.0,
        "Total Unusual Items": 384000.0,
        "Total Unusual Items Excluding Goodwill": 384000.0,
        "Net Income From Continuing Operation Net Minority Interest": -11053000.0,
        "Reconciled Depreciation": 6912000.0,
        "Reconciled Cost Of Revenue": 14157000.0,
        "EBITDA": -3214000.0,
        "EBIT": -10126000.0,
        "Net Interest Income": -921000.0,
        "Interest Expense": 921000.0,
        "Normalized Income": -11437000.0,
        "Net Income From Continuing And Discontinued Operation": -11053000.0,
        "Total Expenses": 40478000.0,
        "Total Operating Income As Reported": -10510000.0,
        "Diluted Average Shares": 40225239.0,
        "Basic Average Shares": 40225239.0,
        "Diluted EPS": -0.27,
        "Basic EPS": -0.27,
        "Diluted NI Availto Com Stockholders": -11053000.0,
        "Net Income Common Stockholders": -11053000.0,
        "Net Income": -11053000.0,
        "Net Income Including Noncontrolling Interests": -11053000.0,
        "Net Income Continuous Operations": -11053000.0,
        "Tax Provision": 6000.0,
        "Pretax Income": -11047000.0,
        "Other Income Expense": 384000.0,
        "Special Income Charges": NaN,
        "Gain On Sale Of Security": 384000.0,
        "Net Non Operating Interest Income Expense": -921000.0,
        "Interest Expense Non Operating": 921000.0,
        "Operating Income": -10510000.0,
        "Operating Expense": 26321000.0,
        "Research And Development": 9746000.0,
        "Selling General And Administration": 16575000.0,
        "Selling And Marketing Expense": 10022000.0,
        "General And Administrative Expense": 6553000.0,
        "Other Gand A": 6553000.0,
        "Gross Profit": 15811000.0,
        "Cost Of Revenue": 14157000.0,
        "Total Revenue": 29968000.0,
        "Operating Revenue": 29968000.0
    },
    "2024-06-30": {
        "Tax Effect Of Unusual Items": 0.0,
        "Tax Rate For Calcs": 0.0,
        "Normalized EBITDA": -2721000.0,
        "Total Unusual Items": 362000.0,
        "Total Unusual Items Excluding Goodwill": 362000.0,
        "Net Income From Continuing Operation Net Minority Interest": -10348000.0,
        "Reconciled Depreciation": 7088000.0,
        "Reconciled Cost Of Revenue": 14056000.0,
        "EBITDA": -2359000.0,
        "EBIT": -9447000.0,
        "Net Interest Income": -901000.0,
        "Interest Expense": 901000.0,
        "Normalized Income": -10710000.0,
        "Net Income From Continuing And Discontinued Operation": -10348000.0,
        "Total Expenses": 41094000.0,
        "Total Operating Income As Reported": -9809000.0,
        "Diluted Average Shares": 42151850.0,
        "Basic Average Shares": 42151850.0,
        "Diluted EPS": -0.25,
        "Basic EPS": -0.25,
        "Diluted NI Availto Com Stockholders": -10348000.0,
        "Net Income Common Stockholders": -10348000.0,
        "Net Income": -10348000.0,
        "Net Income Including Noncontrolling Interests": -10348000.0,
        "Net Income Continuous Operations": -10348000.0,
        "Tax Provision": 0.0,
        "Pretax Income": -10348000.0,
        "Other Income Expense": 362000.0,
        "Special Income Charges": NaN,
        "Gain On Sale Of Security": 362000.0,
        "Net Non Operating Interest Income Expense": -901000.0,
        "Interest Expense Non Operating": 901000.0,
        "Operating Income": -9809000.0,
        "Operating Expense": 27038000.0,
        "Research And Development": 9589000.0,
        "Selling General And Administration": 17449000.0,
        "Selling And Marketing Expense": 10991000.0,
        "General And Administrative Expense": 6458000.0,
        "Other Gand A": 6458000.0,
        "Gross Profit": 17229000.0,
        "Cost Of Revenue": 14056000.0,
        "Total Revenue": 31285000.0,
        "Operating Revenue": 31285000.0
    }
}