{
    "2023-03-31": {
        "Tax Effect Of Unusual Items": NaN,
        "Tax Rate For Calcs": NaN,
        "Total Unusual Items": NaN,
        "Total Unusual Items Excluding Goodwill": NaN,
        "Net Income From Continuing Operation Net Minority Interest": NaN,
        "Reconciled Depreciation": NaN,
        "Net Interest Income": NaN,
        "Interest Expense": NaN,
        "Interest Income": NaN,
        "Normalized Income": NaN,
        "Net Income From Continuing And Discontinued Operation": NaN,
        "Rent Expense Supplemental": NaN,
        "Diluted Average Shares": NaN,
        "Basic Average Shares": NaN,
        "Diluted EPS": NaN,
        "Basic EPS": NaN,
        "Diluted NI Availto Com Stockholders": NaN,
        "Net Income Common Stockholders": NaN,
        "Net Income": NaN,
        "Minority Interests": NaN,
        "Net Income Including Noncontrolling Interests": NaN,
        "Net Income Continuous Operations": NaN,
        "Tax Provision": NaN,
        "Pretax Income": NaN,
        "Special Income Charges": NaN,
        "Other Special Charges": NaN,
        "Gain On Sale Of Security": NaN,
        "Depreciation Amortization Depletion Income Statement": NaN,
        "Depreciation And Amortization In Income Statement": NaN,
        "Depreciation Income Statement": NaN,
        "Selling General And Administration": NaN,
        "Selling And Marketing Expense": NaN,
        "General And Administrative Expense": NaN,
        "Other Gand A": NaN,
        "Insurance And Claims": NaN,
        "Rent And Landing Fees": NaN,
        "Salaries And Wages": NaN,
        "Total Revenue": NaN,
        "Operating Revenue": NaN,
        "Occupancy And Equipment": 1803579000.0,
        "Professional Expense And Contract Services Expense": NaN,
        "Other Non Interest Expense": NaN
    },
    "2022-12-31": {
        "Tax Effect Of Unusual Items": NaN,
        "Tax Rate For Calcs": NaN,
        "Total Unusual Items": NaN,
        "Total Unusual Items Excluding Goodwill": NaN,
        "Net Income From Continuing Operation Net Minority Interest": NaN,
        "Reconciled Depreciation": NaN,
        "Net Interest Income": NaN,
        "Interest Expense": NaN,
        "Interest Income": NaN,
        "Normalized Income": NaN,
        "Net Income From Continuing And Discontinued Operation": NaN,
        "Rent Expense Supplemental": NaN,
        "Diluted Average Shares": NaN,
        "Basic Average Shares": NaN,
        "Diluted EPS": NaN,
        "Basic EPS": NaN,
        "Diluted NI Availto Com Stockholders": NaN,
        "Net Income Common Stockholders": NaN,
        "Net Income": NaN,
        "Minority Interests": NaN,
        "Net Income Including Noncontrolling Interests": NaN,
        "Net Income Continuous Operations": NaN,
        "Tax Provision": NaN,
        "Pretax Income": NaN,
        "Special Income Charges": NaN,
        "Other Special Charges": NaN,
        "Gain On Sale Of Security": NaN,
        "Depreciation Amortization Depletion Income Statement": NaN,
        "Depreciation And Amortization In Income Statement": NaN,
        "Depreciation Income Statement": NaN,
        "Selling General And Administration": NaN,
        "Selling And Marketing Expense": NaN,
        "General And Administrative Expense": NaN,
        "Other Gand A": NaN,
        "Insurance And Claims": NaN,
        "Rent And Landing Fees": NaN,
        "Salaries And Wages": NaN,
        "Total Revenue": NaN,
        "Operating Revenue": NaN,
        "Occupancy And Equipment": 6054116.625776,
        "Professional Expense And Contract Services Expense": NaN,
        "Other Non Interest Expense": NaN
    },
    "2022-09-30": {
        "Tax Effect Of Unusual Items": NaN,
        "Tax Rate For Calcs": NaN,
        "Total Unusual Items": NaN,
        "Total Unusual Items Excluding Goodwill": NaN,
        "Net Income From Continuing Operation Net Minority Interest": NaN,
        "Reconciled Depreciation": NaN,
        "Net Interest Income": NaN,
        "Interest Expense": NaN,
        "Interest Income": NaN,
        "Normalized Income": NaN,
        "Net Income From Continuing And Discontinued Operation": NaN,
        "Rent Expense Supplemental": NaN,
        "Diluted Average Shares": 63941300.0,
        "Basic Average Shares": 63941300.0,
        "Diluted EPS": 330.343,
        "Basic EPS": 330.343,
        "Diluted NI Availto Com Stockholders": NaN,
        "Net Income Common Stockholders": NaN,
        "Net Income": NaN,
        "Minority Interests": NaN,
        "Net Income Including Noncontrolling Interests": NaN,
        "Net Income Continuous Operations": NaN,
        "Tax Provision": NaN,
        "Pretax Income": NaN,
        "Special Income Charges": NaN,
        "Other Special Charges": NaN,
        "Gain On Sale Of Security": NaN,
        "Depreciation Amortization Depletion Income Statement": NaN,
        "Depreciation And Amortization In Income Statement": NaN,
        "Depreciation Income Statement": NaN,
        "Selling General And Administration": NaN,
        "Selling And Marketing Expense": NaN,
        "General And Administrative Expense": NaN,
        "Other Gand A": NaN,
        "Insurance And Claims": NaN,
        "Rent And Landing Fees": NaN,
        "Salaries And Wages": NaN,
        "Total Revenue": NaN,
        "Operating Revenue": NaN
    },
    "2022-06-30": {
        "Tax Effect Of Unusual Items": -5824807.868513,
        "Tax Rate For Calcs": 0.333265,
        "Total Unusual Items": -17478000.0,
        "Total Unusual Items Excluding Goodwill": -17478000.0,
        "Net Income From Continuing Operation Net Minority Interest": 4147631000.0,
        "Reconciled Depreciation": 2642287000.0,
        "Net Interest Income": 53038656000.0,
        "Interest Expense": 43007583000.0,
        "Interest Income": 96046239000.0,
        "Normalized Income": 4159284192.131487,
        "Net Income From Continuing And Discontinued Operation": 4147631000.0,
        "Rent Expense Supplemental": 33000000.0,
        "Diluted Average Shares": 98449468.0,
        "Basic Average Shares": 98449468.0,
        "Diluted EPS": 51.340958,
        "Basic EPS": 51.340958,
        "Diluted NI Availto Com Stockholders": 4147631000.0,
        "Net Income Common Stockholders": 4147631000.0,
        "Net Income": 4147631000.0,
        "Minority Interests": 2993000.0,
        "Net Income Including Noncontrolling Interests": 4144638000.0,
        "Net Income Continuous Operations": 4144638000.0,
        "Tax Provision": 2071683000.0,
        "Pretax Income": 6216321000.0,
        "Special Income Charges": -13347000.0,
        "Other Special Charges": 13347000.0,
        "Gain On Sale Of Security": 7744010000.0,
        "Depreciation Amortization Depletion Income Statement": 2642287000.0,
        "Depreciation And Amortization In Income Statement": 2642287000.0,
        "Depreciation Income Statement": 2642287000.0,
        "Selling General And Administration": 19853813000.0,
        "Selling And Marketing Expense": 560000000.0,
        "General And Administrative Expense": 19853813000.0,
        "Other Gand A": 6825897000.0,
        "Insurance And Claims": 380764000.0,
        "Rent And Landing Fees": 33000000.0,
        "Salaries And Wages": 12647152000.0,
        "Total Revenue": 78968740000.0,
        "Operating Revenue": 78968740000.0
    },
    "2022-03-31": {
        "Diluted EPS": 0.89,
        "Total Revenue": 825,
        "Gross Profit": 572,
        "Operating Income": 71,
        "EBIT": NaN,
        "Net Income": 57
    },
    "2021-12-31": {
        "Diluted EPS": 1.41,
        "Total Revenue": NaN,
        "Gross Profit": 749,
        "Operating Income": 60,
        "EBIT": NaN,
        "Net Income": 91
    },
    "2021-09-30": {
        "Diluted EPS": 1.19,
        "Total Revenue": 652,
        "Gross Profit": 445,
        "Operating Income": 79,
        "EBIT": NaN,
        "Net Income": 76
    },
    "2021-06-30": {
        "Diluted EPS": 0.77,
        "Total Revenue": 619,
        "Gross Profit": 420,
        "Operating Income": 63,
        "EBIT": NaN,
        "Net Income": 49
    },
    "2021-03-31": {
        "Diluted EPS": 0.39,
        "Total Revenue": 661,
        "Gross Profit": 421,
        "Operating Income": 51,
        "EBIT": NaN,
        "Net Income": 25
    },
    "2020-09-30": {
        "Diluted EPS": 1.3,
        "Total Revenue": 506,
        "Gross Profit": 292,
        "Operating Income": 127,
        "EBIT": NaN,
        "Net Income": 83
    },
    "2020-06-30": {
        "Diluted EPS": 1.48,
        "Total Revenue": 505,
        "Gross Profit": 363,
        "Operating Income": 133,
        "EBIT": NaN,
        "Net Income": 95
    },
    "2019-09-30": {
        "Diluted EPS": 4.18,
        "Total Revenue": 864,
        "Gross Profit": 549,
        "Operating Income": 241,
        "EBIT": NaN,
        "Net Income": 267
    },
    "2019-06-30": {
        "Diluted EPS": 2.51,
        "Total Revenue": 825,
        "Gross Profit": 493,
        "Operating Income": 226,
        "EBIT": NaN,
        "Net Income": 160
    },
    "2018-06-30": {
        "Diluted EPS": 2.01,
        "Total Revenue": 686,
        "Gross Profit": 490,
        "Operating Income": 191,
        "EBIT": NaN,
        "Net Income": 135
    },
    "2018-03-31": {
        "Diluted EPS": 2.71,
        "Total Revenue": 702,
        "Gross Profit": 475,
        "Operating Income": 264,
        "EBIT": NaN,
        "Net Income": 181
    },
    "2017-12-31": {
        "Diluted EPS": 2.64,
        "Total Revenue": 996,
        "Gross Profit": 772,
        "Operating Income": 268,
        "EBIT": NaN,
        "Net Income": 175
    },
    "2017-09-30": {
        "Diluted EPS": 2.24,
        "Total Revenue": 659,
        "Gross Profit": 453,
        "Operating Income": 247,
        "EBIT": NaN,
        "Net Income": 151
    },
    "2017-06-30": {
        "Diluted EPS": 2.17,
        "Total Revenue": 636,
        "Gross Profit": 437,
        "Operating Income": 212,
        "EBIT": NaN,
        "Net Income": 129
    },
    "2017-03-31": {
        "Diluted EPS": 1.96,
        "Total Revenue": 611,
        "Gross Profit": 422,
        "Operating Income": 190,
        "EBIT": NaN,
        "Net Income": 113
    },
    "2016-12-31": {
        "Diluted EPS": 3.53,
        "Total Revenue": 787,
        "Gross Profit": 520,
        "Operating Income": 162,
        "EBIT": NaN,
        "Net Income": 108
    },
    "2016-09-30": {
        "Diluted EPS": 1.87,
        "Total Revenue": 591,
        "Gross Profit": 361,
        "Operating Income": 170,
        "EBIT": NaN,
        "Net Income": 109
    },
    "2016-06-30": {
        "Diluted EPS": 2.18,
        "Total Revenue": 627,
        "Gross Profit": 389,
        "Operating Income": 196,
        "EBIT": NaN,
        "Net Income": 127
    },
    "2016-03-31": {
        "Diluted EPS": 0.0,
        "Total Revenue": 534,
        "Gross Profit": 368,
        "Operating Income": 145,
        "EBIT": NaN,
        "Net Income": 98
    },
    "2015-12-31": {
        "Diluted EPS": 0.0,
        "Total Revenue": -205,
        "Gross Profit": -33,
        "Operating Income": 341,
        "EBIT": NaN,
        "Net Income": -1
    },
    "2015-09-30": {
        "Diluted EPS": 0.0,
        "Total Revenue": NaN,
        "Gross Profit": NaN,
        "Operating Income": 505,
        "EBIT": NaN,
        "Net Income": 329
    },
    "2015-06-30": {
        "Diluted EPS": 1.55,
        "Total Revenue": 636,
        "Gross Profit": 405,
        "Operating Income": 187,
        "EBIT": NaN,
        "Net Income": 92
    },
    "2015-03-31": {
        "Diluted EPS": 2.16,
        "Total Revenue": 624,
        "Gross Profit": 408,
        "Operating Income": 225,
        "EBIT": NaN,
        "Net Income": 125
    },
    "2014-12-31": {
        "Diluted EPS": 1.13,
        "Total Revenue": 540,
        "Gross Profit": 480,
        "Operating Income": -64,
        "EBIT": NaN,
        "Net Income": 66
    },
    "2014-09-30": {
        "Diluted EPS": 1.99,
        "Total Revenue": 609,
        "Gross Profit": 412,
        "Operating Income": 225,
        "EBIT": NaN,
        "Net Income": 119
    },
    "2014-06-30": {
        "Diluted EPS": 1.54,
        "Total Revenue": 568,
        "Gross Profit": 351,
        "Operating Income": 167,
        "EBIT": NaN,
        "Net Income": 89
    },
    "2014-03-31": {
        "Diluted EPS": 2.53,
        "Total Revenue": 659,
        "Gross Profit": 466,
        "Operating Income": 285,
        "EBIT": NaN,
        "Net Income": 158
    },
    "2013-12-31": {
        "Diluted EPS": 2.1,
        "Total Revenue": 548,
        "Gross Profit": 337,
        "Operating Income": 115,
        "EBIT": NaN,
        "Net Income": 123
    },
    "2013-09-30": {
        "Diluted EPS": 1.69,
        "Total Revenue": 585,
        "Gross Profit": 398,
        "Operating Income": 187,
        "EBIT": NaN,
        "Net Income": 96
    },
    "2013-06-30": {
        "Diluted EPS": 1.47,
        "Total Revenue": 545,
        "Gross Profit": 366,
        "Operating Income": 152,
        "EBIT": NaN,
        "Net Income": 83
    },
    "2013-03-31": {
        "Diluted EPS": 1.53,
        "Total Revenue": 505,
        "Gross Profit": 341,
        "Operating Income": 147,
        "EBIT": NaN,
        "Net Income": 88
    },
    "2012-12-31": {
        "Diluted EPS": 1.48,
        "Total Revenue": 620,
        "Gross Profit": 398,
        "Operating Income": 80,
        "EBIT": NaN,
        "Net Income": 85
    },
    "2012-09-30": {
        "Diluted EPS": 1.48,
        "Total Revenue": 444,
        "Gross Profit": 319,
        "Operating Income": 125,
        "EBIT": NaN,
        "Net Income": 86
    },
    "2012-06-30": {
        "Diluted EPS": 1.24,
        "Total Revenue": 480,
        "Gross Profit": 358,
        "Operating Income": 113,
        "EBIT": NaN,
        "Net Income": 72
    },
    "2012-03-31": {
        "Diluted EPS": 1.26,
        "Total Revenue": 490,
        "Gross Profit": 335,
        "Operating Income": 115,
        "EBIT": NaN,
        "Net Income": 73
    },
    "2011-12-31": {
        "Diluted EPS": 1.37,
        "Total Revenue": 523,
        "Gross Profit": 367,
        "Operating Income": 135,
        "EBIT": NaN,
        "Net Income": 84
    },
    "2011-09-30": {
        "Diluted EPS": 1.14,
        "Total Revenue": 347,
        "Gross Profit": 269,
        "Operating Income": 75,
        "EBIT": NaN,
        "Net Income": 67
    },
    "2011-06-30": {
        "Diluted EPS": 0.99,
        "Total Revenue": 361,
        "Gross Profit": 269,
        "Operating Income": 78,
        "EBIT": NaN,
        "Net Income": 60
    },
    "2011-03-31": {
        "Diluted EPS": 1.1,
        "Total Revenue": 360,
        "Gross Profit": 269,
        "Operating Income": 102,
        "EBIT": NaN,
        "Net Income": 64
    },
    "2010-12-31": {
        "Diluted EPS": 1.15,
        "Total Revenue": 289,
        "Gross Profit": 257,
        "Operating Income": 59,
        "EBIT": NaN,
        "Net Income": 68
    },
    "2010-09-30": {
        "Diluted EPS": 1.14,
        "Total Revenue": 327,
        "Gross Profit": 242,
        "Operating Income": 97,
        "EBIT": NaN,
        "Net Income": 68
    },
    "2010-06-30": {
        "Diluted EPS": 0.94,
        "Total Revenue": 294,
        "Gross Profit": 212,
        "Operating Income": 72,
        "EBIT": NaN,
        "Net Income": 56
    },
    "2010-03-31": {
        "Diluted EPS": 1.06,
        "Total Revenue": 327,
        "Gross Profit": 244,
        "Operating Income": 107,
        "EBIT": NaN,
        "Net Income": 63
    },
    "2009-12-31": {
        "Diluted EPS": 1.06,
        "Total Revenue": 296,
        "Gross Profit": 194,
        "Operating Income": 51,
        "EBIT": NaN,
        "Net Income": 63
    },
    "2009-09-30": {
        "Diluted EPS": 0.84,
        "Total Revenue": 333,
        "Gross Profit": 240,
        "Operating Income": 107,
        "EBIT": NaN,
        "Net Income": 50
    },
    "2009-06-30": {
        "Diluted EPS": 0.72,
        "Total Revenue": 253,
        "Gross Profit": 154,
        "Operating Income": 32,
        "EBIT": NaN,
        "Net Income": 43
    },
    "2009-03-31": {
        "Diluted EPS": 0.69,
        "Total Revenue": 308,
        "Gross Profit": 215,
        "Operating Income": 123,
        "EBIT": NaN,
        "Net Income": 42
    },
    "2023-06-30": {
        "Tax Effect Of Unusual Items": NaN,
        "Tax Rate For Calcs": NaN,
        "Total Unusual Items": NaN,
        "Total Unusual Items Excluding Goodwill": NaN,
        "Net Income From Continuing Operation Net Minority Interest": NaN,
        "Reconciled Depreciation": NaN,
        "Net Interest Income": NaN,
        "Interest Expense": NaN,
        "Interest Income": NaN,
        "Normalized Income": NaN,
        "Net Income From Continuing And Discontinued Operation": NaN,
        "Rent Expense Supplemental": NaN,
        "Diluted Average Shares": 63941300.0,
        "Basic Average Shares": 63941300.0,
        "Diluted EPS": 2564.198695,
        "Basic EPS": 2564.199,
        "Diluted NI Availto Com Stockholders": NaN,
        "Net Income Common Stockholders": NaN,
        "Net Income": NaN,
        "Minority Interests": NaN,
        "Net Income Including Noncontrolling Interests": NaN,
        "Net Income Continuous Operations": NaN,
        "Tax Provision": NaN,
        "Pretax Income": NaN,
        "Special Income Charges": -5000.0,
        "Other Special Charges": 5000.0,
        "Gain On Sale Of Security": NaN,
        "Depreciation Amortization Depletion Income Statement": NaN,
        "Depreciation And Amortization In Income Statement": NaN,
        "Depreciation Income Statement": NaN,
        "Selling General And Administration": NaN,
        "Selling And Marketing Expense": NaN,
        "General And Administrative Expense": NaN,
        "Other Gand A": NaN,
        "Insurance And Claims": NaN,
        "Rent And Landing Fees": NaN,
        "Salaries And Wages": NaN,
        "Total Revenue": NaN,
        "Operating Revenue": NaN,
        "Professional Expense And Contract Services Expense": 6404180000.0,
        "Other Non Interest Expense": NaN
    },
    "2023-09-30": {
        "Tax Effect Of Unusual Items": 145950000.0,
        "Tax Rate For Calcs": 0.35,
        "Total Unusual Items": 417000000.0,
        "Total Unusual Items Excluding Goodwill": 417000000.0,
        "Net Income From Continuing Operation Net Minority Interest": 23127000000.0,
        "Reconciled Depreciation": -20711933000.0,
        "Net Interest Income": 357353000000.0,
        "Interest Expense": 977787000000.0,
        "Interest Income": 1335140000000.0,
        "Normalized Income": 22855950000.0,
        "Net Income From Continuing And Discontinued Operation": 23127000000.0,
        "Rent Expense Supplemental": 213000000.0,
        "Diluted Average Shares": 63900000.0,
        "Basic Average Shares": 63900000.0,
        "Diluted EPS": 361.7,
        "Basic EPS": 361.7,
        "Diluted NI Availto Com Stockholders": 23127000000.0,
        "Net Income Common Stockholders": 23127000000.0,
        "Net Income": 23127000000.0,
        "Minority Interests": -83000000.0,
        "Net Income Including Noncontrolling Interests": 23210000000.0,
        "Net Income Continuous Operations": 23210000000.0,
        "Tax Provision": 35569000000.0,
        "Pretax Income": 58779000000.0,
        "Special Income Charges": -7000000.0,
        "Other Special Charges": 7000000.0,
        "Gain On Sale Of Security": -112346000000.0,
        "Depreciation Amortization Depletion Income Statement": 25507000000.0,
        "Depreciation And Amortization In Income Statement": 25507000000.0,
        "Depreciation Income Statement": 25507000000.0,
        "Selling General And Administration": 186060000000.0,
        "Selling And Marketing Expense": 5729000000.0,
        "General And Administrative Expense": 180331000000.0,
        "Other Gand A": 36586000000.0,
        "Insurance And Claims": 4797000000.0,
        "Rent And Landing Fees": 213000000.0,
        "Salaries And Wages": 138735000000.0,
        "Total Revenue": 1114787000000.0,
        "Operating Revenue": 1114787000000.0,
        "Professional Expense And Contract Services Expense": 7777000000.0,
        "Other Non Interest Expense": 821407000000.0
    },
    "2023-12-31": {
        "Tax Effect Of Unusual Items": -704853332.832047,
        "Tax Rate For Calcs": 0.318321,
        "Total Unusual Items": -2214287000.0,
        "Total Unusual Items Excluding Goodwill": -2214287000.0,
        "Net Income From Continuing Operation Net Minority Interest": 504049051000.0,
        "Reconciled Depreciation": 33345720000.0,
        "Net Interest Income": 404583991000.0,
        "Interest Expense": 822894246000.0,
        "Interest Income": 1227478237000.0,
        "Normalized Income": 505558484667.16797,
        "Net Income From Continuing And Discontinued Operation": 504049051000.0,
        "Rent Expense Supplemental": 227489000.0,
        "Diluted Average Shares": NaN,
        "Basic Average Shares": NaN,
        "Diluted EPS": NaN,
        "Basic EPS": NaN,
        "Diluted NI Availto Com Stockholders": 504049051000.0,
        "Net Income Common Stockholders": 504049051000.0,
        "Net Income": 504049051000.0,
        "Minority Interests": -260529000.0,
        "Net Income Including Noncontrolling Interests": 504309580000.0,
        "Net Income Continuous Operations": 504309580000.0,
        "Tax Provision": 235495137000.0,
        "Pretax Income": 739804717000.0,
        "Special Income Charges": NaN,
        "Other Special Charges": NaN,
        "Gain On Sale Of Security": 925375991000.0,
        "Depreciation Amortization Depletion Income Statement": 33345720000.0,
        "Depreciation And Amortization In Income Statement": 33345720000.0,
        "Depreciation Income Statement": 33345720000.0,
        "Selling General And Administration": 242353323000.0,
        "Selling And Marketing Expense": 5346934000.0,
        "General And Administrative Expense": 237006389000.0,
        "Other Gand A": 53756611000.0,
        "Insurance And Claims": 5977196000.0,
        "Rent And Landing Fees": 227489000.0,
        "Salaries And Wages": 177045093000.0,
        "Total Revenue": 1841452822000.0,
        "Operating Revenue": 1841452822000.0,
        "Professional Expense And Contract Services Expense": NaN,
        "Other Non Interest Expense": 952925961000.0
    },
    "2024-03-31": {
        "Tax Effect Of Unusual Items": -217802987815.0,
        "Tax Rate For Calcs": 0.245,
        "Total Unusual Items": -888991787000.0,
        "Total Unusual Items Excluding Goodwill": -888991787000.0,
        "Net Income From Continuing Operation Net Minority Interest": 275419727000.0,
        "Reconciled Depreciation": 24284457000.0,
        "Net Interest Income": 173242810000.0,
        "Interest Expense": 548964691000.0,
        "Interest Income": 722207501000.0,
        "Normalized Income": 946608526185.0,
        "Net Income From Continuing And Discontinued Operation": 275419727000.0,
        "Rent Expense Supplemental": 433062000.0,
        "Diluted Average Shares": 63941300.0,
        "Basic Average Shares": 63941300.0,
        "Diluted EPS": 4307.383913,
        "Basic EPS": 4307.384,
        "Diluted NI Availto Com Stockholders": 275419727000.0,
        "Net Income Common Stockholders": 275419727000.0,
        "Net Income": 275419727000.0,
        "Minority Interests": 184262000.0,
        "Net Income Including Noncontrolling Interests": 275235465000.0,
        "Net Income Continuous Operations": 275235465000.0,
        "Tax Provision": 89507301000.0,
        "Pretax Income": 364742766000.0,
        "Special Income Charges": -889013104000.0,
        "Other Special Charges": 889013104000.0,
        "Gain On Sale Of Security": 1272438237000.0,
        "Depreciation Amortization Depletion Income Statement": 24284457000.0,
        "Depreciation And Amortization In Income Statement": 24284457000.0,
        "Depreciation Income Statement": 24284457000.0,
        "Selling General And Administration": 193328809000.0,
        "Selling And Marketing Expense": 2782962000.0,
        "General And Administrative Expense": 190545847000.0,
        "Other Gand A": 41533816000.0,
        "Insurance And Claims": 3152217000.0,
        "Rent And Landing Fees": 433062000.0,
        "Salaries And Wages": 145426752000.0,
        "Total Revenue": 1610612247000.0,
        "Operating Revenue": 1610612247000.0,
        "Professional Expense And Contract Services Expense": 5666000000.0,
        "Other Non Interest Expense": 120171829000.0
    },
    "2024-06-30": {
        "Tax Effect Of Unusual Items": 1503456.591006,
        "Tax Rate For Calcs": 0.368314,
        "Total Unusual Items": 4082000.0,
        "Total Unusual Items Excluding Goodwill": 4082000.0,
        "Net Income From Continuing Operation Net Minority Interest": -233711306000.0,
        "Reconciled Depreciation": 31507539000.0,
        "Net Interest Income": 177563972000.0,
        "Interest Expense": 447058094000.0,
        "Interest Income": 624622066000.0,
        "Normalized Income": -233713884543.409,
        "Net Income From Continuing And Discontinued Operation": -233711306000.0,
        "Rent Expense Supplemental": 226533000.0,
        "Diluted Average Shares": 63941300.0,
        "Basic Average Shares": 63941300.0,
        "Diluted EPS": -3655.092,
        "Basic EPS": -3655.092,
        "Diluted NI Availto Com Stockholders": -233711306000.0,
        "Net Income Common Stockholders": -233711306000.0,
        "Net Income": -233711306000.0,
        "Minority Interests": -468589000.0,
        "Net Income Including Noncontrolling Interests": -233242717000.0,
        "Net Income Continuous Operations": -233242717000.0,
        "Tax Provision": -135995500000.0,
        "Pretax Income": -369238217000.0,
        "Special Income Charges": 8040000.0,
        "Other Special Charges": -8040000.0,
        "Gain On Sale Of Security": 121199085000.0,
        "Depreciation Amortization Depletion Income Statement": 26999849000.0,
        "Depreciation And Amortization In Income Statement": 26999849000.0,
        "Depreciation Income Statement": 26999849000.0,
        "Selling General And Administration": 181037012000.0,
        "Selling And Marketing Expense": 4238184000.0,
        "General And Administrative Expense": 176798828000.0,
        "Other Gand A": 44210335000.0,
        "Insurance And Claims": 4848340000.0,
        "Rent And Landing Fees": 226533000.0,
        "Salaries And Wages": 127513620000.0,
        "Total Revenue": 429966530000.0,
        "Operating Revenue": 429966530000.0,
        "Professional Expense And Contract Services Expense": 7734131000.0,
        "Other Non Interest Expense": 561316529000.0
    },
    "2024-09-30": {
        "Tax Effect Of Unusual Items": 72072324.051471,
        "Tax Rate For Calcs": 0.244313,
        "Total Unusual Items": 295000000.0,
        "Total Unusual Items Excluding Goodwill": 295000000.0,
        "Net Income From Continuing Operation Net Minority Interest": 90873000000.0,
        "Reconciled Depreciation": 30605000000.0,
        "Net Interest Income": 575930000000.0,
        "Interest Expense": 288430000000.0,
        "Interest Income": 864360000000.0,
        "Normalized Income": 90650072324.05147,
        "Net Income From Continuing And Discontinued Operation": 90873000000.0,
        "Rent Expense Supplemental": 266000000.0,
        "Diluted Average Shares": 63900000.0,
        "Basic Average Shares": 63900000.0,
        "Diluted EPS": 1421.2,
        "Basic EPS": 1421.2,
        "Diluted NI Availto Com Stockholders": 90873000000.0,
        "Net Income Common Stockholders": 90873000000.0,
        "Net Income": 90873000000.0,
        "Minority Interests": -448000000.0,
        "Net Income Including Noncontrolling Interests": 91321000000.0,
        "Net Income Continuous Operations": 91321000000.0,
        "Tax Provision": 29524000000.0,
        "Pretax Income": 120845000000.0,
        "Special Income Charges": -31000000.0,
        "Other Special Charges": 31000000.0,
        "Gain On Sale Of Security": 103585000000.0,
        "Depreciation Amortization Depletion Income Statement": 30605000000.0,
        "Depreciation And Amortization In Income Statement": 30605000000.0,
        "Depreciation Income Statement": 30605000000.0,
        "Selling General And Administration": 230295000000.0,
        "Selling And Marketing Expense": 5663000000.0,
        "General And Administrative Expense": 224632000000.0,
        "Other Gand A": 51403000000.0,
        "Insurance And Claims": 5691000000.0,
        "Rent And Landing Fees": 266000000.0,
        "Salaries And Wages": 167272000000.0,
        "Total Revenue": 841960000000.0,
        "Operating Revenue": 841960000000.0,
        "Professional Expense And Contract Services Expense": 9535000000.0,
        "Other Non Interest Expense": 428694000000.0
    }
}