{
    "2023-03-31": {
        "Tax Effect Of Unusual Items": 0.0,
        "Tax Rate For Calcs": 0.21,
        "Normalized EBITDA": 25795000.0,
        "Net Income From Continuing Operation Net Minority Interest": -1611000.0,
        "Reconciled Depreciation": 16731000.0,
        "Reconciled Cost Of Revenue": 70580000.0,
        "EBITDA": 25795000.0,
        "EBIT": 9064000.0,
        "Net Interest Income": -5219000.0,
        "Normalized Income": -1611000.0,
        "Net Income From Continuing And Discontinued Operation": -1611000.0,
        "Total Expenses": 233884000.0,
        "Total Operating Income As Reported": 9064000.0,
        "Diluted Average Shares": 131924371.0,
        "Basic Average Shares": 131924371.0,
        "Diluted EPS": -0.01,
        "Basic EPS": -0.01,
        "Diluted NI Availto Com Stockholders": -1614000.0,
        "Average Dilution Earnings": 0.0,
        "Net Income Common Stockholders": -1614000.0,
        "Otherunder Preferred Stock Dividend": 0.0,
        "Net Income": -1611000.0,
        "Minority Interests": 718000.0,
        "Net Income Including Noncontrolling Interests": -2329000.0,
        "Net Income Continuous Operations": -2329000.0,
        "Tax Provision": 2613000.0,
        "Pretax Income": 284000.0,
        "Other Income Expense": -3561000.0,
        "Other Non Operating Income Expenses": -3561000.0,
        "Net Non Operating Interest Income Expense": -5219000.0,
        "Total Other Finance Cost": 5219000.0,
        "Operating Income": 9064000.0,
        "Operating Expense": 163304000.0,
        "Depreciation Amortization Depletion Income Statement": 16731000.0,
        "Depreciation And Amortization In Income Statement": 16731000.0,
        "Research And Development": 33152000.0,
        "Selling General And Administration": 113421000.0,
        "Selling And Marketing Expense": 63590000.0,
        "General And Administrative Expense": 49831000.0,
        "Other Gand A": 49831000.0,
        "Gross Profit": 172368000.0,
        "Cost Of Revenue": 70580000.0,
        "Total Revenue": 242948000.0,
        "Operating Revenue": 242948000.0
    },
    "2022-12-31": {
        "Tax Effect Of Unusual Items": 0.0,
        "Tax Rate For Calcs": 0.014542,
        "Normalized EBITDA": -131561000.0,
        "Net Income From Continuing Operation Net Minority Interest": -110570000.0,
        "Reconciled Depreciation": 15878000.0,
        "Reconciled Cost Of Revenue": 67788000.0,
        "EBITDA": -131561000.0,
        "EBIT": -147439000.0,
        "Net Interest Income": -5617000.0,
        "Normalized Income": -110570000.0,
        "Net Income From Continuing And Discontinued Operation": -110570000.0,
        "Total Expenses": 389067000.0,
        "Total Operating Income As Reported": -147439000.0,
        "Diluted Average Shares": 130082353.0,
        "Basic Average Shares": 130082353.0,
        "Diluted EPS": -0.85,
        "Basic EPS": -0.85,
        "Diluted NI Availto Com Stockholders": -110570000.0,
        "Average Dilution Earnings": NaN,
        "Net Income Common Stockholders": -110570000.0,
        "Otherunder Preferred Stock Dividend": NaN,
        "Net Income": -110570000.0,
        "Minority Interests": 48676000.0,
        "Net Income Including Noncontrolling Interests": -159246000.0,
        "Net Income Continuous Operations": -159246000.0,
        "Tax Provision": -2350000.0,
        "Pretax Income": -161596000.0,
        "Other Income Expense": -8540000.0,
        "Other Non Operating Income Expenses": -8540000.0,
        "Net Non Operating Interest Income Expense": -5617000.0,
        "Total Other Finance Cost": 5617000.0,
        "Operating Income": -147439000.0,
        "Operating Expense": 321279000.0,
        "Depreciation Amortization Depletion Income Statement": 15878000.0,
        "Depreciation And Amortization In Income Statement": 15878000.0,
        "Research And Development": 25096000.0,
        "Selling General And Administration": 280305000.0,
        "Selling And Marketing Expense": 68641000.0,
        "General And Administrative Expense": 211664000.0,
        "Other Gand A": 211664000.0,
        "Gross Profit": 173840000.0,
        "Cost Of Revenue": 67788000.0,
        "Total Revenue": 241628000.0,
        "Operating Revenue": 241628000.0
    },
    "2022-09-30": {
        "Tax Effect Of Unusual Items": NaN,
        "Tax Rate For Calcs": NaN,
        "Normalized EBITDA": NaN,
        "Net Income From Continuing Operation Net Minority Interest": NaN,
        "Reconciled Depreciation": NaN,
        "Reconciled Cost Of Revenue": NaN,
        "EBITDA": NaN,
        "EBIT": NaN,
        "Net Interest Income": NaN,
        "Normalized Income": NaN,
        "Net Income From Continuing And Discontinued Operation": NaN,
        "Total Expenses": NaN,
        "Total Operating Income As Reported": NaN,
        "Diluted Average Shares": NaN,
        "Basic Average Shares": NaN,
        "Diluted EPS": NaN,
        "Basic EPS": NaN,
        "Diluted NI Availto Com Stockholders": NaN,
        "Average Dilution Earnings": 8759000.0,
        "Net Income Common Stockholders": NaN,
        "Otherunder Preferred Stock Dividend": -18000.0,
        "Net Income": NaN,
        "Minority Interests": NaN,
        "Net Income Including Noncontrolling Interests": NaN,
        "Net Income Continuous Operations": NaN,
        "Tax Provision": NaN,
        "Pretax Income": NaN,
        "Other Income Expense": NaN,
        "Other Non Operating Income Expenses": NaN,
        "Net Non Operating Interest Income Expense": NaN,
        "Total Other Finance Cost": NaN,
        "Operating Income": NaN,
        "Operating Expense": NaN,
        "Depreciation Amortization Depletion Income Statement": NaN,
        "Depreciation And Amortization In Income Statement": NaN,
        "Research And Development": NaN,
        "Selling General And Administration": NaN,
        "Selling And Marketing Expense": NaN,
        "General And Administrative Expense": NaN,
        "Other Gand A": NaN,
        "Gross Profit": NaN,
        "Cost Of Revenue": NaN,
        "Total Revenue": NaN,
        "Operating Revenue": NaN
    },
    "2022-06-30": {
        "Tax Effect Of Unusual Items": 0.0,
        "Tax Rate For Calcs": 0.4,
        "Normalized EBITDA": 24383000.0,
        "Net Income From Continuing Operation Net Minority Interest": -4392000.0,
        "Reconciled Depreciation": 27151000.0,
        "Reconciled Cost Of Revenue": 62757000.0,
        "EBITDA": 24383000.0,
        "EBIT": -2768000.0,
        "Net Interest Income": -6281000.0,
        "Normalized Income": -4392000.0,
        "Net Income From Continuing And Discontinued Operation": -4392000.0,
        "Total Expenses": 223222000.0,
        "Total Operating Income As Reported": -2768000.0,
        "Diluted Average Shares": 129398184.0,
        "Basic Average Shares": 129398184.0,
        "Diluted EPS": -0.03,
        "Basic EPS": -0.03,
        "Diluted NI Availto Com Stockholders": -4392000.0,
        "Average Dilution Earnings": 0.0,
        "Net Income Common Stockholders": -4392000.0,
        "Otherunder Preferred Stock Dividend": NaN,
        "Net Income": -4392000.0,
        "Minority Interests": 2031000.0,
        "Net Income Including Noncontrolling Interests": -6423000.0,
        "Net Income Continuous Operations": -6423000.0,
        "Tax Provision": 2328000.0,
        "Pretax Income": -4095000.0,
        "Other Income Expense": 4954000.0,
        "Other Non Operating Income Expenses": 4954000.0,
        "Net Non Operating Interest Income Expense": -6281000.0,
        "Total Other Finance Cost": 6281000.0,
        "Operating Income": -2768000.0,
        "Operating Expense": 160465000.0,
        "Depreciation Amortization Depletion Income Statement": 27151000.0,
        "Depreciation And Amortization In Income Statement": 27151000.0,
        "Research And Development": 22456000.0,
        "Selling General And Administration": 110858000.0,
        "Selling And Marketing Expense": 59483000.0,
        "General And Administrative Expense": 51375000.0,
        "Other Gand A": 51375000.0,
        "Gross Profit": 157697000.0,
        "Cost Of Revenue": 62757000.0,
        "Total Revenue": 220454000.0,
        "Operating Revenue": 220454000.0
    },
    "2022-03-31": {
        "Diluted EPS": 0.12,
        "Total Revenue": 210,
        "Gross Profit": 154,
        "Operating Income": 19,
        "EBIT": 46,
        "Net Income": 16
    },
    "2021-12-31": {
        "Diluted EPS": -0.12,
        "Total Revenue": 205,
        "Gross Profit": 153,
        "Operating Income": -5,
        "EBIT": 22,
        "Net Income": -18
    },
    "2021-09-30": {
        "Diluted EPS": -0.06,
        "Total Revenue": 199,
        "Gross Profit": 144,
        "Operating Income": -8,
        "EBIT": 19,
        "Net Income": -7
    },
    "2021-06-30": {
        "Diluted EPS": -0.06,
        "Total Revenue": 186,
        "Gross Profit": 135,
        "Operating Income": -9,
        "EBIT": 17,
        "Net Income": -7
    },
    "2021-03-31": {
        "Diluted EPS": 1.69,
        "Total Revenue": 171,
        "Gross Profit": 123,
        "Operating Income": -112,
        "EBIT": -85,
        "Net Income": 342
    },
    "2020-12-31": {
        "Diluted EPS": -0.01,
        "Total Revenue": 163,
        "Gross Profit": 121,
        "Operating Income": -24,
        "EBIT": 3,
        "Net Income": -26
    },
    "2020-09-30": {
        "Diluted EPS": -0.01,
        "Total Revenue": 162,
        "Gross Profit": 119,
        "Operating Income": -5,
        "EBIT": 20,
        "Net Income": -23
    },
    "2020-06-30": {
        "Diluted EPS": -0.0,
        "Total Revenue": 135,
        "Gross Profit": 98,
        "Operating Income": 5,
        "EBIT": 29,
        "Net Income": -5
    },
    "2020-03-31": {
        "Diluted EPS": -0.04,
        "Total Revenue": 119,
        "Gross Profit": 87,
        "Operating Income": -84,
        "EBIT": -68,
        "Net Income": -90
    },
    "2019-12-31": {
        "Diluted EPS": 0.0,
        "Total Revenue": NaN,
        "Gross Profit": NaN,
        "Operating Income": NaN,
        "EBIT": NaN,
        "Net Income": NaN
    },
    "2019-09-30": {
        "Diluted EPS": 0.0,
        "Total Revenue": NaN,
        "Gross Profit": NaN,
        "Operating Income": NaN,
        "EBIT": NaN,
        "Net Income": NaN
    },
    "2018-12-31": {
        "Diluted EPS": 0.0,
        "Total Revenue": NaN,
        "Gross Profit": NaN,
        "Operating Income": NaN,
        "EBIT": NaN,
        "Net Income": NaN
    },
    "2023-06-30": {
        "Tax Effect Of Unusual Items": NaN,
        "Tax Rate For Calcs": NaN,
        "Normalized EBITDA": NaN,
        "Total Unusual Items": NaN,
        "Total Unusual Items Excluding Goodwill": NaN,
        "Net Income From Continuing Operation Net Minority Interest": NaN,
        "Reconciled Depreciation": NaN,
        "Reconciled Cost Of Revenue": NaN,
        "EBITDA": NaN,
        "EBIT": NaN,
        "Net Interest Income": NaN,
        "Interest Expense": NaN,
        "Normalized Income": NaN,
        "Net Income From Continuing And Discontinued Operation": NaN,
        "Total Expenses": NaN,
        "Total Operating Income As Reported": NaN,
        "Diluted Average Shares": NaN,
        "Basic Average Shares": NaN,
        "Diluted EPS": NaN,
        "Basic EPS": NaN,
        "Diluted NI Availto Com Stockholders": NaN,
        "Average Dilution Earnings": NaN,
        "Net Income Common Stockholders": NaN,
        "Otherunder Preferred Stock Dividend": NaN,
        "Net Income": NaN,
        "Minority Interests": NaN,
        "Net Income Including Noncontrolling Interests": NaN,
        "Net Income Continuous Operations": NaN,
        "Tax Provision": NaN,
        "Pretax Income": NaN,
        "Other Income Expense": NaN,
        "Other Non Operating Income Expenses": NaN,
        "Special Income Charges": NaN,
        "Impairment Of Capital Assets": NaN,
        "Restructuring And Mergern Acquisition": NaN,
        "Net Non Operating Interest Income Expense": NaN,
        "Total Other Finance Cost": 6110000.0,
        "Interest Expense Non Operating": NaN,
        "Operating Income": NaN,
        "Operating Expense": NaN,
        "Depreciation Amortization Depletion Income Statement": NaN,
        "Depreciation And Amortization In Income Statement": NaN,
        "Research And Development": NaN,
        "Selling General And Administration": NaN,
        "Selling And Marketing Expense": NaN,
        "General And Administrative Expense": NaN,
        "Other Gand A": NaN,
        "Gross Profit": NaN,
        "Cost Of Revenue": NaN,
        "Total Revenue": NaN,
        "Operating Revenue": NaN
    },
    "2023-09-30": {
        "Tax Effect Of Unusual Items": 0.0,
        "Tax Rate For Calcs": 0.075,
        "Normalized EBITDA": 47379000.0,
        "Total Unusual Items": 0.0,
        "Total Unusual Items Excluding Goodwill": 0.0,
        "Net Income From Continuing Operation Net Minority Interest": 16671000.0,
        "Reconciled Depreciation": 17127000.0,
        "Reconciled Cost Of Revenue": 80049000.0,
        "EBITDA": 47379000.0,
        "EBIT": 30252000.0,
        "Net Interest Income": -5256000.0,
        "Interest Expense": 5256000.0,
        "Normalized Income": 16671000.0,
        "Net Income From Continuing And Discontinued Operation": 16671000.0,
        "Total Expenses": 245510000.0,
        "Total Operating Income As Reported": 30000000.0,
        "Diluted Average Shares": 138925000.0,
        "Basic Average Shares": 138925000.0,
        "Diluted EPS": 0.12,
        "Basic EPS": 0.12,
        "Diluted NI Availto Com Stockholders": 23115000.0,
        "Average Dilution Earnings": 6628000.0,
        "Net Income Common Stockholders": 16662000.0,
        "Otherunder Preferred Stock Dividend": 9000.0,
        "Net Income": 16671000.0,
        "Minority Interests": -6453000.0,
        "Net Income Including Noncontrolling Interests": 23124000.0,
        "Net Income Continuous Operations": 23124000.0,
        "Tax Provision": 1872000.0,
        "Pretax Income": 24996000.0,
        "Other Income Expense": 252000.0,
        "Other Non Operating Income Expenses": 252000.0,
        "Special Income Charges": 0.0,
        "Impairment Of Capital Assets": 0.0,
        "Restructuring And Mergern Acquisition": NaN,
        "Net Non Operating Interest Income Expense": -5256000.0,
        "Total Other Finance Cost": 5256000.0,
        "Interest Expense Non Operating": 5256000.0,
        "Operating Income": 30000000.0,
        "Operating Expense": 165461000.0,
        "Depreciation Amortization Depletion Income Statement": 17127000.0,
        "Depreciation And Amortization In Income Statement": 17127000.0,
        "Research And Development": 30909000.0,
        "Selling General And Administration": 117425000.0,
        "Selling And Marketing Expense": 68848000.0,
        "General And Administrative Expense": 48577000.0,
        "Other Gand A": 48577000.0,
        "Gross Profit": 195461000.0,
        "Cost Of Revenue": 80049000.0,
        "Total Revenue": 275510000.0,
        "Operating Revenue": 275510000.0
    },
    "2023-12-31": {
        "Tax Effect Of Unusual Items": 0.0,
        "Tax Rate For Calcs": 0.001809,
        "Normalized EBITDA": 10341000.0,
        "Total Unusual Items": NaN,
        "Total Unusual Items Excluding Goodwill": NaN,
        "Net Income From Continuing Operation Net Minority Interest": -26026000.0,
        "Reconciled Depreciation": 17203000.0,
        "Reconciled Cost Of Revenue": 80469000.0,
        "EBITDA": 10341000.0,
        "EBIT": -6862000.0,
        "Net Interest Income": -4949000.0,
        "Interest Expense": NaN,
        "Normalized Income": -26026000.0,
        "Net Income From Continuing And Discontinued Operation": -26026000.0,
        "Total Expenses": 280499000.0,
        "Total Operating Income As Reported": -6862000.0,
        "Diluted Average Shares": 136978947.0,
        "Basic Average Shares": 136978947.0,
        "Diluted EPS": -0.19,
        "Basic EPS": -0.19,
        "Diluted NI Availto Com Stockholders": -34445000.0,
        "Average Dilution Earnings": -8960000.0,
        "Net Income Common Stockholders": -25733000.0,
        "Otherunder Preferred Stock Dividend": 59000.0,
        "Net Income": -26026000.0,
        "Minority Interests": 5986000.0,
        "Net Income Including Noncontrolling Interests": -32012000.0,
        "Net Income Continuous Operations": -32012000.0,
        "Tax Provision": -58000.0,
        "Pretax Income": -32070000.0,
        "Other Income Expense": -20259000.0,
        "Other Non Operating Income Expenses": -20259000.0,
        "Special Income Charges": NaN,
        "Impairment Of Capital Assets": NaN,
        "Restructuring And Mergern Acquisition": NaN,
        "Net Non Operating Interest Income Expense": -4949000.0,
        "Total Other Finance Cost": 4949000.0,
        "Interest Expense Non Operating": NaN,
        "Operating Income": -6862000.0,
        "Operating Expense": 200030000.0,
        "Depreciation Amortization Depletion Income Statement": 17203000.0,
        "Depreciation And Amortization In Income Statement": 17203000.0,
        "Research And Development": 30271000.0,
        "Selling General And Administration": 152556000.0,
        "Selling And Marketing Expense": 72613000.0,
        "General And Administrative Expense": 79943000.0,
        "Other Gand A": 79943000.0,
        "Gross Profit": 193168000.0,
        "Cost Of Revenue": 80469000.0,
        "Total Revenue": 273637000.0,
        "Operating Revenue": 273637000.0
    },
    "2024-03-31": {
        "Tax Effect Of Unusual Items": 0.0,
        "Tax Rate For Calcs": 0.181,
        "Normalized EBITDA": 65996000.0,
        "Total Unusual Items": NaN,
        "Total Unusual Items Excluding Goodwill": NaN,
        "Net Income From Continuing Operation Net Minority Interest": 24617000.0,
        "Reconciled Depreciation": 17206000.0,
        "Reconciled Cost Of Revenue": 81289000.0,
        "EBITDA": 65996000.0,
        "EBIT": 48790000.0,
        "Net Interest Income": -8918000.0,
        "Interest Expense": NaN,
        "Normalized Income": 24617000.0,
        "Net Income From Continuing And Discontinued Operation": 24617000.0,
        "Total Expenses": 218985000.0,
        "Total Operating Income As Reported": 48790000.0,
        "Diluted Average Shares": 129563158.0,
        "Basic Average Shares": 129563158.0,
        "Diluted EPS": 0.19,
        "Basic EPS": 0.19,
        "Diluted NI Availto Com Stockholders": 24401000.0,
        "Average Dilution Earnings": -8000.0,
        "Net Income Common Stockholders": 24609000.0,
        "Otherunder Preferred Stock Dividend": 8000.0,
        "Net Income": 24617000.0,
        "Minority Interests": -9256000.0,
        "Net Income Including Noncontrolling Interests": 33873000.0,
        "Net Income Continuous Operations": 33873000.0,
        "Tax Provision": 7474000.0,
        "Pretax Income": 41347000.0,
        "Other Income Expense": 1475000.0,
        "Other Non Operating Income Expenses": 1475000.0,
        "Special Income Charges": NaN,
        "Impairment Of Capital Assets": NaN,
        "Restructuring And Mergern Acquisition": NaN,
        "Net Non Operating Interest Income Expense": -8918000.0,
        "Total Other Finance Cost": 8918000.0,
        "Interest Expense Non Operating": NaN,
        "Operating Income": 48790000.0,
        "Operating Expense": 137696000.0,
        "Depreciation Amortization Depletion Income Statement": 17206000.0,
        "Depreciation And Amortization In Income Statement": 17206000.0,
        "Research And Development": 36017000.0,
        "Selling General And Administration": 84473000.0,
        "Selling And Marketing Expense": 63617000.0,
        "General And Administrative Expense": 20856000.0,
        "Other Gand A": 20856000.0,
        "Gross Profit": 186486000.0,
        "Cost Of Revenue": 81289000.0,
        "Total Revenue": 267775000.0,
        "Operating Revenue": 267775000.0
    },
    "2024-06-30": {
        "Tax Effect Of Unusual Items": -179305.0,
        "Tax Rate For Calcs": 0.109,
        "Normalized EBITDA": 72268000.0,
        "Total Unusual Items": -1645000.0,
        "Total Unusual Items Excluding Goodwill": -1645000.0,
        "Net Income From Continuing Operation Net Minority Interest": 27395000.0,
        "Reconciled Depreciation": 17024000.0,
        "Reconciled Cost Of Revenue": 80041000.0,
        "EBITDA": 70623000.0,
        "EBIT": 53599000.0,
        "Net Interest Income": -9082000.0,
        "Interest Expense": NaN,
        "Normalized Income": 28860695.0,
        "Net Income From Continuing And Discontinued Operation": 27395000.0,
        "Total Expenses": 215016000.0,
        "Total Operating Income As Reported": 51954000.0,
        "Diluted Average Shares": 124522727.0,
        "Basic Average Shares": 124522727.0,
        "Diluted EPS": 0.22,
        "Basic EPS": 0.22,
        "Diluted NI Availto Com Stockholders": 27236000.0,
        "Average Dilution Earnings": -155000.0,
        "Net Income Common Stockholders": 27391000.0,
        "Otherunder Preferred Stock Dividend": 4000.0,
        "Net Income": 27395000.0,
        "Minority Interests": -10291000.0,
        "Net Income Including Noncontrolling Interests": 37686000.0,
        "Net Income Continuous Operations": 37686000.0,
        "Tax Provision": 4628000.0,
        "Pretax Income": 42314000.0,
        "Other Income Expense": -2203000.0,
        "Other Non Operating Income Expenses": -558000.0,
        "Special Income Charges": -1645000.0,
        "Impairment Of Capital Assets": NaN,
        "Restructuring And Mergern Acquisition": 1645000.0,
        "Net Non Operating Interest Income Expense": -9082000.0,
        "Total Other Finance Cost": 9082000.0,
        "Interest Expense Non Operating": NaN,
        "Operating Income": 53599000.0,
        "Operating Expense": 134975000.0,
        "Depreciation Amortization Depletion Income Statement": 17024000.0,
        "Depreciation And Amortization In Income Statement": 17024000.0,
        "Research And Development": 15705000.0,
        "Selling General And Administration": 102246000.0,
        "Selling And Marketing Expense": 67399000.0,
        "General And Administrative Expense": 34847000.0,
        "Other Gand A": 34847000.0,
        "Gross Profit": 188574000.0,
        "Cost Of Revenue": 80041000.0,
        "Total Revenue": 268615000.0,
        "Operating Revenue": 268615000.0
    },
    "2024-09-30": {
        "Tax Effect Of Unusual Items": -187372080.0,
        "Tax Rate For Calcs": 0.21,
        "Normalized EBITDA": 75271000.0,
        "Total Unusual Items": -892248000.0,
        "Total Unusual Items Excluding Goodwill": -892248000.0,
        "Net Income From Continuing Operation Net Minority Interest": -613199000.0,
        "Reconciled Depreciation": 18312000.0,
        "Reconciled Cost Of Revenue": 79552000.0,
        "EBITDA": -816977000.0,
        "EBIT": -835289000.0,
        "Net Interest Income": -9809000.0,
        "Interest Expense": 9809000.0,
        "Normalized Income": 91676920.0,
        "Net Income From Continuing And Discontinued Operation": -613199000.0,
        "Total Expenses": 219544000.0,
        "Total Operating Income As Reported": -838187000.0,
        "Diluted Average Shares": 119999804.0,
        "Basic Average Shares": 119999804.0,
        "Diluted EPS": -5.11,
        "Basic EPS": -5.11,
        "Diluted NI Availto Com Stockholders": -613410000.0,
        "Average Dilution Earnings": 0.0,
        "Net Income Common Stockholders": -613410000.0,
        "Otherunder Preferred Stock Dividend": 0.0,
        "Net Income": -613199000.0,
        "Minority Interests": 236060000.0,
        "Net Income Including Noncontrolling Interests": -849259000.0,
        "Net Income Continuous Operations": -849259000.0,
        "Tax Provision": 4161000.0,
        "Pretax Income": -845098000.0,
        "Other Income Expense": -889350000.0,
        "Other Non Operating Income Expenses": 2898000.0,
        "Special Income Charges": -892248000.0,
        "Impairment Of Capital Assets": 892248000.0,
        "Restructuring And Mergern Acquisition": NaN,
        "Net Non Operating Interest Income Expense": -9809000.0,
        "Total Other Finance Cost": NaN,
        "Interest Expense Non Operating": 9809000.0,
        "Operating Income": 54061000.0,
        "Operating Expense": 139992000.0,
        "Depreciation Amortization Depletion Income Statement": 18312000.0,
        "Depreciation And Amortization In Income Statement": 18312000.0,
        "Research And Development": 24880000.0,
        "Selling General And Administration": 96800000.0,
        "Selling And Marketing Expense": 63549000.0,
        "General And Administrative Expense": 33251000.0,
        "Other Gand A": 33251000.0,
        "Gross Profit": 194053000.0,
        "Cost Of Revenue": 79552000.0,
        "Total Revenue": 273605000.0,
        "Operating Revenue": 273605000.0
    }
}