{
    "2023-06-30": {
        "Tax Effect Of Unusual Items": 0.0,
        "Tax Rate For Calcs": 0.0,
        "Normalized EBITDA": -27657000.0,
        "Net Income From Continuing Operation Net Minority Interest": -24891000.0,
        "Reconciled Depreciation": 383000.0,
        "EBITDA": -27657000.0,
        "EBIT": -27657000.0,
        "Net Interest Income": 2766000.0,
        "Interest Income": 2766000.0,
        "Normalized Income": -24891000.0,
        "Net Income From Continuing And Discontinued Operation": -24891000.0,
        "Total Expenses": 27657000.0,
        "Total Operating Income As Reported": -27657000.0,
        "Diluted Average Shares": 35348293.0,
        "Basic Average Shares": 35348293.0,
        "Diluted EPS": -0.7,
        "Basic EPS": -0.7,
        "Diluted NI Availto Com Stockholders": -24891000.0,
        "Net Income Common Stockholders": -24891000.0,
        "Net Income": -24891000.0,
        "Net Income Including Noncontrolling Interests": -24891000.0,
        "Net Income Continuous Operations": -24891000.0,
        "Pretax Income": -24891000.0,
        "Net Non Operating Interest Income Expense": 2766000.0,
        "Total Other Finance Cost": NaN,
        "Interest Income Non Operating": 2766000.0,
        "Operating Income": -27657000.0,
        "Operating Expense": 27657000.0,
        "Research And Development": 21938000.0,
        "Selling General And Administration": 5719000.0,
        "General And Administrative Expense": 5719000.0,
        "Other Gand A": 5719000.0,
        "Total Revenue": 0.0,
        "Operating Revenue": 0.0
    },
    "2023-03-31": {
        "Tax Effect Of Unusual Items": 0.0,
        "Tax Rate For Calcs": 0.0,
        "Normalized EBITDA": -30031000.0,
        "Net Income From Continuing Operation Net Minority Interest": -29051000.0,
        "Reconciled Depreciation": 293000.0,
        "EBITDA": -30031000.0,
        "EBIT": -30031000.0,
        "Net Interest Income": 980000.0,
        "Interest Income": 980000.0,
        "Normalized Income": -29051000.0,
        "Net Income From Continuing And Discontinued Operation": -29051000.0,
        "Total Expenses": 30031000.0,
        "Total Operating Income As Reported": -30031000.0,
        "Diluted Average Shares": 29586468.0,
        "Basic Average Shares": 29586468.0,
        "Diluted EPS": -0.98,
        "Basic EPS": -0.98,
        "Diluted NI Availto Com Stockholders": -29051000.0,
        "Net Income Common Stockholders": -29051000.0,
        "Net Income": -29051000.0,
        "Net Income Including Noncontrolling Interests": -29051000.0,
        "Net Income Continuous Operations": -29051000.0,
        "Pretax Income": -29051000.0,
        "Net Non Operating Interest Income Expense": 980000.0,
        "Total Other Finance Cost": NaN,
        "Interest Income Non Operating": 980000.0,
        "Operating Income": -30031000.0,
        "Operating Expense": 30031000.0,
        "Research And Development": 24395000.0,
        "Selling General And Administration": 5636000.0,
        "General And Administrative Expense": 5636000.0,
        "Other Gand A": 5636000.0,
        "Total Revenue": 0.0,
        "Operating Revenue": 0.0
    },
    "2022-12-31": {
        "Tax Effect Of Unusual Items": 0.0,
        "Tax Rate For Calcs": 0.0,
        "Normalized EBITDA": -26276000.0,
        "Net Income From Continuing Operation Net Minority Interest": -25314000.0,
        "Reconciled Depreciation": 181000.0,
        "EBITDA": -26276000.0,
        "EBIT": -26276000.0,
        "Net Interest Income": 962000.0,
        "Interest Income": 962000.0,
        "Normalized Income": -25314000.0,
        "Net Income From Continuing And Discontinued Operation": -25314000.0,
        "Total Expenses": 26276000.0,
        "Total Operating Income As Reported": -26276000.0,
        "Diluted Average Shares": 29441596.0,
        "Basic Average Shares": 29441596.0,
        "Diluted EPS": -0.86,
        "Basic EPS": -0.86,
        "Diluted NI Availto Com Stockholders": -25314000.0,
        "Net Income Common Stockholders": -25314000.0,
        "Net Income": -25314000.0,
        "Net Income Including Noncontrolling Interests": -25314000.0,
        "Net Income Continuous Operations": -25314000.0,
        "Pretax Income": -25314000.0,
        "Net Non Operating Interest Income Expense": 962000.0,
        "Total Other Finance Cost": -962000.0,
        "Interest Income Non Operating": 962000.0,
        "Operating Income": -26276000.0,
        "Operating Expense": 26276000.0,
        "Research And Development": 20539000.0,
        "Selling General And Administration": 5737000.0,
        "General And Administrative Expense": 5737000.0,
        "Other Gand A": 5737000.0,
        "Total Revenue": 0.0,
        "Operating Revenue": 0.0
    },
    "2022-09-30": {
        "Tax Effect Of Unusual Items": 0.0,
        "Tax Rate For Calcs": 0.0,
        "Normalized EBITDA": -23484000.0,
        "Net Income From Continuing Operation Net Minority Interest": -22890000.0,
        "Reconciled Depreciation": 174000.0,
        "EBITDA": -23484000.0,
        "EBIT": -23484000.0,
        "Net Interest Income": 594000.0,
        "Interest Income": 594000.0,
        "Normalized Income": -22890000.0,
        "Net Income From Continuing And Discontinued Operation": -22890000.0,
        "Total Expenses": 23484000.0,
        "Total Operating Income As Reported": -23484000.0,
        "Diluted Average Shares": 29319042.0,
        "Basic Average Shares": 29319042.0,
        "Diluted EPS": -0.78,
        "Basic EPS": -0.78,
        "Diluted NI Availto Com Stockholders": -22890000.0,
        "Net Income Common Stockholders": -22890000.0,
        "Net Income": -22890000.0,
        "Net Income Including Noncontrolling Interests": -22890000.0,
        "Net Income Continuous Operations": -22890000.0,
        "Pretax Income": -22890000.0,
        "Net Non Operating Interest Income Expense": 594000.0,
        "Total Other Finance Cost": -594000.0,
        "Interest Income Non Operating": 594000.0,
        "Operating Income": -23484000.0,
        "Operating Expense": 23484000.0,
        "Research And Development": 18242000.0,
        "Selling General And Administration": 5242000.0,
        "General And Administrative Expense": 5242000.0,
        "Other Gand A": 5242000.0,
        "Total Revenue": 0.0,
        "Operating Revenue": 0.0
    },
    "2022-06-30": {
        "Tax Effect Of Unusual Items": 0.0,
        "Tax Rate For Calcs": 0.0,
        "Normalized EBITDA": -17304000.0,
        "Net Income From Continuing Operation Net Minority Interest": -17258000.0,
        "Reconciled Depreciation": 170000.0,
        "EBITDA": -17304000.0,
        "EBIT": -17474000.0,
        "Net Interest Income": 216000.0,
        "Interest Income": 216000.0,
        "Normalized Income": -17258000.0,
        "Net Income From Continuing And Discontinued Operation": -17258000.0,
        "Total Expenses": 17474000.0,
        "Total Operating Income As Reported": -17474000.0,
        "Diluted Average Shares": 29196398.0,
        "Basic Average Shares": 29196398.0,
        "Diluted EPS": -0.59,
        "Basic EPS": -0.59,
        "Diluted NI Availto Com Stockholders": -17258000.0,
        "Net Income Common Stockholders": -17258000.0,
        "Net Income": -17258000.0,
        "Net Income Including Noncontrolling Interests": -17258000.0,
        "Net Income Continuous Operations": -17258000.0,
        "Pretax Income": -17258000.0,
        "Net Non Operating Interest Income Expense": 216000.0,
        "Total Other Finance Cost": -216000.0,
        "Interest Income Non Operating": 216000.0,
        "Operating Income": -17474000.0,
        "Operating Expense": 17474000.0,
        "Research And Development": 12582000.0,
        "Selling General And Administration": 4892000.0,
        "General And Administrative Expense": 4892000.0,
        "Other Gand A": 4892000.0,
        "Total Revenue": 0.0,
        "Operating Revenue": 0.0
    },
    "2022-03-31": {
        "Diluted EPS": -0.56,
        "Total Revenue": NaN,
        "Gross Profit": NaN,
        "Operating Income": -16,
        "EBIT": -16,
        "Net Income": -16
    },
    "2021-12-31": {
        "Diluted EPS": -0.49,
        "Total Revenue": NaN,
        "Gross Profit": NaN,
        "Operating Income": -15,
        "EBIT": -14,
        "Net Income": -15
    },
    "2021-09-30": {
        "Diluted EPS": -0.43,
        "Total Revenue": NaN,
        "Gross Profit": NaN,
        "Operating Income": -13,
        "EBIT": -12,
        "Net Income": -13
    },
    "2021-06-30": {
        "Diluted EPS": -0.33,
        "Total Revenue": NaN,
        "Gross Profit": NaN,
        "Operating Income": -8,
        "EBIT": -8,
        "Net Income": -8
    },
    "2021-03-31": {
        "Diluted EPS": -0.49,
        "Total Revenue": NaN,
        "Gross Profit": NaN,
        "Operating Income": -6,
        "EBIT": -6,
        "Net Income": -6
    },
    "2020-12-31": {
        "Diluted EPS": -0.33,
        "Total Revenue": NaN,
        "Gross Profit": NaN,
        "Operating Income": -3,
        "EBIT": -3,
        "Net Income": -3
    },
    "2020-09-30": {
        "Diluted EPS": -0.1,
        "Total Revenue": NaN,
        "Gross Profit": NaN,
        "Operating Income": -1,
        "EBIT": -1,
        "Net Income": -1
    },
    "2020-06-30": {
        "Diluted EPS": -0.03,
        "Total Revenue": NaN,
        "Gross Profit": NaN,
        "Operating Income": 0,
        "EBIT": 0,
        "Net Income": 0
    },
    "2020-03-31": {
        "Diluted EPS": -0.05,
        "Total Revenue": NaN,
        "Gross Profit": NaN,
        "Operating Income": 0,
        "EBIT": 0,
        "Net Income": 0
    },
    "2019-12-31": {
        "Diluted EPS": 0.0,
        "Total Revenue": NaN,
        "Gross Profit": NaN,
        "Operating Income": NaN,
        "EBIT": NaN,
        "Net Income": NaN
    },
    "2023-09-30": {
        "Tax Effect Of Unusual Items": 0.0,
        "Tax Rate For Calcs": 0.0,
        "Normalized EBITDA": -31119000.0,
        "Net Income From Continuing Operation Net Minority Interest": -28429000.0,
        "Reconciled Depreciation": NaN,
        "EBITDA": -31119000.0,
        "EBIT": -31119000.0,
        "Net Interest Income": 2690000.0,
        "Interest Income": 2690000.0,
        "Normalized Income": -28429000.0,
        "Net Income From Continuing And Discontinued Operation": -28429000.0,
        "Total Expenses": 31119000.0,
        "Total Operating Income As Reported": -31119000.0,
        "Diluted Average Shares": 35653988.0,
        "Basic Average Shares": 35653988.0,
        "Diluted EPS": -0.8,
        "Basic EPS": -0.8,
        "Diluted NI Availto Com Stockholders": -28429000.0,
        "Net Income Common Stockholders": -28429000.0,
        "Net Income": -28429000.0,
        "Net Income Including Noncontrolling Interests": -28429000.0,
        "Net Income Continuous Operations": -28429000.0,
        "Pretax Income": -28429000.0,
        "Net Non Operating Interest Income Expense": 2690000.0,
        "Total Other Finance Cost": NaN,
        "Interest Income Non Operating": 2690000.0,
        "Operating Income": -31119000.0,
        "Operating Expense": 31119000.0,
        "Research And Development": 25347000.0,
        "Selling General And Administration": 5772000.0,
        "General And Administrative Expense": 5772000.0,
        "Other Gand A": 5772000.0,
        "Total Revenue": 0.0,
        "Operating Revenue": 0.0
    }
}