{
    "2023-06-30": {
        "Tax Effect Of Unusual Items": 0.0,
        "Tax Rate For Calcs": 0.225,
        "Total Unusual Items": -638000.0,
        "Total Unusual Items Excluding Goodwill": -638000.0,
        "Net Income From Continuing Operation Net Minority Interest": 4551000.0,
        "Reconciled Depreciation": 740000.0,
        "Net Interest Income": 24130000.0,
        "Interest Expense": 10491000.0,
        "Interest Income": 34621000.0,
        "Normalized Income": 4551000.0,
        "Net Income From Continuing And Discontinued Operation": 4551000.0,
        "Diluted Average Shares": 16016000.0,
        "Basic Average Shares": 16009000.0,
        "Diluted EPS": 0.28,
        "Basic EPS": 0.28,
        "Diluted NI Availto Com Stockholders": 4551000.0,
        "Net Income Common Stockholders": 4551000.0,
        "Net Income": 4551000.0,
        "Net Income Including Noncontrolling Interests": 4551000.0,
        "Net Income Continuous Operations": 4551000.0,
        "Tax Provision": 1321000.0,
        "Pretax Income": 5872000.0,
        "Special Income Charges": -638000.0,
        "Other Special Charges": 638000.0,
        "Gain On Sale Of Security": 0.0,
        "Depreciation Amortization Depletion Income Statement": 740000.0,
        "Depreciation And Amortization In Income Statement": 740000.0,
        "Amortization": 340000.0,
        "Amortization Of Intangibles Income Statement": 340000.0,
        "Depreciation Income Statement": 400000.0,
        "Selling General And Administration": 13039000.0,
        "Selling And Marketing Expense": 300000.0,
        "General And Administrative Expense": 12739000.0,
        "Other Gand A": 357000.0,
        "Insurance And Claims": 666000.0,
        "Salaries And Wages": 11716000.0,
        "Total Revenue": 26869000.0,
        "Operating Revenue": 26869000.0,
        "Occupancy And Equipment": 1980000.0,
        "Professional Expense And Contract Services Expense": 797000.0,
        "Other Non Interest Expense": 4109000.0
    },
    "2023-03-31": {
        "Tax Effect Of Unusual Items": 0.0,
        "Tax Rate For Calcs": 0.267,
        "Total Unusual Items": -49000.0,
        "Total Unusual Items Excluding Goodwill": -49000.0,
        "Net Income From Continuing Operation Net Minority Interest": 9440000.0,
        "Reconciled Depreciation": 1227000.0,
        "Net Interest Income": 29899000.0,
        "Interest Expense": 4448000.0,
        "Interest Income": 34347000.0,
        "Normalized Income": 9440000.0,
        "Net Income From Continuing And Discontinued Operation": 9440000.0,
        "Diluted Average Shares": 15999000.0,
        "Basic Average Shares": 15970000.0,
        "Diluted EPS": 0.59,
        "Basic EPS": 0.59,
        "Diluted NI Availto Com Stockholders": 9440000.0,
        "Net Income Common Stockholders": 9440000.0,
        "Net Income": 9440000.0,
        "Net Income Including Noncontrolling Interests": 9440000.0,
        "Net Income Continuous Operations": 9440000.0,
        "Tax Provision": 3438000.0,
        "Pretax Income": 12878000.0,
        "Special Income Charges": -49000.0,
        "Other Special Charges": 49000.0,
        "Gain On Sale Of Security": 0.0,
        "Depreciation Amortization Depletion Income Statement": 1227000.0,
        "Depreciation And Amortization In Income Statement": 1227000.0,
        "Amortization": 345000.0,
        "Amortization Of Intangibles Income Statement": 345000.0,
        "Depreciation Income Statement": 882000.0,
        "Selling General And Administration": 11818000.0,
        "Selling And Marketing Expense": 278000.0,
        "General And Administrative Expense": 11540000.0,
        "Other Gand A": 370000.0,
        "Insurance And Claims": 289000.0,
        "Salaries And Wages": 11251000.0,
        "Total Revenue": 32738000.0,
        "Operating Revenue": 32738000.0,
        "Occupancy And Equipment": 2414000.0,
        "Professional Expense And Contract Services Expense": 1123000.0,
        "Other Non Interest Expense": 3102000.0
    },
    "2022-12-31": {
        "Tax Effect Of Unusual Items": NaN,
        "Tax Rate For Calcs": NaN,
        "Total Unusual Items": -104000.0,
        "Total Unusual Items Excluding Goodwill": -104000.0,
        "Net Income From Continuing Operation Net Minority Interest": NaN,
        "Reconciled Depreciation": NaN,
        "Net Interest Income": NaN,
        "Interest Expense": NaN,
        "Interest Income": NaN,
        "Normalized Income": NaN,
        "Net Income From Continuing And Discontinued Operation": NaN,
        "Diluted Average Shares": NaN,
        "Basic Average Shares": NaN,
        "Diluted EPS": NaN,
        "Basic EPS": NaN,
        "Diluted NI Availto Com Stockholders": NaN,
        "Net Income Common Stockholders": NaN,
        "Net Income": NaN,
        "Net Income Including Noncontrolling Interests": NaN,
        "Net Income Continuous Operations": NaN,
        "Tax Provision": NaN,
        "Pretax Income": NaN,
        "Special Income Charges": -104000.0,
        "Other Special Charges": 104000.0,
        "Gain On Sale Of Security": NaN,
        "Depreciation Amortization Depletion Income Statement": NaN,
        "Depreciation And Amortization In Income Statement": NaN,
        "Amortization": NaN,
        "Amortization Of Intangibles Income Statement": NaN,
        "Depreciation Income Statement": NaN,
        "Selling General And Administration": NaN,
        "Selling And Marketing Expense": NaN,
        "General And Administrative Expense": NaN,
        "Other Gand A": NaN,
        "Insurance And Claims": NaN,
        "Salaries And Wages": NaN,
        "Total Revenue": NaN,
        "Operating Revenue": NaN,
        "Occupancy And Equipment": NaN,
        "Professional Expense And Contract Services Expense": NaN,
        "Other Non Interest Expense": NaN
    },
    "2022-09-30": {
        "Tax Effect Of Unusual Items": NaN,
        "Tax Rate For Calcs": NaN,
        "Total Unusual Items": -49000.0,
        "Total Unusual Items Excluding Goodwill": -49000.0,
        "Net Income From Continuing Operation Net Minority Interest": NaN,
        "Reconciled Depreciation": NaN,
        "Net Interest Income": NaN,
        "Interest Expense": NaN,
        "Interest Income": NaN,
        "Normalized Income": NaN,
        "Net Income From Continuing And Discontinued Operation": NaN,
        "Diluted Average Shares": NaN,
        "Basic Average Shares": NaN,
        "Diluted EPS": NaN,
        "Basic EPS": NaN,
        "Diluted NI Availto Com Stockholders": NaN,
        "Net Income Common Stockholders": NaN,
        "Net Income": NaN,
        "Net Income Including Noncontrolling Interests": NaN,
        "Net Income Continuous Operations": NaN,
        "Tax Provision": NaN,
        "Pretax Income": NaN,
        "Special Income Charges": -49000.0,
        "Other Special Charges": 49000.0,
        "Gain On Sale Of Security": NaN,
        "Depreciation Amortization Depletion Income Statement": NaN,
        "Depreciation And Amortization In Income Statement": NaN,
        "Amortization": NaN,
        "Amortization Of Intangibles Income Statement": NaN,
        "Depreciation Income Statement": NaN,
        "Selling General And Administration": NaN,
        "Selling And Marketing Expense": NaN,
        "General And Administrative Expense": NaN,
        "Other Gand A": 1666000.0,
        "Insurance And Claims": NaN,
        "Salaries And Wages": NaN,
        "Total Revenue": NaN,
        "Operating Revenue": NaN
    },
    "2022-06-30": {
        "Tax Effect Of Unusual Items": -134495.172781,
        "Tax Rate For Calcs": 0.2632,
        "Total Unusual Items": -511000.0,
        "Total Unusual Items Excluding Goodwill": -511000.0,
        "Net Income From Continuing Operation Net Minority Interest": 11066000.0,
        "Reconciled Depreciation": 767000.0,
        "Net Interest Income": 31197000.0,
        "Interest Expense": 590000.0,
        "Interest Income": 31787000.0,
        "Normalized Income": 11442504.827219,
        "Net Income From Continuing And Discontinued Operation": 11066000.0,
        "Diluted Average Shares": 15955000.0,
        "Basic Average Shares": 15921000.0,
        "Diluted EPS": 0.69,
        "Basic EPS": 0.7,
        "Diluted NI Availto Com Stockholders": 11066000.0,
        "Net Income Common Stockholders": 11066000.0,
        "Net Income": 11066000.0,
        "Net Income Including Noncontrolling Interests": 11066000.0,
        "Net Income Continuous Operations": 11066000.0,
        "Tax Provision": 3953000.0,
        "Pretax Income": 15019000.0,
        "Special Income Charges": -511000.0,
        "Other Special Charges": 511000.0,
        "Gain On Sale Of Security": 0.0,
        "Depreciation Amortization Depletion Income Statement": 767000.0,
        "Depreciation And Amortization In Income Statement": 767000.0,
        "Amortization": 374000.0,
        "Amortization Of Intangibles Income Statement": 374000.0,
        "Depreciation Income Statement": 393000.0,
        "Selling General And Administration": 12598000.0,
        "Selling And Marketing Expense": 221000.0,
        "General And Administrative Expense": 12598000.0,
        "Other Gand A": 1667000.0,
        "Insurance And Claims": 296000.0,
        "Salaries And Wages": 10635000.0,
        "Total Revenue": 33925000.0,
        "Operating Revenue": 33925000.0
    },
    "2022-03-31": {
        "Diluted EPS": 0.66,
        "Total Revenue": 33,
        "Gross Profit": 33,
        "Operating Income": 14,
        "EBIT": NaN,
        "Net Income": 10
    },
    "2021-12-31": {
        "Diluted EPS": 0.61,
        "Total Revenue": 34,
        "Gross Profit": 33,
        "Operating Income": 14,
        "EBIT": NaN,
        "Net Income": 10
    },
    "2021-09-30": {
        "Diluted EPS": 0.35,
        "Total Revenue": 32,
        "Gross Profit": 31,
        "Operating Income": 7,
        "EBIT": NaN,
        "Net Income": 5
    },
    "2021-06-30": {
        "Diluted EPS": 0.71,
        "Total Revenue": 27,
        "Gross Profit": 27,
        "Operating Income": 13,
        "EBIT": NaN,
        "Net Income": 9
    },
    "2021-03-31": {
        "Diluted EPS": 0.66,
        "Total Revenue": 26,
        "Gross Profit": 24,
        "Operating Income": 12,
        "EBIT": NaN,
        "Net Income": 9
    },
    "2020-12-31": {
        "Diluted EPS": 0.59,
        "Total Revenue": 26,
        "Gross Profit": 25,
        "Operating Income": 11,
        "EBIT": NaN,
        "Net Income": 8
    },
    "2020-09-30": {
        "Diluted EPS": 0.55,
        "Total Revenue": 27,
        "Gross Profit": 26,
        "Operating Income": 10,
        "EBIT": NaN,
        "Net Income": 7
    },
    "2020-06-30": {
        "Diluted EPS": 0.55,
        "Total Revenue": 27,
        "Gross Profit": 26,
        "Operating Income": 10,
        "EBIT": NaN,
        "Net Income": 7
    },
    "2020-03-31": {
        "Diluted EPS": 0.53,
        "Total Revenue": 29,
        "Gross Profit": 27,
        "Operating Income": 10,
        "EBIT": NaN,
        "Net Income": 7
    },
    "2019-12-31": {
        "Diluted EPS": 0.65,
        "Total Revenue": 28,
        "Gross Profit": 26,
        "Operating Income": 12,
        "EBIT": NaN,
        "Net Income": 9
    },
    "2019-09-30": {
        "Diluted EPS": 0.69,
        "Total Revenue": 28,
        "Gross Profit": 27,
        "Operating Income": 12,
        "EBIT": NaN,
        "Net Income": 9
    },
    "2019-06-30": {
        "Diluted EPS": 0.6,
        "Total Revenue": 27,
        "Gross Profit": 26,
        "Operating Income": 11,
        "EBIT": NaN,
        "Net Income": 8
    },
    "2019-03-31": {
        "Diluted EPS": 0.54,
        "Total Revenue": 27,
        "Gross Profit": 26,
        "Operating Income": 10,
        "EBIT": NaN,
        "Net Income": 7
    },
    "2018-12-31": {
        "Diluted EPS": 0.69,
        "Total Revenue": 28,
        "Gross Profit": 27,
        "Operating Income": 13,
        "EBIT": NaN,
        "Net Income": 10
    },
    "2018-09-30": {
        "Diluted EPS": 0.62,
        "Total Revenue": 26,
        "Gross Profit": 26,
        "Operating Income": 12,
        "EBIT": NaN,
        "Net Income": 9
    },
    "2018-06-30": {
        "Diluted EPS": 0.56,
        "Total Revenue": 26,
        "Gross Profit": 25,
        "Operating Income": 11,
        "EBIT": NaN,
        "Net Income": 8
    },
    "2018-03-31": {
        "Diluted EPS": 0.46,
        "Total Revenue": 25,
        "Gross Profit": 24,
        "Operating Income": 8,
        "EBIT": NaN,
        "Net Income": 6
    },
    "2017-12-31": {
        "Diluted EPS": 0.07,
        "Total Revenue": 23,
        "Gross Profit": 22,
        "Operating Income": 7,
        "EBIT": NaN,
        "Net Income": 1
    },
    "2017-09-30": {
        "Diluted EPS": 0.42,
        "Total Revenue": 21,
        "Gross Profit": 21,
        "Operating Income": 8,
        "EBIT": NaN,
        "Net Income": 5
    },
    "2017-06-30": {
        "Diluted EPS": 0.42,
        "Total Revenue": 21,
        "Gross Profit": 20,
        "Operating Income": 8,
        "EBIT": NaN,
        "Net Income": 5
    },
    "2017-03-31": {
        "Diluted EPS": 0.37,
        "Total Revenue": 20,
        "Gross Profit": 20,
        "Operating Income": 7,
        "EBIT": NaN,
        "Net Income": 5
    },
    "2016-12-31": {
        "Diluted EPS": 0.46,
        "Total Revenue": 21,
        "Gross Profit": 20,
        "Operating Income": 9,
        "EBIT": NaN,
        "Net Income": 6
    },
    "2016-09-30": {
        "Diluted EPS": 0.57,
        "Total Revenue": 22,
        "Gross Profit": 21,
        "Operating Income": 11,
        "EBIT": NaN,
        "Net Income": 7
    },
    "2016-06-30": {
        "Diluted EPS": 0.4,
        "Total Revenue": 20,
        "Gross Profit": 20,
        "Operating Income": 8,
        "EBIT": NaN,
        "Net Income": 5
    },
    "2016-03-31": {
        "Diluted EPS": 0.47,
        "Total Revenue": 21,
        "Gross Profit": 21,
        "Operating Income": 9,
        "EBIT": NaN,
        "Net Income": 6
    },
    "2015-12-31": {
        "Diluted EPS": 0.4,
        "Total Revenue": 20,
        "Gross Profit": 19,
        "Operating Income": 8,
        "EBIT": NaN,
        "Net Income": 5
    },
    "2015-09-30": {
        "Diluted EPS": 0.4,
        "Total Revenue": 20,
        "Gross Profit": 19,
        "Operating Income": 8,
        "EBIT": NaN,
        "Net Income": 5
    },
    "2015-06-30": {
        "Diluted EPS": 0.36,
        "Total Revenue": 20,
        "Gross Profit": 19,
        "Operating Income": 7,
        "EBIT": NaN,
        "Net Income": 4
    },
    "2015-03-31": {
        "Diluted EPS": 0.37,
        "Total Revenue": 19,
        "Gross Profit": 19,
        "Operating Income": 7,
        "EBIT": NaN,
        "Net Income": 4
    },
    "2014-12-31": {
        "Diluted EPS": 0.39,
        "Total Revenue": 20,
        "Gross Profit": 19,
        "Operating Income": 8,
        "EBIT": NaN,
        "Net Income": 5
    },
    "2014-09-30": {
        "Diluted EPS": 0.45,
        "Total Revenue": 20,
        "Gross Profit": 20,
        "Operating Income": 8,
        "EBIT": NaN,
        "Net Income": 5
    },
    "2014-06-30": {
        "Diluted EPS": 0.43,
        "Total Revenue": 21,
        "Gross Profit": 20,
        "Operating Income": 8,
        "EBIT": NaN,
        "Net Income": 5
    },
    "2014-03-31": {
        "Diluted EPS": 0.38,
        "Total Revenue": 21,
        "Gross Profit": 20,
        "Operating Income": 7,
        "EBIT": NaN,
        "Net Income": 5
    },
    "2013-12-31": {
        "Diluted EPS": 0.21,
        "Total Revenue": 18,
        "Gross Profit": 18,
        "Operating Income": 4,
        "EBIT": NaN,
        "Net Income": 2
    },
    "2013-09-30": {
        "Diluted EPS": 0.36,
        "Total Revenue": 16,
        "Gross Profit": 16,
        "Operating Income": 6,
        "EBIT": NaN,
        "Net Income": 4
    },
    "2013-06-30": {
        "Diluted EPS": 0.28,
        "Total Revenue": 17,
        "Gross Profit": 16,
        "Operating Income": 5,
        "EBIT": NaN,
        "Net Income": 3
    },
    "2013-03-31": {
        "Diluted EPS": 0.45,
        "Total Revenue": 17,
        "Gross Profit": 17,
        "Operating Income": 7,
        "EBIT": NaN,
        "Net Income": 5
    },
    "2012-12-31": {
        "Diluted EPS": 0.43,
        "Total Revenue": 18,
        "Gross Profit": 18,
        "Operating Income": 7,
        "EBIT": NaN,
        "Net Income": 5
    },
    "2012-09-30": {
        "Diluted EPS": 0.3,
        "Total Revenue": 17,
        "Gross Profit": 17,
        "Operating Income": 5,
        "EBIT": NaN,
        "Net Income": 3
    },
    "2012-06-30": {
        "Diluted EPS": 0.46,
        "Total Revenue": 19,
        "Gross Profit": 18,
        "Operating Income": 8,
        "EBIT": NaN,
        "Net Income": 5
    },
    "2012-03-31": {
        "Diluted EPS": 0.46,
        "Total Revenue": 19,
        "Gross Profit": 18,
        "Operating Income": 8,
        "EBIT": NaN,
        "Net Income": 5
    },
    "2011-12-31": {
        "Diluted EPS": 0.32,
        "Total Revenue": 18,
        "Gross Profit": 17,
        "Operating Income": 5,
        "EBIT": NaN,
        "Net Income": 3
    },
    "2011-09-30": {
        "Diluted EPS": 0.4,
        "Total Revenue": 19,
        "Gross Profit": 17,
        "Operating Income": 7,
        "EBIT": NaN,
        "Net Income": 4
    },
    "2011-06-30": {
        "Diluted EPS": 0.32,
        "Total Revenue": 20,
        "Gross Profit": 19,
        "Operating Income": 6,
        "EBIT": NaN,
        "Net Income": 3
    },
    "2011-03-31": {
        "Diluted EPS": 0.42,
        "Total Revenue": 19,
        "Gross Profit": 17,
        "Operating Income": 7,
        "EBIT": NaN,
        "Net Income": 5
    },
    "2010-12-31": {
        "Diluted EPS": 0.37,
        "Total Revenue": 17,
        "Gross Profit": 15,
        "Operating Income": 6,
        "EBIT": NaN,
        "Net Income": 4
    },
    "2010-09-30": {
        "Diluted EPS": 0.32,
        "Total Revenue": 17,
        "Gross Profit": 15,
        "Operating Income": 5,
        "EBIT": NaN,
        "Net Income": 3
    },
    "2010-06-30": {
        "Diluted EPS": 0.32,
        "Total Revenue": 17,
        "Gross Profit": 15,
        "Operating Income": 5,
        "EBIT": NaN,
        "Net Income": 3
    },
    "2010-03-31": {
        "Diluted EPS": 0.28,
        "Total Revenue": 16,
        "Gross Profit": 14,
        "Operating Income": 5,
        "EBIT": NaN,
        "Net Income": 3
    },
    "2009-12-31": {
        "Diluted EPS": 0.27,
        "Total Revenue": 17,
        "Gross Profit": 15,
        "Operating Income": 4,
        "EBIT": NaN,
        "Net Income": 3
    },
    "2009-09-30": {
        "Diluted EPS": 0.34,
        "Total Revenue": 16,
        "Gross Profit": 15,
        "Operating Income": 6,
        "EBIT": NaN,
        "Net Income": 4
    },
    "2009-06-30": {
        "Diluted EPS": 0.3,
        "Total Revenue": 16,
        "Gross Profit": 14,
        "Operating Income": 5,
        "EBIT": NaN,
        "Net Income": 3
    },
    "2009-03-31": {
        "Diluted EPS": 0.19,
        "Total Revenue": 16,
        "Gross Profit": 14,
        "Operating Income": 5,
        "EBIT": NaN,
        "Net Income": 2
    },
    "2023-09-30": {
        "Tax Effect Of Unusual Items": 0.0,
        "Tax Rate For Calcs": 0.232,
        "Total Unusual Items": NaN,
        "Total Unusual Items Excluding Goodwill": NaN,
        "Net Income From Continuing Operation Net Minority Interest": 5295000.0,
        "Reconciled Depreciation": 758000.0,
        "Net Interest Income": 24469000.0,
        "Interest Expense": 10635000.0,
        "Interest Income": 35104000.0,
        "Normalized Income": 5295000.0,
        "Net Income From Continuing And Discontinued Operation": 5295000.0,
        "Diluted Average Shares": 16036000.0,
        "Basic Average Shares": 16028000.0,
        "Diluted EPS": 0.33,
        "Basic EPS": 0.33,
        "Diluted NI Availto Com Stockholders": 5295000.0,
        "Net Income Common Stockholders": 5295000.0,
        "Net Income": 5295000.0,
        "Net Income Including Noncontrolling Interests": 5295000.0,
        "Net Income Continuous Operations": 5295000.0,
        "Tax Provision": 1600000.0,
        "Pretax Income": 6895000.0,
        "Special Income Charges": NaN,
        "Other Special Charges": NaN,
        "Gain On Sale Of Security": 14000.0,
        "Depreciation Amortization Depletion Income Statement": 758000.0,
        "Depreciation And Amortization In Income Statement": 758000.0,
        "Amortization": 335000.0,
        "Amortization Of Intangibles Income Statement": 335000.0,
        "Depreciation Income Statement": 423000.0,
        "Selling General And Administration": 11801000.0,
        "Selling And Marketing Expense": 319000.0,
        "General And Administrative Expense": 11482000.0,
        "Other Gand A": NaN,
        "Insurance And Claims": 469000.0,
        "Salaries And Wages": 11013000.0,
        "Total Revenue": 27067000.0,
        "Operating Revenue": 27067000.0,
        "Occupancy And Equipment": 1973000.0,
        "Professional Expense And Contract Services Expense": 757000.0,
        "Other Non Interest Expense": 4458000.0
    },
    "2023-12-31": {
        "Tax Effect Of Unusual Items": 0.0,
        "Tax Rate For Calcs": 0.21,
        "Total Unusual Items": NaN,
        "Total Unusual Items Excluding Goodwill": NaN,
        "Net Income From Continuing Operation Net Minority Interest": 610000.0,
        "Reconciled Depreciation": 723000.0,
        "Net Interest Income": 24264000.0,
        "Interest Expense": 11159000.0,
        "Interest Income": 35423000.0,
        "Normalized Income": 610000.0,
        "Net Income From Continuing And Discontinued Operation": 610000.0,
        "Diluted Average Shares": 16052000.0,
        "Basic Average Shares": 16040000.0,
        "Diluted EPS": 0.04,
        "Basic EPS": 0.04,
        "Diluted NI Availto Com Stockholders": 610000.0,
        "Net Income Common Stockholders": 610000.0,
        "Net Income": 610000.0,
        "Net Income Including Noncontrolling Interests": 610000.0,
        "Net Income Continuous Operations": 610000.0,
        "Tax Provision": -218000.0,
        "Pretax Income": 392000.0,
        "Special Income Charges": NaN,
        "Other Special Charges": NaN,
        "Gain On Sale Of Security": -5907000.0,
        "Depreciation Amortization Depletion Income Statement": 723000.0,
        "Depreciation And Amortization In Income Statement": 723000.0,
        "Amortization": 330000.0,
        "Amortization Of Intangibles Income Statement": 330000.0,
        "Depreciation Income Statement": 393000.0,
        "Selling General And Administration": 11481000.0,
        "Selling And Marketing Expense": 347000.0,
        "General And Administrative Expense": 11134000.0,
        "Other Gand A": NaN,
        "Insurance And Claims": 454000.0,
        "Salaries And Wages": 10680000.0,
        "Total Revenue": 18198000.0,
        "Operating Revenue": 18198000.0,
        "Occupancy And Equipment": 1939000.0,
        "Professional Expense And Contract Services Expense": 921000.0,
        "Other Non Interest Expense": 1442000.0
    },
    "2024-03-31": {
        "Tax Effect Of Unusual Items": 0.0,
        "Tax Rate For Calcs": 0.256,
        "Total Unusual Items": NaN,
        "Total Unusual Items Excluding Goodwill": NaN,
        "Net Income From Continuing Operation Net Minority Interest": 2922000.0,
        "Reconciled Depreciation": 639000.0,
        "Net Interest Income": 22694000.0,
        "Interest Expense": 11452000.0,
        "Interest Income": 34146000.0,
        "Normalized Income": 2922000.0,
        "Net Income From Continuing And Discontinued Operation": 2922000.0,
        "Diluted Average Shares": 16092000.0,
        "Basic Average Shares": 16081000.0,
        "Diluted EPS": 0.18,
        "Basic EPS": 0.18,
        "Diluted NI Availto Com Stockholders": 2922000.0,
        "Net Income Common Stockholders": 2922000.0,
        "Net Income": 2922000.0,
        "Net Income Including Noncontrolling Interests": 2922000.0,
        "Net Income Continuous Operations": 2922000.0,
        "Tax Provision": 1007000.0,
        "Pretax Income": 3929000.0,
        "Special Income Charges": NaN,
        "Other Special Charges": NaN,
        "Gain On Sale Of Security": 0.0,
        "Depreciation Amortization Depletion Income Statement": 639000.0,
        "Depreciation And Amortization In Income Statement": 639000.0,
        "Amortization": 251000.0,
        "Amortization Of Intangibles Income Statement": 251000.0,
        "Depreciation Income Statement": 388000.0,
        "Selling General And Administration": 13132000.0,
        "Selling And Marketing Expense": 296000.0,
        "General And Administrative Expense": 12836000.0,
        "Other Gand A": NaN,
        "Insurance And Claims": 435000.0,
        "Salaries And Wages": 12401000.0,
        "Total Revenue": 24603000.0,
        "Operating Revenue": 24603000.0,
        "Occupancy And Equipment": 1969000.0,
        "Professional Expense And Contract Services Expense": 1078000.0,
        "Other Non Interest Expense": 3506000.0
    }
}