{
    "2023-06-30": {
        "Tax Effect Of Unusual Items": 0.0,
        "Tax Rate For Calcs": 0.208586,
        "Normalized EBITDA": 99984000.0,
        "Total Unusual Items": 0.0,
        "Total Unusual Items Excluding Goodwill": 0.0,
        "Net Income From Continuing Operation Net Minority Interest": 56040000.0,
        "Reconciled Depreciation": 25419000.0,
        "Reconciled Cost Of Revenue": 118287000.0,
        "EBITDA": 99984000.0,
        "EBIT": 74565000.0,
        "Net Interest Income": 8857000.0,
        "Interest Expense": 3755000.0,
        "Interest Income": 12612000.0,
        "Normalized Income": 56040000.0,
        "Net Income From Continuing And Discontinued Operation": 56040000.0,
        "Total Expenses": 536405000.0,
        "Total Operating Income As Reported": 58870000.0,
        "Diluted Average Shares": 194998000.0,
        "Basic Average Shares": 187948000.0,
        "Diluted EPS": 0.29,
        "Basic EPS": 0.3,
        "Diluted NI Availto Com Stockholders": 56977000.0,
        "Average Dilution Earnings": 937000.0,
        "Net Income Common Stockholders": 56040000.0,
        "Net Income": 56040000.0,
        "Net Income Including Noncontrolling Interests": 56040000.0,
        "Net Income Continuous Operations": 56040000.0,
        "Tax Provision": 14770000.0,
        "Pretax Income": 70810000.0,
        "Other Income Expense": 3083000.0,
        "Other Non Operating Income Expenses": 3083000.0,
        "Special Income Charges": 0.0,
        "Gain On Sale Of Ppe": 0.0,
        "Restructuring And Mergern Acquisition": 0.0,
        "Net Non Operating Interest Income Expense": 8857000.0,
        "Interest Expense Non Operating": 3755000.0,
        "Interest Income Non Operating": 12612000.0,
        "Operating Income": 58870000.0,
        "Operating Expense": 408323000.0,
        "Depreciation Amortization Depletion Income Statement": 15624000.0,
        "Depreciation And Amortization In Income Statement": 15624000.0,
        "Amortization": 15624000.0,
        "Amortization Of Intangibles Income Statement": 15624000.0,
        "Research And Development": 177363000.0,
        "Selling General And Administration": 215336000.0,
        "Selling And Marketing Expense": 115600000.0,
        "General And Administrative Expense": 99736000.0,
        "Other Gand A": 99736000.0,
        "Gross Profit": 467193000.0,
        "Cost Of Revenue": 128082000.0,
        "Total Revenue": 595275000.0,
        "Operating Revenue": 595275000.0
    },
    "2023-03-31": {
        "Tax Effect Of Unusual Items": 0.0,
        "Tax Rate For Calcs": 0.10404,
        "Normalized EBITDA": 86881000.0,
        "Total Unusual Items": 0.0,
        "Total Unusual Items Excluding Goodwill": 0.0,
        "Net Income From Continuing Operation Net Minority Interest": 50852000.0,
        "Reconciled Depreciation": 26421000.0,
        "Reconciled Cost Of Revenue": 115828000.0,
        "EBITDA": 86881000.0,
        "EBIT": 60460000.0,
        "Net Interest Income": 8240000.0,
        "Interest Expense": 3703000.0,
        "Interest Income": 11943000.0,
        "Normalized Income": 50852000.0,
        "Net Income From Continuing And Discontinued Operation": 50852000.0,
        "Total Expenses": 537098000.0,
        "Total Operating Income As Reported": 59347000.0,
        "Diluted Average Shares": 194363000.0,
        "Basic Average Shares": 186667000.0,
        "Diluted EPS": 0.27,
        "Basic EPS": 0.27,
        "Diluted NI Availto Com Stockholders": 51789000.0,
        "Average Dilution Earnings": 937000.0,
        "Net Income Common Stockholders": 50852000.0,
        "Net Income": 50852000.0,
        "Net Income Including Noncontrolling Interests": 50852000.0,
        "Net Income Continuous Operations": 50852000.0,
        "Tax Provision": 5905000.0,
        "Pretax Income": 56757000.0,
        "Other Income Expense": -10830000.0,
        "Other Non Operating Income Expenses": -10830000.0,
        "Special Income Charges": 0.0,
        "Gain On Sale Of Ppe": 0.0,
        "Restructuring And Mergern Acquisition": 0.0,
        "Net Non Operating Interest Income Expense": 8240000.0,
        "Interest Expense Non Operating": 3703000.0,
        "Interest Income Non Operating": 11943000.0,
        "Operating Income": 59317000.0,
        "Operating Expense": 410549000.0,
        "Depreciation Amortization Depletion Income Statement": 15700000.0,
        "Depreciation And Amortization In Income Statement": 15700000.0,
        "Amortization": 15700000.0,
        "Amortization Of Intangibles Income Statement": 15700000.0,
        "Research And Development": 171846000.0,
        "Selling General And Administration": 223003000.0,
        "Selling And Marketing Expense": 117700000.0,
        "General And Administrative Expense": 105303000.0,
        "Other Gand A": 105303000.0,
        "Gross Profit": 469866000.0,
        "Cost Of Revenue": 126549000.0,
        "Total Revenue": 596415000.0,
        "Operating Revenue": 596415000.0
    },
    "2022-12-31": {
        "Tax Effect Of Unusual Items": -126000.0,
        "Tax Rate For Calcs": 0.21,
        "Normalized EBITDA": 10628000.0,
        "Total Unusual Items": -600000.0,
        "Total Unusual Items Excluding Goodwill": -600000.0,
        "Net Income From Continuing Operation Net Minority Interest": -249000.0,
        "Reconciled Depreciation": 24553000.0,
        "Reconciled Cost Of Revenue": 118437000.0,
        "EBITDA": 10028000.0,
        "EBIT": -14525000.0,
        "Net Interest Income": 5084000.0,
        "Interest Expense": 3033000.0,
        "Interest Income": 8710000.0,
        "Normalized Income": 225000.0,
        "Net Income From Continuing And Discontinued Operation": -249000.0,
        "Total Expenses": 561450000.0,
        "Total Operating Income As Reported": -24500000.0,
        "Diluted Average Shares": 186028000.0,
        "Basic Average Shares": 186028000.0,
        "Diluted EPS": -0.001339,
        "Basic EPS": -0.001339,
        "Diluted NI Availto Com Stockholders": -3055000.0,
        "Average Dilution Earnings": -2806000.0,
        "Net Income Common Stockholders": -249000.0,
        "Net Income": -249000.0,
        "Net Income Including Noncontrolling Interests": -249000.0,
        "Net Income Continuous Operations": -249000.0,
        "Tax Provision": -17309000.0,
        "Pretax Income": -17558000.0,
        "Other Income Expense": 1258000.0,
        "Other Non Operating Income Expenses": 1858000.0,
        "Special Income Charges": -600000.0,
        "Gain On Sale Of Ppe": 0.0,
        "Restructuring And Mergern Acquisition": 600000.0,
        "Net Non Operating Interest Income Expense": 5084000.0,
        "Interest Expense Non Operating": 3033000.0,
        "Interest Income Non Operating": 8710000.0,
        "Operating Income": -23912000.0,
        "Operating Expense": 434160000.0,
        "Depreciation Amortization Depletion Income Statement": 15700000.0,
        "Depreciation And Amortization In Income Statement": 15700000.0,
        "Amortization": 15700000.0,
        "Amortization Of Intangibles Income Statement": 15700000.0,
        "Research And Development": 172751000.0,
        "Selling General And Administration": 245709000.0,
        "Selling And Marketing Expense": 124600000.0,
        "General And Administrative Expense": 121109000.0,
        "Other Gand A": 121109000.0,
        "Gross Profit": 410248000.0,
        "Cost Of Revenue": 127290000.0,
        "Total Revenue": 537538000.0,
        "Operating Revenue": 537538000.0
    },
    "2022-09-30": {
        "Tax Effect Of Unusual Items": 0.0,
        "Tax Rate For Calcs": 0.21,
        "Normalized EBITDA": 27577000.0,
        "Total Unusual Items": 0.0,
        "Total Unusual Items Excluding Goodwill": 0.0,
        "Net Income From Continuing Operation Net Minority Interest": -6652000.0,
        "Reconciled Depreciation": 24802000.0,
        "Reconciled Cost Of Revenue": 108314000.0,
        "EBITDA": 27577000.0,
        "EBIT": 2775000.0,
        "Net Interest Income": 320000.0,
        "Interest Expense": 4679000.0,
        "Interest Income": 4999000.0,
        "Normalized Income": -6652000.0,
        "Net Income From Continuing And Discontinued Operation": -6652000.0,
        "Total Expenses": 507761000.0,
        "Total Operating Income As Reported": -2417000.0,
        "Diluted Average Shares": 185597000.0,
        "Basic Average Shares": 185597000.0,
        "Diluted EPS": -0.04,
        "Basic EPS": -0.04,
        "Diluted NI Availto Com Stockholders": -6652000.0,
        "Average Dilution Earnings": 0.0,
        "Net Income Common Stockholders": -6652000.0,
        "Net Income": -6652000.0,
        "Net Income Including Noncontrolling Interests": -6652000.0,
        "Net Income Continuous Operations": -6652000.0,
        "Tax Provision": 4748000.0,
        "Pretax Income": -1904000.0,
        "Other Income Expense": 193000.0,
        "Other Non Operating Income Expenses": 193000.0,
        "Special Income Charges": 0.0,
        "Gain On Sale Of Ppe": 0.0,
        "Restructuring And Mergern Acquisition": 900000.0,
        "Net Non Operating Interest Income Expense": 320000.0,
        "Interest Expense Non Operating": 4679000.0,
        "Interest Income Non Operating": 4999000.0,
        "Operating Income": -2417000.0,
        "Operating Expense": 391473000.0,
        "Depreciation Amortization Depletion Income Statement": 16828000.0,
        "Depreciation And Amortization In Income Statement": 16828000.0,
        "Amortization": 16828000.0,
        "Amortization Of Intangibles Income Statement": 16828000.0,
        "Research And Development": 157829000.0,
        "Selling General And Administration": 216816000.0,
        "Selling And Marketing Expense": 111300000.0,
        "General And Administrative Expense": 105500000.0,
        "Other Gand A": 105500000.0,
        "Gross Profit": 389056000.0,
        "Cost Of Revenue": 116288000.0,
        "Total Revenue": 505344000.0,
        "Operating Revenue": 505344000.0
    },
    "2022-06-30": {
        "Tax Effect Of Unusual Items": 0.0,
        "Tax Rate For Calcs": 0.206221,
        "Normalized EBITDA": 63981000.0,
        "Total Unusual Items": 0.0,
        "Total Unusual Items Excluding Goodwill": 0.0,
        "Net Income From Continuing Operation Net Minority Interest": 27664000.0,
        "Reconciled Depreciation": 25271000.0,
        "Reconciled Cost Of Revenue": 114350000.0,
        "EBITDA": 63981000.0,
        "EBIT": 38710000.0,
        "Net Interest Income": -1354000.0,
        "Interest Expense": 3859000.0,
        "Interest Income": 2505000.0,
        "Normalized Income": 27664000.0,
        "Net Income From Continuing And Discontinued Operation": 27664000.0,
        "Total Expenses": 494646000.0,
        "Total Operating Income As Reported": 39152000.0,
        "Diluted Average Shares": 187448000.0,
        "Basic Average Shares": 185254000.0,
        "Diluted EPS": 0.15,
        "Basic EPS": 0.15,
        "Diluted NI Availto Com Stockholders": 27664000.0,
        "Average Dilution Earnings": 0.0,
        "Net Income Common Stockholders": 27664000.0,
        "Net Income": 27664000.0,
        "Net Income Including Noncontrolling Interests": 27664000.0,
        "Net Income Continuous Operations": 27664000.0,
        "Tax Provision": 7187000.0,
        "Pretax Income": 34851000.0,
        "Other Income Expense": -2947000.0,
        "Other Non Operating Income Expenses": -2947000.0,
        "Special Income Charges": 0.0,
        "Gain On Sale Of Ppe": 0.0,
        "Restructuring And Mergern Acquisition": 900000.0,
        "Net Non Operating Interest Income Expense": -1354000.0,
        "Interest Expense Non Operating": 3859000.0,
        "Interest Income Non Operating": 2505000.0,
        "Operating Income": 39152000.0,
        "Operating Expense": 371520000.0,
        "Depreciation Amortization Depletion Income Statement": 16495000.0,
        "Depreciation And Amortization In Income Statement": 16495000.0,
        "Amortization": 16495000.0,
        "Amortization Of Intangibles Income Statement": 16495000.0,
        "Research And Development": 158190000.0,
        "Selling General And Administration": 196835000.0,
        "Selling And Marketing Expense": 109400000.0,
        "General And Administrative Expense": 87400000.0,
        "Other Gand A": 87400000.0,
        "Gross Profit": 410672000.0,
        "Cost Of Revenue": 123126000.0,
        "Total Revenue": 533798000.0,
        "Operating Revenue": 533798000.0
    },
    "2022-03-31": {
        "Diluted EPS": 0.63,
        "Total Revenue": 519,
        "Gross Profit": 402,
        "Operating Income": 137,
        "EBIT": 166,
        "Net Income": 121
    },
    "2021-12-31": {
        "Diluted EPS": -0.31,
        "Total Revenue": 450,
        "Gross Profit": 330,
        "Operating Income": -66,
        "EBIT": -38,
        "Net Income": -58
    },
    "2021-09-30": {
        "Diluted EPS": -0.2,
        "Total Revenue": 409,
        "Gross Profit": 305,
        "Operating Income": -53,
        "EBIT": -25,
        "Net Income": -36
    },
    "2021-06-30": {
        "Diluted EPS": 0.07,
        "Total Revenue": 502,
        "Gross Profit": 375,
        "Operating Income": 12,
        "EBIT": 40,
        "Net Income": 13
    },
    "2021-03-31": {
        "Diluted EPS": 0.09,
        "Total Revenue": 486,
        "Gross Profit": 366,
        "Operating Income": 25,
        "EBIT": 54,
        "Net Income": 17
    },
    "2020-12-31": {
        "Diluted EPS": 0.21,
        "Total Revenue": 452,
        "Gross Profit": 326,
        "Operating Income": -52,
        "EBIT": -24,
        "Net Income": 17
    },
    "2020-09-30": {
        "Diluted EPS": 4.01,
        "Total Revenue": 477,
        "Gross Profit": 288,
        "Operating Income": -56,
        "EBIT": -29,
        "Net Income": 785
    },
    "2020-06-30": {
        "Diluted EPS": -0.16,
        "Total Revenue": 429,
        "Gross Profit": 332,
        "Operating Income": -41,
        "EBIT": -16,
        "Net Income": -29
    },
    "2020-03-31": {
        "Diluted EPS": 0.44,
        "Total Revenue": 502,
        "Gross Profit": 391,
        "Operating Income": 105,
        "EBIT": 131,
        "Net Income": 81
    },
    "2019-12-31": {
        "Diluted EPS": 0.1,
        "Total Revenue": 454,
        "Gross Profit": 359,
        "Operating Income": -9,
        "EBIT": 17,
        "Net Income": 15
    },
    "2019-09-30": {
        "Diluted EPS": 0.3,
        "Total Revenue": 461,
        "Gross Profit": 364,
        "Operating Income": 4,
        "EBIT": 34,
        "Net Income": 55
    },
    "2019-06-30": {
        "Diluted EPS": -0.21,
        "Total Revenue": 388,
        "Gross Profit": 310,
        "Operating Income": -41,
        "EBIT": -16,
        "Net Income": -37
    },
    "2019-03-31": {
        "Diluted EPS": -0.32,
        "Total Revenue": 401,
        "Gross Profit": 312,
        "Operating Income": -54,
        "EBIT": -32,
        "Net Income": -56
    },
    "2018-12-31": {
        "Diluted EPS": -0.02,
        "Total Revenue": 353,
        "Gross Profit": 278,
        "Operating Income": -38,
        "EBIT": -14,
        "Net Income": -4
    },
    "2018-09-30": {
        "Diluted EPS": -0.07,
        "Total Revenue": 392,
        "Gross Profit": 313,
        "Operating Income": -16,
        "EBIT": 11,
        "Net Income": -13
    },
    "2018-06-30": {
        "Diluted EPS": -0.09,
        "Total Revenue": 373,
        "Gross Profit": 294,
        "Operating Income": -25,
        "EBIT": -5,
        "Net Income": -17
    },
    "2018-03-31": {
        "Diluted EPS": -0.26,
        "Total Revenue": 373,
        "Gross Profit": 291,
        "Operating Income": -44,
        "EBIT": -20,
        "Net Income": -44
    },
    "2017-12-31": {
        "Diluted EPS": -0.3,
        "Total Revenue": 358,
        "Gross Profit": 282,
        "Operating Income": 58,
        "EBIT": 88,
        "Net Income": -51
    },
    "2017-09-30": {
        "Diluted EPS": -0.07,
        "Total Revenue": 334,
        "Gross Profit": 275,
        "Operating Income": -14,
        "EBIT": 8,
        "Net Income": -13
    },
    "2017-06-30": {
        "Diluted EPS": -0.21,
        "Total Revenue": 317,
        "Gross Profit": 261,
        "Operating Income": -39,
        "EBIT": -19,
        "Net Income": -37
    },
    "2017-03-31": {
        "Diluted EPS": -0.09,
        "Total Revenue": 304,
        "Gross Profit": 254,
        "Operating Income": -20,
        "EBIT": 0,
        "Net Income": -16
    },
    "2016-12-31": {
        "Diluted EPS": -0.5,
        "Total Revenue": 300,
        "Gross Profit": 236,
        "Operating Income": -90,
        "EBIT": -69,
        "Net Income": -91
    },
    "2016-09-30": {
        "Diluted EPS": -0.22,
        "Total Revenue": 280,
        "Gross Profit": 229,
        "Operating Income": -60,
        "EBIT": -31,
        "Net Income": -37
    },
    "2016-06-30": {
        "Diluted EPS": -2.58,
        "Total Revenue": 300,
        "Gross Profit": 249,
        "Operating Income": -573,
        "EBIT": -544,
        "Net Income": -419
    },
    "2016-03-31": {
        "Diluted EPS": -0.51,
        "Total Revenue": 237,
        "Gross Profit": 194,
        "Operating Income": -81,
        "EBIT": -62,
        "Net Income": -83
    },
    "2015-12-31": {
        "Diluted EPS": 0.47,
        "Total Revenue": 228,
        "Gross Profit": 180,
        "Operating Income": 101,
        "EBIT": 115,
        "Net Income": 69
    },
    "2015-09-30": {
        "Diluted EPS": -0.6,
        "Total Revenue": 209,
        "Gross Profit": 174,
        "Operating Income": -82,
        "EBIT": -69,
        "Net Income": -91
    },
    "2015-06-30": {
        "Diluted EPS": -0.51,
        "Total Revenue": 250,
        "Gross Profit": 212,
        "Operating Income": -64,
        "EBIT": -52,
        "Net Income": -82
    },
    "2015-03-31": {
        "Diluted EPS": -0.43,
        "Total Revenue": 203,
        "Gross Profit": 172,
        "Operating Income": -66,
        "EBIT": -55,
        "Net Income": -68
    },
    "2014-12-31": {
        "Diluted EPS": -0.47,
        "Total Revenue": 229,
        "Gross Profit": 191,
        "Operating Income": -59,
        "EBIT": -51,
        "Net Income": -70
    },
    "2014-09-30": {
        "Diluted EPS": 0.05,
        "Total Revenue": 177,
        "Gross Profit": 147,
        "Operating Income": 11,
        "EBIT": 27,
        "Net Income": 7
    },
    "2014-06-30": {
        "Diluted EPS": -0.23,
        "Total Revenue": 192,
        "Gross Profit": 161,
        "Operating Income": -19,
        "EBIT": -3,
        "Net Income": -34
    },
    "2014-03-31": {
        "Diluted EPS": -0.27,
        "Total Revenue": 152,
        "Gross Profit": 129,
        "Operating Income": -26,
        "EBIT": -13,
        "Net Income": -38
    },
    "2013-12-31": {
        "Diluted EPS": -0.43,
        "Total Revenue": 147,
        "Gross Profit": 130,
        "Operating Income": -52,
        "EBIT": -52,
        "Net Income": -62
    },
    "2013-09-30": {
        "Diluted EPS": -0.38,
        "Total Revenue": 137,
        "Gross Profit": 109,
        "Operating Income": -51,
        "EBIT": -36,
        "Net Income": -53
    },
    "2013-06-30": {
        "Diluted EPS": -0.16,
        "Total Revenue": 137,
        "Gross Profit": 114,
        "Operating Income": -20,
        "EBIT": -6,
        "Net Income": -22
    },
    "2013-03-31": {
        "Diluted EPS": -0.31,
        "Total Revenue": 128,
        "Gross Profit": 107,
        "Operating Income": -33,
        "EBIT": -20,
        "Net Income": -40
    },
    "2012-12-31": {
        "Diluted EPS": -0.43,
        "Total Revenue": 132,
        "Gross Profit": 105,
        "Operating Income": -47,
        "EBIT": -35,
        "Net Income": -53
    },
    "2012-09-30": {
        "Diluted EPS": -0.04,
        "Total Revenue": 128,
        "Gross Profit": 103,
        "Operating Income": -10,
        "EBIT": 3,
        "Net Income": -5
    },
    "2012-06-30": {
        "Diluted EPS": -0.27,
        "Total Revenue": 124,
        "Gross Profit": 100,
        "Operating Income": -31,
        "EBIT": -19,
        "Net Income": -32
    },
    "2012-03-31": {
        "Diluted EPS": -0.21,
        "Total Revenue": 117,
        "Gross Profit": 100,
        "Operating Income": -22,
        "EBIT": -10,
        "Net Income": -24
    },
    "2011-12-31": {
        "Diluted EPS": -0.23,
        "Total Revenue": 108,
        "Gross Profit": 86,
        "Operating Income": -21,
        "EBIT": -12,
        "Net Income": -27
    },
    "2011-09-30": {
        "Diluted EPS": -0.16,
        "Total Revenue": 113,
        "Gross Profit": 91,
        "Operating Income": -16,
        "EBIT": -5,
        "Net Income": -18
    },
    "2011-06-30": {
        "Diluted EPS": -0.05,
        "Total Revenue": 111,
        "Gross Profit": 91,
        "Operating Income": 1,
        "EBIT": 10,
        "Net Income": -5
    },
    "2011-03-31": {
        "Diluted EPS": -0.04,
        "Total Revenue": 109,
        "Gross Profit": 89,
        "Operating Income": 2,
        "EBIT": 12,
        "Net Income": -4
    },
    "2010-12-31": {
        "Diluted EPS": 0.05,
        "Total Revenue": 102,
        "Gross Profit": 81,
        "Operating Income": -3,
        "EBIT": 6,
        "Net Income": -12
    },
    "2010-09-30": {
        "Diluted EPS": 1.68,
        "Total Revenue": 98,
        "Gross Profit": 80,
        "Operating Income": -2,
        "EBIT": 7,
        "Net Income": 217
    },
    "2010-06-30": {
        "Diluted EPS": -0.01,
        "Total Revenue": 92,
        "Gross Profit": 78,
        "Operating Income": 3,
        "EBIT": 11,
        "Net Income": 0
    },
    "2010-03-31": {
        "Diluted EPS": 0.01,
        "Total Revenue": 85,
        "Gross Profit": 68,
        "Operating Income": 3,
        "EBIT": 9,
        "Net Income": 1
    },
    "2009-12-31": {
        "Diluted EPS": 0.05,
        "Total Revenue": 87,
        "Gross Profit": 70,
        "Operating Income": 6,
        "EBIT": 12,
        "Net Income": 5
    },
    "2009-09-30": {
        "Diluted EPS": 0.07,
        "Total Revenue": 81,
        "Gross Profit": 66,
        "Operating Income": 10,
        "EBIT": 16,
        "Net Income": 7
    },
    "2009-06-30": {
        "Diluted EPS": 0.01,
        "Total Revenue": 83,
        "Gross Profit": 63,
        "Operating Income": 4,
        "EBIT": 11,
        "Net Income": 1
    },
    "2009-03-31": {
        "Diluted EPS": -0.13,
        "Total Revenue": 74,
        "Gross Profit": 60,
        "Operating Income": -4,
        "EBIT": 0,
        "Net Income": -13
    },
    "2023-09-30": {
        "Tax Effect Of Unusual Items": 0.0,
        "Tax Rate For Calcs": 0.030982,
        "Normalized EBITDA": 71133000.0,
        "Total Unusual Items": 0.0,
        "Total Unusual Items Excluding Goodwill": 0.0,
        "Net Income From Continuing Operation Net Minority Interest": 40378000.0,
        "Reconciled Depreciation": 25685000.0,
        "Reconciled Cost Of Revenue": 114760000.0,
        "EBITDA": 71133000.0,
        "EBIT": 45448000.0,
        "Net Interest Income": 11961000.0,
        "Interest Expense": 3779000.0,
        "Interest Income": 15740000.0,
        "Normalized Income": 40378000.0,
        "Net Income From Continuing And Discontinued Operation": 40378000.0,
        "Total Expenses": 555759000.0,
        "Total Operating Income As Reported": 25661000.0,
        "Diluted Average Shares": 191173000.0,
        "Basic Average Shares": 188219000.0,
        "Diluted EPS": 0.21,
        "Basic EPS": 0.21,
        "Diluted NI Availto Com Stockholders": 40378000.0,
        "Average Dilution Earnings": 0.0,
        "Net Income Common Stockholders": 40378000.0,
        "Net Income": 40378000.0,
        "Net Income Including Noncontrolling Interests": 40378000.0,
        "Net Income Continuous Operations": 40378000.0,
        "Tax Provision": 1291000.0,
        "Pretax Income": 41669000.0,
        "Other Income Expense": 4047000.0,
        "Other Non Operating Income Expenses": 4047000.0,
        "Special Income Charges": 0.0,
        "Gain On Sale Of Ppe": 0.0,
        "Restructuring And Mergern Acquisition": 0.0,
        "Net Non Operating Interest Income Expense": 11961000.0,
        "Interest Expense Non Operating": 3779000.0,
        "Interest Income Non Operating": 15740000.0,
        "Operating Income": 25570000.0,
        "Operating Expense": 431014000.0,
        "Depreciation Amortization Depletion Income Statement": 15700000.0,
        "Depreciation And Amortization In Income Statement": 15700000.0,
        "Amortization": 15700000.0,
        "Amortization Of Intangibles Income Statement": 15700000.0,
        "Research And Development": 191314000.0,
        "Selling General And Administration": 224000000.0,
        "Selling And Marketing Expense": 121900000.0,
        "General And Administrative Expense": 102100000.0,
        "Other Gand A": 102100000.0,
        "Gross Profit": 456584000.0,
        "Cost Of Revenue": 124745000.0,
        "Total Revenue": 581329000.0,
        "Operating Revenue": 581329000.0
    },
    "2023-12-31": {
        "Tax Effect Of Unusual Items": 0.0,
        "Tax Rate For Calcs": 0.21,
        "Normalized EBITDA": 51692000.0,
        "Total Unusual Items": 0.0,
        "Total Unusual Items Excluding Goodwill": 0.0,
        "Net Income From Continuing Operation Net Minority Interest": 20375000.0,
        "Reconciled Depreciation": 26861000.0,
        "Reconciled Cost Of Revenue": 123817000.0,
        "EBITDA": 51692000.0,
        "EBIT": 24831000.0,
        "Net Interest Income": 11946000.0,
        "Interest Expense": 5504000.0,
        "Interest Income": 18044000.0,
        "Normalized Income": 20375000.0,
        "Net Income From Continuing And Discontinued Operation": 20375000.0,
        "Total Expenses": 631928000.0,
        "Total Operating Income As Reported": 14219000.0,
        "Diluted Average Shares": NaN,
        "Basic Average Shares": NaN,
        "Diluted EPS": NaN,
        "Basic EPS": NaN,
        "Diluted NI Availto Com Stockholders": 17565000.0,
        "Average Dilution Earnings": NaN,
        "Net Income Common Stockholders": 20375000.0,
        "Net Income": 20375000.0,
        "Net Income Including Noncontrolling Interests": 20375000.0,
        "Net Income Continuous Operations": 20375000.0,
        "Tax Provision": -1048000.0,
        "Pretax Income": 19327000.0,
        "Other Income Expense": -6838000.0,
        "Other Non Operating Income Expenses": -6838000.0,
        "Special Income Charges": 0.0,
        "Gain On Sale Of Ppe": 0.0,
        "Restructuring And Mergern Acquisition": 0.0,
        "Net Non Operating Interest Income Expense": 11946000.0,
        "Interest Expense Non Operating": 5504000.0,
        "Interest Income Non Operating": 18044000.0,
        "Operating Income": 14279000.0,
        "Operating Expense": 496450000.0,
        "Depreciation Amortization Depletion Income Statement": 15200000.0,
        "Depreciation And Amortization In Income Statement": 15200000.0,
        "Amortization": 15200000.0,
        "Amortization Of Intangibles Income Statement": 15200000.0,
        "Research And Development": 206250000.0,
        "Selling General And Administration": 275000000.0,
        "Selling And Marketing Expense": 133200000.0,
        "General And Administrative Expense": 141800000.0,
        "Other Gand A": 141800000.0,
        "Gross Profit": 510729000.0,
        "Cost Of Revenue": 135478000.0,
        "Total Revenue": 646207000.0,
        "Operating Revenue": 646207000.0
    }
}