{
    "2023-01-31": {
        "Tax Effect Of Unusual Items": NaN,
        "Tax Rate For Calcs": NaN,
        "Normalized EBITDA": NaN,
        "Total Unusual Items": NaN,
        "Total Unusual Items Excluding Goodwill": NaN,
        "Net Income From Continuing Operation Net Minority Interest": NaN,
        "Reconciled Depreciation": NaN,
        "Reconciled Cost Of Revenue": NaN,
        "EBITDA": NaN,
        "EBIT": NaN,
        "Net Interest Income": NaN,
        "Interest Expense": NaN,
        "Normalized Income": NaN,
        "Net Income From Continuing And Discontinued Operation": NaN,
        "Total Expenses": NaN,
        "Rent Expense Supplemental": NaN,
        "Total Operating Income As Reported": NaN,
        "Diluted Average Shares": NaN,
        "Basic Average Shares": NaN,
        "Diluted EPS": NaN,
        "Basic EPS": NaN,
        "Diluted NI Availto Com Stockholders": NaN,
        "Net Income Common Stockholders": NaN,
        "Net Income": NaN,
        "Net Income Including Noncontrolling Interests": NaN,
        "Net Income Discontinuous Operations": NaN,
        "Net Income Continuous Operations": NaN,
        "Tax Provision": NaN,
        "Pretax Income": NaN,
        "Other Income Expense": NaN,
        "Special Income Charges": NaN,
        "Other Special Charges": NaN,
        "Impairment Of Capital Assets": 6008000.0,
        "Restructuring And Mergern Acquisition": NaN,
        "Net Non Operating Interest Income Expense": NaN,
        "Interest Expense Non Operating": NaN,
        "Operating Income": NaN,
        "Operating Expense": NaN,
        "Depreciation Amortization Depletion Income Statement": NaN,
        "Depreciation And Amortization In Income Statement": NaN,
        "Selling General And Administration": NaN,
        "Gross Profit": NaN,
        "Cost Of Revenue": NaN,
        "Total Revenue": NaN,
        "Operating Revenue": NaN
    },
    "2022-10-31": {
        "Tax Effect Of Unusual Items": NaN,
        "Tax Rate For Calcs": NaN,
        "Normalized EBITDA": NaN,
        "Total Unusual Items": NaN,
        "Total Unusual Items Excluding Goodwill": NaN,
        "Net Income From Continuing Operation Net Minority Interest": NaN,
        "Reconciled Depreciation": NaN,
        "Reconciled Cost Of Revenue": NaN,
        "EBITDA": NaN,
        "EBIT": NaN,
        "Net Interest Income": NaN,
        "Interest Expense": NaN,
        "Normalized Income": NaN,
        "Net Income From Continuing And Discontinued Operation": NaN,
        "Total Expenses": NaN,
        "Rent Expense Supplemental": NaN,
        "Total Operating Income As Reported": NaN,
        "Diluted Average Shares": NaN,
        "Basic Average Shares": NaN,
        "Diluted EPS": NaN,
        "Basic EPS": NaN,
        "Diluted NI Availto Com Stockholders": NaN,
        "Average Dilution Earnings": 0.0,
        "Net Income Common Stockholders": NaN,
        "Otherunder Preferred Stock Dividend": 11000.0,
        "Net Income": NaN,
        "Net Income Including Noncontrolling Interests": NaN,
        "Net Income Discontinuous Operations": NaN,
        "Net Income Continuous Operations": NaN,
        "Tax Provision": NaN,
        "Pretax Income": NaN,
        "Other Income Expense": NaN,
        "Special Income Charges": NaN,
        "Impairment Of Capital Assets": NaN,
        "Restructuring And Mergern Acquisition": NaN,
        "Net Non Operating Interest Income Expense": NaN,
        "Interest Expense Non Operating": NaN,
        "Operating Income": NaN,
        "Operating Expense": NaN,
        "Depreciation Amortization Depletion Income Statement": NaN,
        "Depreciation And Amortization In Income Statement": NaN,
        "Selling General And Administration": NaN,
        "Gross Profit": NaN,
        "Cost Of Revenue": NaN,
        "Total Revenue": NaN,
        "Operating Revenue": NaN
    },
    "2022-07-31": {
        "Tax Effect Of Unusual Items": -150000.0,
        "Tax Rate For Calcs": 0.4,
        "Normalized EBITDA": -33421000.0,
        "Total Unusual Items": -375000.0,
        "Total Unusual Items Excluding Goodwill": -375000.0,
        "Net Income From Continuing Operation Net Minority Interest": -52707000.0,
        "Reconciled Depreciation": 14110000.0,
        "Reconciled Cost Of Revenue": 198793000.0,
        "EBITDA": -33796000.0,
        "EBIT": -47906000.0,
        "Net Interest Income": -3868000.0,
        "Interest Expense": 3868000.0,
        "Normalized Income": -52482000.0,
        "Net Income From Continuing And Discontinued Operation": -52707000.0,
        "Total Expenses": 311389000.0,
        "Rent Expense Supplemental": 6265000.0,
        "Total Operating Income As Reported": -47906000.0,
        "Diluted Average Shares": 52172000.0,
        "Basic Average Shares": 52172000.0,
        "Diluted EPS": -1.01,
        "Basic EPS": -1.01,
        "Diluted NI Availto Com Stockholders": -52707000.0,
        "Average Dilution Earnings": NaN,
        "Net Income Common Stockholders": -52707000.0,
        "Otherunder Preferred Stock Dividend": NaN,
        "Net Income": -52707000.0,
        "Net Income Including Noncontrolling Interests": -52707000.0,
        "Net Income Discontinuous Operations": NaN,
        "Net Income Continuous Operations": -52707000.0,
        "Tax Provision": 933000.0,
        "Pretax Income": -51774000.0,
        "Other Income Expense": -375000.0,
        "Special Income Charges": -375000.0,
        "Impairment Of Capital Assets": NaN,
        "Restructuring And Mergern Acquisition": 375000.0,
        "Net Non Operating Interest Income Expense": -3868000.0,
        "Interest Expense Non Operating": 3868000.0,
        "Operating Income": -47531000.0,
        "Operating Expense": 111019000.0,
        "Depreciation Amortization Depletion Income Statement": 12533000.0,
        "Depreciation And Amortization In Income Statement": 12533000.0,
        "Selling General And Administration": 98486000.0,
        "Gross Profit": 63488000.0,
        "Cost Of Revenue": 200370000.0,
        "Total Revenue": 263858000.0,
        "Operating Revenue": 263858000.0
    },
    "2023-04-30": {
        "Tax Effect Of Unusual Items": NaN,
        "Tax Rate For Calcs": NaN,
        "Normalized EBITDA": NaN,
        "Total Unusual Items": NaN,
        "Total Unusual Items Excluding Goodwill": NaN,
        "Net Income From Continuing Operation Net Minority Interest": NaN,
        "Reconciled Depreciation": NaN,
        "Reconciled Cost Of Revenue": NaN,
        "EBITDA": NaN,
        "EBIT": NaN,
        "Net Interest Income": NaN,
        "Interest Expense": NaN,
        "Normalized Income": NaN,
        "Net Income From Continuing And Discontinued Operation": NaN,
        "Total Expenses": NaN,
        "Rent Expense Supplemental": NaN,
        "Total Operating Income As Reported": NaN,
        "Diluted Average Shares": NaN,
        "Basic Average Shares": NaN,
        "Diluted EPS": NaN,
        "Basic EPS": NaN,
        "Diluted NI Availto Com Stockholders": NaN,
        "Net Income Common Stockholders": NaN,
        "Net Income": NaN,
        "Net Income Including Noncontrolling Interests": NaN,
        "Net Income Discontinuous Operations": NaN,
        "Net Income Continuous Operations": NaN,
        "Tax Provision": NaN,
        "Pretax Income": NaN,
        "Other Income Expense": NaN,
        "Special Income Charges": NaN,
        "Other Special Charges": NaN,
        "Impairment Of Capital Assets": 0.0,
        "Restructuring And Mergern Acquisition": NaN,
        "Net Non Operating Interest Income Expense": NaN,
        "Interest Expense Non Operating": NaN,
        "Operating Income": NaN,
        "Operating Expense": NaN,
        "Depreciation Amortization Depletion Income Statement": NaN,
        "Depreciation And Amortization In Income Statement": NaN,
        "Selling General And Administration": NaN,
        "Gross Profit": NaN,
        "Cost Of Revenue": NaN,
        "Total Revenue": NaN,
        "Operating Revenue": NaN
    },
    "2022-04-30": {
        "Diluted EPS": -0.18,
        "Total Revenue": 225,
        "Gross Profit": 50,
        "Operating Income": -11,
        "EBIT": -9,
        "Net Income": -11
    },
    "2022-01-31": {
        "Diluted EPS": -0.71,
        "Total Revenue": 403,
        "Gross Profit": 87,
        "Operating Income": -33,
        "EBIT": -19,
        "Net Income": -37
    },
    "2021-10-31": {
        "Diluted EPS": 0.41,
        "Total Revenue": 627,
        "Gross Profit": 146,
        "Operating Income": 25,
        "EBIT": 38,
        "Net Income": 23
    },
    "2021-07-31": {
        "Diluted EPS": -0.85,
        "Total Revenue": 241,
        "Gross Profit": 60,
        "Operating Income": -41,
        "EBIT": -26,
        "Net Income": -44
    },
    "2021-04-30": {
        "Diluted EPS": -1.04,
        "Total Revenue": 195,
        "Gross Profit": 14,
        "Operating Income": -52,
        "EBIT": -50,
        "Net Income": -52
    },
    "2021-01-31": {
        "Diluted EPS": -0.96,
        "Total Revenue": 412,
        "Gross Profit": 71,
        "Operating Income": -65,
        "EBIT": -50,
        "Net Income": -48
    },
    "2020-10-31": {
        "Diluted EPS": 0.15,
        "Total Revenue": 595,
        "Gross Profit": 115,
        "Operating Income": 7,
        "EBIT": 21,
        "Net Income": 8
    },
    "2020-07-31": {
        "Diluted EPS": -0.96,
        "Total Revenue": 204,
        "Gross Profit": 31,
        "Operating Income": -59,
        "EBIT": -43,
        "Net Income": -47
    },
    "2020-04-30": {
        "Diluted EPS": -0.82,
        "Total Revenue": 257,
        "Gross Profit": 65,
        "Operating Income": -52,
        "EBIT": -36,
        "Net Income": -40
    },
    "2020-01-31": {
        "Diluted EPS": -0.04,
        "Total Revenue": 502,
        "Gross Profit": 119,
        "Operating Income": -3,
        "EBIT": 13,
        "Net Income": -2
    },
    "2019-10-31": {
        "Diluted EPS": 0.74,
        "Total Revenue": 772,
        "Gross Profit": 187,
        "Operating Income": 56,
        "EBIT": 73,
        "Net Income": 36
    },
    "2019-07-31": {
        "Diluted EPS": -0.68,
        "Total Revenue": 320,
        "Gross Profit": 72,
        "Operating Income": -44,
        "EBIT": -27,
        "Net Income": -32
    },
    "2019-04-30": {
        "Diluted EPS": -0.97,
        "Total Revenue": 334,
        "Gross Profit": 117,
        "Operating Income": -60,
        "EBIT": -42,
        "Net Income": -46
    },
    "2019-01-31": {
        "Diluted EPS": 0.02,
        "Total Revenue": 548,
        "Gross Profit": 133,
        "Operating Income": 3,
        "EBIT": 20,
        "Net Income": 1
    },
    "2018-10-31": {
        "Diluted EPS": 1.25,
        "Total Revenue": 815,
        "Gross Profit": 211,
        "Operating Income": 78,
        "EBIT": 95,
        "Net Income": 60
    },
    "2018-07-31": {
        "Diluted EPS": -0.82,
        "Total Revenue": 337,
        "Gross Profit": 67,
        "Operating Income": -49,
        "EBIT": -32,
        "Net Income": -39
    },
    "2018-04-30": {
        "Diluted EPS": 0.36,
        "Total Revenue": 358,
        "Gross Profit": 128,
        "Operating Income": 5,
        "EBIT": 22,
        "Net Income": 17
    },
    "2018-01-31": {
        "Diluted EPS": -6.04,
        "Total Revenue": 603,
        "Gross Profit": 147,
        "Operating Income": -296,
        "EBIT": -278,
        "Net Income": -283
    },
    "2017-10-31": {
        "Diluted EPS": 1.03,
        "Total Revenue": 887,
        "Gross Profit": 217,
        "Operating Income": 83,
        "EBIT": 100,
        "Net Income": 48
    },
    "2017-07-31": {
        "Diluted EPS": -0.75,
        "Total Revenue": 356,
        "Gross Profit": 65,
        "Operating Income": -56,
        "EBIT": -40,
        "Net Income": -35
    },
    "2017-04-30": {
        "Diluted EPS": 0.0,
        "Total Revenue": 343,
        "Gross Profit": 124,
        "Operating Income": 4,
        "EBIT": 19,
        "Net Income": 0
    },
    "2017-01-31": {
        "Diluted EPS": 0.08,
        "Total Revenue": 522,
        "Gross Profit": 116,
        "Operating Income": 5,
        "EBIT": 19,
        "Net Income": 4
    },
    "2016-10-31": {
        "Diluted EPS": 0.63,
        "Total Revenue": 771,
        "Gross Profit": 172,
        "Operating Income": 57,
        "EBIT": 70,
        "Net Income": 29
    },
    "2016-07-31": {
        "Diluted EPS": -0.6,
        "Total Revenue": 239,
        "Gross Profit": 47,
        "Operating Income": -53,
        "EBIT": -40,
        "Net Income": -28
    },
    "2016-04-30": {
        "Diluted EPS": 0.03,
        "Total Revenue": 295,
        "Gross Profit": 107,
        "Operating Income": -4,
        "EBIT": 9,
        "Net Income": -3
    },
    "2016-01-31": {
        "Diluted EPS": -0.07,
        "Total Revenue": 518,
        "Gross Profit": 121,
        "Operating Income": -2,
        "EBIT": 11,
        "Net Income": -4
    },
    "2015-10-31": {
        "Diluted EPS": 0.69,
        "Total Revenue": 756,
        "Gross Profit": 175,
        "Operating Income": 60,
        "EBIT": 73,
        "Net Income": 33
    },
    "2015-07-31": {
        "Diluted EPS": -0.65,
        "Total Revenue": 239,
        "Gross Profit": 52,
        "Operating Income": -48,
        "EBIT": -35,
        "Net Income": -27
    },
    "2015-04-30": {
        "Diluted EPS": -0.01,
        "Total Revenue": 274,
        "Gross Profit": 101,
        "Operating Income": 0,
        "EBIT": 13,
        "Net Income": 0
    },
    "2015-01-31": {
        "Diluted EPS": 0.09,
        "Total Revenue": 522,
        "Gross Profit": 122,
        "Operating Income": 14,
        "EBIT": 27,
        "Net Income": 3
    },
    "2014-10-31": {
        "Diluted EPS": 0.95,
        "Total Revenue": 752,
        "Gross Profit": 174,
        "Operating Income": 65,
        "EBIT": 78,
        "Net Income": 36
    },
    "2014-07-31": {
        "Diluted EPS": -0.71,
        "Total Revenue": 226,
        "Gross Profit": 47,
        "Operating Income": -47,
        "EBIT": -34,
        "Net Income": -27
    },
    "2014-04-30": {
        "Diluted EPS": 0.0,
        "Total Revenue": NaN,
        "Gross Profit": NaN,
        "Operating Income": NaN,
        "EBIT": NaN,
        "Net Income": NaN
    },
    "2013-04-30": {
        "Diluted EPS": 0.0,
        "Total Revenue": NaN,
        "Gross Profit": NaN,
        "Operating Income": NaN,
        "EBIT": NaN,
        "Net Income": NaN
    },
    "2023-07-31": {
        "Tax Effect Of Unusual Items": NaN,
        "Tax Rate For Calcs": NaN,
        "Normalized EBITDA": NaN,
        "Total Unusual Items": NaN,
        "Total Unusual Items Excluding Goodwill": NaN,
        "Net Income From Continuing Operation Net Minority Interest": NaN,
        "Reconciled Depreciation": NaN,
        "Reconciled Cost Of Revenue": NaN,
        "EBITDA": NaN,
        "EBIT": NaN,
        "Net Interest Income": NaN,
        "Interest Expense": NaN,
        "Normalized Income": NaN,
        "Net Income From Continuing And Discontinued Operation": NaN,
        "Total Expenses": NaN,
        "Rent Expense Supplemental": NaN,
        "Total Operating Income As Reported": NaN,
        "Diluted Average Shares": 2415403.0,
        "Basic Average Shares": 2415403.0,
        "Diluted EPS": -20.922513,
        "Basic EPS": -20.922513,
        "Diluted NI Availto Com Stockholders": NaN,
        "Net Income Common Stockholders": NaN,
        "Net Income": NaN,
        "Net Income Including Noncontrolling Interests": NaN,
        "Net Income Discontinuous Operations": NaN,
        "Net Income Continuous Operations": NaN,
        "Tax Provision": NaN,
        "Pretax Income": NaN,
        "Other Income Expense": NaN,
        "Special Income Charges": NaN,
        "Other Special Charges": NaN,
        "Impairment Of Capital Assets": NaN,
        "Restructuring And Mergern Acquisition": NaN,
        "Net Non Operating Interest Income Expense": NaN,
        "Interest Expense Non Operating": NaN,
        "Operating Income": NaN,
        "Operating Expense": NaN,
        "Depreciation Amortization Depletion Income Statement": NaN,
        "Depreciation And Amortization In Income Statement": NaN,
        "Selling General And Administration": NaN,
        "Gross Profit": NaN,
        "Cost Of Revenue": NaN,
        "Total Revenue": NaN,
        "Operating Revenue": NaN
    },
    "2023-10-31": {
        "Tax Effect Of Unusual Items": -51288.0,
        "Tax Rate For Calcs": 0.012,
        "Normalized EBITDA": 50281000.0,
        "Total Unusual Items": -4274000.0,
        "Total Unusual Items Excluding Goodwill": -4274000.0,
        "Net Income From Continuing Operation Net Minority Interest": 24854000.0,
        "Reconciled Depreciation": 10175000.0,
        "Reconciled Cost Of Revenue": 474137000.0,
        "EBITDA": 46007000.0,
        "EBIT": 35832000.0,
        "Net Interest Income": -10664000.0,
        "Interest Expense": 10664000.0,
        "Normalized Income": 29076712.0,
        "Net Income From Continuing And Discontinued Operation": 24180000.0,
        "Total Expenses": 570273000.0,
        "Rent Expense Supplemental": 22184000.0,
        "Total Operating Income As Reported": 35832000.0,
        "Diluted Average Shares": 2425865.0,
        "Basic Average Shares": 2422240.0,
        "Diluted EPS": 10.025371,
        "Basic EPS": 10.025371,
        "Diluted NI Availto Com Stockholders": 24180000.0,
        "Net Income Common Stockholders": 24180000.0,
        "Net Income": 24180000.0,
        "Net Income Including Noncontrolling Interests": 24180000.0,
        "Net Income Discontinuous Operations": -674000.0,
        "Net Income Continuous Operations": 24854000.0,
        "Tax Provision": 314000.0,
        "Pretax Income": 25168000.0,
        "Other Income Expense": -4274000.0,
        "Special Income Charges": -4274000.0,
        "Other Special Charges": NaN,
        "Impairment Of Capital Assets": NaN,
        "Restructuring And Mergern Acquisition": 4274000.0,
        "Net Non Operating Interest Income Expense": -10664000.0,
        "Interest Expense Non Operating": 10664000.0,
        "Operating Income": 40106000.0,
        "Operating Expense": 96136000.0,
        "Depreciation Amortization Depletion Income Statement": 10175000.0,
        "Depreciation And Amortization In Income Statement": 10175000.0,
        "Selling General And Administration": 85961000.0,
        "Gross Profit": 136242000.0,
        "Cost Of Revenue": 474137000.0,
        "Total Revenue": 610379000.0,
        "Operating Revenue": 610379000.0
    },
    "2024-01-31": {
        "Tax Effect Of Unusual Items": -1934310.0,
        "Tax Rate For Calcs": 0.21,
        "Normalized EBITDA": 20280000.0,
        "Total Unusual Items": -9211000.0,
        "Total Unusual Items Excluding Goodwill": -9211000.0,
        "Net Income From Continuing Operation Net Minority Interest": -9928000.0,
        "Reconciled Depreciation": 10148000.0,
        "Reconciled Cost Of Revenue": 356637000.0,
        "EBITDA": 11069000.0,
        "EBIT": 921000.0,
        "Net Interest Income": -10620000.0,
        "Interest Expense": 10620000.0,
        "Normalized Income": -2651310.0,
        "Net Income From Continuing And Discontinued Operation": -9639000.0,
        "Total Expenses": 446541000.0,
        "Rent Expense Supplemental": 23909000.0,
        "Total Operating Income As Reported": 921000.0,
        "Diluted Average Shares": 2438850.0,
        "Basic Average Shares": 2438850.0,
        "Diluted EPS": -3.922971,
        "Basic EPS": -3.922971,
        "Diluted NI Availto Com Stockholders": -9639000.0,
        "Net Income Common Stockholders": -9639000.0,
        "Net Income": -9639000.0,
        "Net Income Including Noncontrolling Interests": -9639000.0,
        "Net Income Discontinuous Operations": 289000.0,
        "Net Income Continuous Operations": -9928000.0,
        "Tax Provision": 229000.0,
        "Pretax Income": -9699000.0,
        "Other Income Expense": -9211000.0,
        "Special Income Charges": -9211000.0,
        "Other Special Charges": NaN,
        "Impairment Of Capital Assets": 5798000.0,
        "Restructuring And Mergern Acquisition": 3413000.0,
        "Net Non Operating Interest Income Expense": -10620000.0,
        "Interest Expense Non Operating": 10620000.0,
        "Operating Income": 10132000.0,
        "Operating Expense": 89904000.0,
        "Depreciation Amortization Depletion Income Statement": 10148000.0,
        "Depreciation And Amortization In Income Statement": 10148000.0,
        "Selling General And Administration": 79756000.0,
        "Gross Profit": 100036000.0,
        "Cost Of Revenue": 356637000.0,
        "Total Revenue": 456673000.0,
        "Operating Revenue": 456673000.0
    },
    "2024-04-30": {
        "Tax Effect Of Unusual Items": -106226.129206,
        "Tax Rate For Calcs": 0.012561,
        "Normalized EBITDA": -10489000.0,
        "Total Unusual Items": -8457000.0,
        "Total Unusual Items Excluding Goodwill": -8457000.0,
        "Net Income From Continuing Operation Net Minority Interest": -27436000.0,
        "Reconciled Depreciation": 9984000.0,
        "Reconciled Cost Of Revenue": 166058000.0,
        "EBITDA": -18946000.0,
        "EBIT": -28930000.0,
        "Net Interest Income": -10827000.0,
        "Interest Expense": -1145000.0,
        "Normalized Income": -19085226.129206,
        "Net Income From Continuing And Discontinued Operation": -27364000.0,
        "Total Expenses": 244423000.0,
        "Rent Expense Supplemental": 22377000.0,
        "Total Operating Income As Reported": -16958000.0,
        "Diluted Average Shares": NaN,
        "Basic Average Shares": NaN,
        "Diluted EPS": NaN,
        "Basic EPS": NaN,
        "Diluted NI Availto Com Stockholders": -27364000.0,
        "Net Income Common Stockholders": -27364000.0,
        "Net Income": -27364000.0,
        "Net Income Including Noncontrolling Interests": -27364000.0,
        "Net Income Discontinuous Operations": 72000.0,
        "Net Income Continuous Operations": -27436000.0,
        "Tax Provision": -349000.0,
        "Pretax Income": -27785000.0,
        "Other Income Expense": -8457000.0,
        "Special Income Charges": -8457000.0,
        "Other Special Charges": NaN,
        "Impairment Of Capital Assets": 1368000.0,
        "Restructuring And Mergern Acquisition": 7089000.0,
        "Net Non Operating Interest Income Expense": -10827000.0,
        "Interest Expense Non Operating": -1145000.0,
        "Operating Income": -8501000.0,
        "Operating Expense": 78365000.0,
        "Depreciation Amortization Depletion Income Statement": 9984000.0,
        "Depreciation And Amortization In Income Statement": 9984000.0,
        "Selling General And Administration": 68381000.0,
        "Gross Profit": 69864000.0,
        "Cost Of Revenue": 166058000.0,
        "Total Revenue": 235922000.0,
        "Operating Revenue": 235922000.0
    },
    "2024-07-31": {
        "Tax Effect Of Unusual Items": -12358710.0,
        "Tax Rate For Calcs": 0.21,
        "Normalized EBITDA": -19817000.0,
        "Total Unusual Items": -58851000.0,
        "Total Unusual Items Excluding Goodwill": -58851000.0,
        "Net Income From Continuing Operation Net Minority Interest": -99479000.0,
        "Reconciled Depreciation": 13057000.0,
        "Reconciled Cost Of Revenue": 216225000.0,
        "EBITDA": -78668000.0,
        "EBIT": -91725000.0,
        "Net Interest Income": -7618000.0,
        "Interest Expense": 7618000.0,
        "Normalized Income": -52986710.0,
        "Net Income From Continuing And Discontinued Operation": -99479000.0,
        "Total Expenses": 296305000.0,
        "Rent Expense Supplemental": 6800000.0,
        "Total Operating Income As Reported": -91725000.0,
        "Diluted Average Shares": 13511000.0,
        "Basic Average Shares": 13511000.0,
        "Diluted EPS": -7.36,
        "Basic EPS": -7.36,
        "Diluted NI Availto Com Stockholders": -99479000.0,
        "Net Income Common Stockholders": -99479000.0,
        "Net Income": -99479000.0,
        "Net Income Including Noncontrolling Interests": -99479000.0,
        "Net Income Discontinuous Operations": 0.0,
        "Net Income Continuous Operations": -99479000.0,
        "Tax Provision": 136000.0,
        "Pretax Income": -99343000.0,
        "Other Income Expense": -58851000.0,
        "Special Income Charges": -58851000.0,
        "Other Special Charges": 55233000.0,
        "Impairment Of Capital Assets": NaN,
        "Restructuring And Mergern Acquisition": 3618000.0,
        "Net Non Operating Interest Income Expense": -7618000.0,
        "Interest Expense Non Operating": 7618000.0,
        "Operating Income": -32874000.0,
        "Operating Expense": 80080000.0,
        "Depreciation Amortization Depletion Income Statement": 13057000.0,
        "Depreciation And Amortization In Income Statement": 13057000.0,
        "Selling General And Administration": 67023000.0,
        "Gross Profit": 47206000.0,
        "Cost Of Revenue": 216225000.0,
        "Total Revenue": 263431000.0,
        "Operating Revenue": 263431000.0
    },
    "2024-10-31": {
        "Tax Effect Of Unusual Items": 3300.0,
        "Tax Rate For Calcs": 0.022,
        "Normalized EBITDA": 64703000.0,
        "Total Unusual Items": 150000.0,
        "Total Unusual Items Excluding Goodwill": 150000.0,
        "Net Income From Continuing Operation Net Minority Interest": 49735000.0,
        "Reconciled Depreciation": 8530000.0,
        "Reconciled Cost Of Revenue": 464479000.0,
        "EBITDA": 64853000.0,
        "EBIT": 56323000.0,
        "Net Interest Income": -5463000.0,
        "Interest Expense": 5463000.0,
        "Normalized Income": 49588300.0,
        "Net Income From Continuing And Discontinued Operation": 49735000.0,
        "Total Expenses": 545949000.0,
        "Rent Expense Supplemental": 22387000.0,
        "Total Operating Income As Reported": 56323000.0,
        "Diluted Average Shares": 1217842.0,
        "Basic Average Shares": 1217154.0,
        "Diluted EPS": 40.755311,
        "Basic EPS": 40.755311,
        "Diluted NI Availto Com Stockholders": 49735000.0,
        "Net Income Common Stockholders": 49735000.0,
        "Net Income": 49735000.0,
        "Net Income Including Noncontrolling Interests": 49735000.0,
        "Net Income Discontinuous Operations": 0.0,
        "Net Income Continuous Operations": 49735000.0,
        "Tax Provision": 1125000.0,
        "Pretax Income": 50860000.0,
        "Other Income Expense": 150000.0,
        "Special Income Charges": 150000.0,
        "Other Special Charges": NaN,
        "Impairment Of Capital Assets": NaN,
        "Restructuring And Mergern Acquisition": -150000.0,
        "Net Non Operating Interest Income Expense": -5463000.0,
        "Interest Expense Non Operating": 5463000.0,
        "Operating Income": 56173000.0,
        "Operating Expense": 81470000.0,
        "Depreciation Amortization Depletion Income Statement": 8530000.0,
        "Depreciation And Amortization In Income Statement": 8530000.0,
        "Selling General And Administration": 72940000.0,
        "Gross Profit": 137643000.0,
        "Cost Of Revenue": 464479000.0,
        "Total Revenue": 602122000.0,
        "Operating Revenue": 602122000.0
    }
}