{
    "2023-03-31": {
        "Tax Effect Of Unusual Items": NaN,
        "Tax Rate For Calcs": NaN,
        "Normalized EBITDA": NaN,
        "Total Unusual Items": NaN,
        "Total Unusual Items Excluding Goodwill": NaN,
        "Net Income From Continuing Operation Net Minority Interest": NaN,
        "Reconciled Cost Of Revenue": NaN,
        "EBITDA": NaN,
        "EBIT": NaN,
        "Net Interest Income": NaN,
        "Interest Expense": 0.0,
        "Interest Income": NaN,
        "Normalized Income": NaN,
        "Net Income From Continuing And Discontinued Operation": NaN,
        "Total Expenses": NaN,
        "Total Operating Income As Reported": NaN,
        "Diluted Average Shares": NaN,
        "Basic Average Shares": NaN,
        "Diluted EPS": NaN,
        "Basic EPS": NaN,
        "Diluted NI Availto Com Stockholders": NaN,
        "Net Income Common Stockholders": NaN,
        "Net Income": NaN,
        "Net Income Including Noncontrolling Interests": NaN,
        "Net Income Continuous Operations": NaN,
        "Tax Provision": NaN,
        "Pretax Income": NaN,
        "Other Income Expense": NaN,
        "Other Non Operating Income Expenses": NaN,
        "Gain On Sale Of Security": NaN,
        "Net Non Operating Interest Income Expense": NaN,
        "Interest Expense Non Operating": 0.0,
        "Interest Income Non Operating": NaN,
        "Operating Income": NaN,
        "Operating Expense": NaN,
        "Research And Development": NaN,
        "Selling General And Administration": NaN,
        "Selling And Marketing Expense": NaN,
        "General And Administrative Expense": NaN,
        "Other Gand A": NaN,
        "Gross Profit": NaN,
        "Cost Of Revenue": NaN,
        "Total Revenue": NaN,
        "Operating Revenue": NaN
    },
    "2022-12-31": {
        "Tax Effect Of Unusual Items": NaN,
        "Tax Rate For Calcs": NaN,
        "Normalized EBITDA": NaN,
        "Total Unusual Items": NaN,
        "Total Unusual Items Excluding Goodwill": NaN,
        "Net Income From Continuing Operation Net Minority Interest": NaN,
        "Reconciled Cost Of Revenue": NaN,
        "EBITDA": NaN,
        "EBIT": NaN,
        "Net Interest Income": NaN,
        "Interest Expense": 0.0,
        "Interest Income": NaN,
        "Normalized Income": NaN,
        "Net Income From Continuing And Discontinued Operation": NaN,
        "Total Expenses": NaN,
        "Total Operating Income As Reported": NaN,
        "Diluted Average Shares": NaN,
        "Basic Average Shares": NaN,
        "Diluted EPS": NaN,
        "Basic EPS": NaN,
        "Diluted NI Availto Com Stockholders": NaN,
        "Net Income Common Stockholders": NaN,
        "Net Income": NaN,
        "Net Income Including Noncontrolling Interests": NaN,
        "Net Income Continuous Operations": NaN,
        "Tax Provision": NaN,
        "Pretax Income": NaN,
        "Other Income Expense": NaN,
        "Other Non Operating Income Expenses": NaN,
        "Gain On Sale Of Security": NaN,
        "Net Non Operating Interest Income Expense": NaN,
        "Interest Expense Non Operating": 0.0,
        "Interest Income Non Operating": NaN,
        "Operating Income": NaN,
        "Operating Expense": NaN,
        "Research And Development": NaN,
        "Selling General And Administration": NaN,
        "Selling And Marketing Expense": NaN,
        "General And Administrative Expense": NaN,
        "Other Gand A": NaN,
        "Gross Profit": NaN,
        "Cost Of Revenue": NaN,
        "Total Revenue": NaN,
        "Operating Revenue": NaN
    },
    "2022-09-30": {
        "Tax Effect Of Unusual Items": 0.0,
        "Tax Rate For Calcs": 0.0,
        "Normalized EBITDA": -235981000.0,
        "Total Unusual Items": 1337000.0,
        "Total Unusual Items Excluding Goodwill": 1337000.0,
        "Net Income From Continuing Operation Net Minority Interest": -231483000.0,
        "Reconciled Cost Of Revenue": 46037000.0,
        "EBITDA": -234644000.0,
        "EBIT": -234644000.0,
        "Net Interest Income": 2013000.0,
        "Interest Expense": NaN,
        "Interest Income": 2013000.0,
        "Normalized Income": -232820000.0,
        "Net Income From Continuing And Discontinued Operation": -231483000.0,
        "Total Expenses": 389275000.0,
        "Total Operating Income As Reported": -234644000.0,
        "Diluted Average Shares": 103910170.0,
        "Basic Average Shares": 103910170.0,
        "Diluted EPS": -2.23,
        "Basic EPS": -2.23,
        "Diluted NI Availto Com Stockholders": -231483000.0,
        "Net Income Common Stockholders": -231483000.0,
        "Net Income": -231483000.0,
        "Net Income Including Noncontrolling Interests": -231483000.0,
        "Net Income Continuous Operations": -231483000.0,
        "Tax Provision": 0.0,
        "Pretax Income": -231483000.0,
        "Other Income Expense": 1148000.0,
        "Other Non Operating Income Expenses": -189000.0,
        "Gain On Sale Of Security": 1337000.0,
        "Net Non Operating Interest Income Expense": 2013000.0,
        "Interest Expense Non Operating": NaN,
        "Interest Income Non Operating": 2013000.0,
        "Operating Income": -234644000.0,
        "Operating Expense": 343238000.0,
        "Research And Development": 109433000.0,
        "Selling General And Administration": 233805000.0,
        "Selling And Marketing Expense": 90275000.0,
        "General And Administrative Expense": 143530000.0,
        "Other Gand A": 143530000.0,
        "Gross Profit": 108594000.0,
        "Cost Of Revenue": 46037000.0,
        "Total Revenue": 154631000.0,
        "Operating Revenue": 154631000.0
    },
    "2022-06-30": {
        "Tax Effect Of Unusual Items": 249600.0,
        "Tax Rate For Calcs": 0.4,
        "Normalized EBITDA": -262648000.0,
        "Total Unusual Items": 624000.0,
        "Total Unusual Items Excluding Goodwill": 624000.0,
        "Net Income From Continuing Operation Net Minority Interest": -262137000.0,
        "Reconciled Cost Of Revenue": 48244000.0,
        "EBITDA": -262024000.0,
        "EBIT": -262024000.0,
        "Net Interest Income": 2656000.0,
        "Interest Expense": 29000.0,
        "Interest Income": 2685000.0,
        "Normalized Income": -262511400.0,
        "Net Income From Continuing And Discontinued Operation": -262137000.0,
        "Total Expenses": 396306000.0,
        "Total Operating Income As Reported": -265460000.0,
        "Diluted Average Shares": 104857387.0,
        "Basic Average Shares": 104857387.0,
        "Diluted EPS": -2.5,
        "Basic EPS": -2.5,
        "Diluted NI Availto Com Stockholders": -262137000.0,
        "Net Income Common Stockholders": -262137000.0,
        "Net Income": -262137000.0,
        "Net Income Including Noncontrolling Interests": -262137000.0,
        "Net Income Continuous Operations": -262137000.0,
        "Tax Provision": 84000.0,
        "Pretax Income": -262053000.0,
        "Other Income Expense": 751000.0,
        "Other Non Operating Income Expenses": 127000.0,
        "Gain On Sale Of Security": 624000.0,
        "Net Non Operating Interest Income Expense": 2656000.0,
        "Interest Expense Non Operating": 29000.0,
        "Interest Income Non Operating": 2685000.0,
        "Operating Income": -265460000.0,
        "Operating Expense": 348062000.0,
        "Research And Development": 92112000.0,
        "Selling General And Administration": 255950000.0,
        "Selling And Marketing Expense": 105634000.0,
        "General And Administrative Expense": 150316000.0,
        "Other Gand A": 150316000.0,
        "Gross Profit": 82602000.0,
        "Cost Of Revenue": 48244000.0,
        "Total Revenue": 130846000.0,
        "Operating Revenue": 130846000.0
    },
    "2022-03-31": {
        "Diluted EPS": -0.39,
        "Total Revenue": 21,
        "Gross Profit": 14,
        "Operating Income": -41,
        "EBIT": -41,
        "Net Income": -41
    },
    "2021-12-31": {
        "Diluted EPS": -0.4,
        "Total Revenue": 24,
        "Gross Profit": 17,
        "Operating Income": -41,
        "EBIT": -41,
        "Net Income": -41
    },
    "2021-09-30": {
        "Diluted EPS": -0.25,
        "Total Revenue": 20,
        "Gross Profit": 14,
        "Operating Income": -27,
        "EBIT": -27,
        "Net Income": -26
    },
    "2021-06-30": {
        "Diluted EPS": -0.3,
        "Total Revenue": 20,
        "Gross Profit": 14,
        "Operating Income": -31,
        "EBIT": -31,
        "Net Income": -32
    },
    "2021-03-31": {
        "Diluted EPS": -0.25,
        "Total Revenue": 16,
        "Gross Profit": 12,
        "Operating Income": -26,
        "EBIT": -26,
        "Net Income": -26
    },
    "2020-12-31": {
        "Diluted EPS": 0.0,
        "Total Revenue": NaN,
        "Gross Profit": NaN,
        "Operating Income": NaN,
        "EBIT": NaN,
        "Net Income": NaN
    },
    "2020-09-30": {
        "Diluted EPS": -0.18,
        "Total Revenue": 18,
        "Gross Profit": 13,
        "Operating Income": -18,
        "EBIT": -18,
        "Net Income": -19
    },
    "2020-06-30": {
        "Diluted EPS": -0.38,
        "Total Revenue": 15,
        "Gross Profit": 15,
        "Operating Income": 15,
        "EBIT": 15,
        "Net Income": -10
    },
    "2023-06-30": {
        "Tax Effect Of Unusual Items": NaN,
        "Tax Rate For Calcs": NaN,
        "Normalized EBITDA": NaN,
        "Total Unusual Items": NaN,
        "Total Unusual Items Excluding Goodwill": NaN,
        "Net Income From Continuing Operation Net Minority Interest": NaN,
        "Reconciled Cost Of Revenue": NaN,
        "EBITDA": NaN,
        "EBIT": NaN,
        "Net Interest Income": NaN,
        "Interest Expense": 0.0,
        "Interest Income": NaN,
        "Normalized Income": NaN,
        "Net Income From Continuing And Discontinued Operation": NaN,
        "Total Expenses": NaN,
        "Total Operating Income As Reported": NaN,
        "Diluted Average Shares": NaN,
        "Basic Average Shares": NaN,
        "Diluted EPS": NaN,
        "Basic EPS": NaN,
        "Diluted NI Availto Com Stockholders": NaN,
        "Net Income Common Stockholders": NaN,
        "Net Income": NaN,
        "Net Income Including Noncontrolling Interests": NaN,
        "Net Income Continuous Operations": NaN,
        "Tax Provision": NaN,
        "Pretax Income": NaN,
        "Other Income Expense": NaN,
        "Other Non Operating Income Expenses": NaN,
        "Gain On Sale Of Security": NaN,
        "Net Non Operating Interest Income Expense": NaN,
        "Interest Expense Non Operating": 0.0,
        "Interest Income Non Operating": NaN,
        "Operating Income": NaN,
        "Operating Expense": NaN,
        "Research And Development": NaN,
        "Selling General And Administration": NaN,
        "Selling And Marketing Expense": NaN,
        "General And Administrative Expense": NaN,
        "Other Gand A": NaN,
        "Gross Profit": NaN,
        "Cost Of Revenue": NaN,
        "Total Revenue": NaN,
        "Operating Revenue": NaN
    },
    "2023-09-30": {
        "Tax Effect Of Unusual Items": 105750.0,
        "Tax Rate For Calcs": 0.25,
        "Normalized EBITDA": -179238000.0,
        "Total Unusual Items": 423000.0,
        "Total Unusual Items Excluding Goodwill": 423000.0,
        "Net Income From Continuing Operation Net Minority Interest": -174981000.0,
        "Reconciled Cost Of Revenue": 41646000.0,
        "EBITDA": -178815000.0,
        "EBIT": -178815000.0,
        "Net Interest Income": 4018000.0,
        "Interest Expense": NaN,
        "Interest Income": 4018000.0,
        "Normalized Income": -175298250.0,
        "Net Income From Continuing And Discontinued Operation": -174981000.0,
        "Total Expenses": 306381000.0,
        "Total Operating Income As Reported": -178815000.0,
        "Diluted Average Shares": 10232572.0,
        "Basic Average Shares": 10232572.0,
        "Diluted EPS": -17.1,
        "Basic EPS": -17.1,
        "Diluted NI Availto Com Stockholders": -174981000.0,
        "Net Income Common Stockholders": -174981000.0,
        "Net Income": -174981000.0,
        "Net Income Including Noncontrolling Interests": -174981000.0,
        "Net Income Continuous Operations": -174981000.0,
        "Tax Provision": 450000.0,
        "Pretax Income": -174531000.0,
        "Other Income Expense": 266000.0,
        "Other Non Operating Income Expenses": -157000.0,
        "Gain On Sale Of Security": 423000.0,
        "Net Non Operating Interest Income Expense": 4018000.0,
        "Interest Expense Non Operating": NaN,
        "Interest Income Non Operating": 4018000.0,
        "Operating Income": -178815000.0,
        "Operating Expense": 264735000.0,
        "Research And Development": 83701000.0,
        "Selling General And Administration": 181034000.0,
        "Selling And Marketing Expense": 62310000.0,
        "General And Administrative Expense": 118724000.0,
        "Other Gand A": 118724000.0,
        "Gross Profit": 85920000.0,
        "Cost Of Revenue": 41646000.0,
        "Total Revenue": 127566000.0,
        "Operating Revenue": 127566000.0
    },
    "2023-12-31": {
        "Tax Effect Of Unusual Items": -129250.0,
        "Tax Rate For Calcs": 0.25,
        "Normalized EBITDA": -147787000.0,
        "Total Unusual Items": -517000.0,
        "Total Unusual Items Excluding Goodwill": -517000.0,
        "Net Income From Continuing Operation Net Minority Interest": -162213000.0,
        "Reconciled Cost Of Revenue": 42972000.0,
        "EBITDA": -148304000.0,
        "EBIT": -148304000.0,
        "Net Interest Income": 5539000.0,
        "Interest Expense": NaN,
        "Interest Income": 5539000.0,
        "Normalized Income": -161825250.0,
        "Net Income From Continuing And Discontinued Operation": -162213000.0,
        "Total Expenses": 287409000.0,
        "Total Operating Income As Reported": -166324000.0,
        "Diluted Average Shares": 10239621.0,
        "Basic Average Shares": 10239621.0,
        "Diluted EPS": -15.8,
        "Basic EPS": -15.8,
        "Diluted NI Availto Com Stockholders": -162213000.0,
        "Net Income Common Stockholders": -162213000.0,
        "Net Income": -162213000.0,
        "Net Income Including Noncontrolling Interests": -162213000.0,
        "Net Income Continuous Operations": -162213000.0,
        "Tax Provision": 1071000.0,
        "Pretax Income": -161142000.0,
        "Other Income Expense": -357000.0,
        "Other Non Operating Income Expenses": 160000.0,
        "Gain On Sale Of Security": -517000.0,
        "Net Non Operating Interest Income Expense": 5539000.0,
        "Interest Expense Non Operating": NaN,
        "Interest Income Non Operating": 5539000.0,
        "Operating Income": -166324000.0,
        "Operating Expense": 244437000.0,
        "Research And Development": 73119000.0,
        "Selling General And Administration": 171318000.0,
        "Selling And Marketing Expense": 49785000.0,
        "General And Administrative Expense": 121533000.0,
        "Other Gand A": 121533000.0,
        "Gross Profit": 78113000.0,
        "Cost Of Revenue": 42972000.0,
        "Total Revenue": 121085000.0,
        "Operating Revenue": 121085000.0
    },
    "2024-03-31": {
        "Tax Effect Of Unusual Items": -3250.0,
        "Tax Rate For Calcs": 0.25,
        "Normalized EBITDA": -125815000.0,
        "Total Unusual Items": -13000.0,
        "Total Unusual Items Excluding Goodwill": -13000.0,
        "Net Income From Continuing Operation Net Minority Interest": -121549000.0,
        "Reconciled Cost Of Revenue": 39929000.0,
        "EBITDA": -125828000.0,
        "EBIT": -125828000.0,
        "Net Interest Income": 4038000.0,
        "Interest Expense": NaN,
        "Interest Income": 4038000.0,
        "Normalized Income": -121539250.0,
        "Net Income From Continuing And Discontinued Operation": -121549000.0,
        "Total Expenses": 251451000.0,
        "Total Operating Income As Reported": -125828000.0,
        "Diluted Average Shares": 10254404.0,
        "Basic Average Shares": 10254404.0,
        "Diluted EPS": -11.9,
        "Basic EPS": -11.9,
        "Diluted NI Availto Com Stockholders": -121549000.0,
        "Net Income Common Stockholders": -121549000.0,
        "Net Income": -121549000.0,
        "Net Income Including Noncontrolling Interests": -121549000.0,
        "Net Income Continuous Operations": -121549000.0,
        "Tax Provision": 180000.0,
        "Pretax Income": -121369000.0,
        "Other Income Expense": 421000.0,
        "Other Non Operating Income Expenses": 434000.0,
        "Gain On Sale Of Security": -13000.0,
        "Net Non Operating Interest Income Expense": 4038000.0,
        "Interest Expense Non Operating": NaN,
        "Interest Income Non Operating": 4038000.0,
        "Operating Income": -125828000.0,
        "Operating Expense": 211522000.0,
        "Research And Development": 65985000.0,
        "Selling General And Administration": 145537000.0,
        "Selling And Marketing Expense": 46856000.0,
        "General And Administrative Expense": 98681000.0,
        "Other Gand A": 98681000.0,
        "Gross Profit": 85694000.0,
        "Cost Of Revenue": 39929000.0,
        "Total Revenue": 125623000.0,
        "Operating Revenue": 125623000.0
    },
    "2024-06-30": {
        "Tax Effect Of Unusual Items": 65500.0,
        "Tax Rate For Calcs": 0.25,
        "Normalized EBITDA": -111477000.0,
        "Total Unusual Items": 262000.0,
        "Total Unusual Items Excluding Goodwill": 262000.0,
        "Net Income From Continuing Operation Net Minority Interest": -108038000.0,
        "Reconciled Cost Of Revenue": 40095000.0,
        "EBITDA": -111215000.0,
        "EBIT": -111215000.0,
        "Net Interest Income": 3187000.0,
        "Interest Expense": NaN,
        "Interest Income": 3187000.0,
        "Normalized Income": -108234500.0,
        "Net Income From Continuing And Discontinued Operation": -108038000.0,
        "Total Expenses": 246748000.0,
        "Total Operating Income As Reported": -111215000.0,
        "Diluted Average Shares": 10259671.0,
        "Basic Average Shares": 10259671.0,
        "Diluted EPS": -10.5,
        "Basic EPS": -10.5,
        "Diluted NI Availto Com Stockholders": -108038000.0,
        "Net Income Common Stockholders": -108038000.0,
        "Net Income": -108038000.0,
        "Net Income Including Noncontrolling Interests": -108038000.0,
        "Net Income Continuous Operations": -108038000.0,
        "Tax Provision": 190000.0,
        "Pretax Income": -107848000.0,
        "Other Income Expense": 180000.0,
        "Other Non Operating Income Expenses": -82000.0,
        "Gain On Sale Of Security": 262000.0,
        "Net Non Operating Interest Income Expense": 3187000.0,
        "Interest Expense Non Operating": NaN,
        "Interest Income Non Operating": 3187000.0,
        "Operating Income": -111215000.0,
        "Operating Expense": 206653000.0,
        "Research And Development": 64952000.0,
        "Selling General And Administration": 141701000.0,
        "Selling And Marketing Expense": 48907000.0,
        "General And Administrative Expense": 92794000.0,
        "Other Gand A": 92794000.0,
        "Gross Profit": 95438000.0,
        "Cost Of Revenue": 40095000.0,
        "Total Revenue": 135533000.0,
        "Operating Revenue": 135533000.0
    },
    "2024-09-30": {
        "Tax Effect Of Unusual Items": -32250.0,
        "Tax Rate For Calcs": 0.25,
        "Normalized EBITDA": -38460000.0,
        "Total Unusual Items": -129000.0,
        "Total Unusual Items Excluding Goodwill": -129000.0,
        "Net Income From Continuing Operation Net Minority Interest": -35745000.0,
        "Reconciled Cost Of Revenue": 36798000.0,
        "EBITDA": -38589000.0,
        "EBIT": -38589000.0,
        "Net Interest Income": 3173000.0,
        "Interest Expense": NaN,
        "Interest Income": 3173000.0,
        "Normalized Income": -35648250.0,
        "Net Income From Continuing And Discontinued Operation": -35745000.0,
        "Total Expenses": 167233000.0,
        "Total Operating Income As Reported": -38589000.0,
        "Diluted Average Shares": 10322752.0,
        "Basic Average Shares": 10322752.0,
        "Diluted EPS": -3.5,
        "Basic EPS": -3.5,
        "Diluted NI Availto Com Stockholders": -35745000.0,
        "Net Income Common Stockholders": -35745000.0,
        "Net Income": -35745000.0,
        "Net Income Including Noncontrolling Interests": -35745000.0,
        "Net Income Continuous Operations": -35745000.0,
        "Tax Provision": 201000.0,
        "Pretax Income": -35544000.0,
        "Other Income Expense": -128000.0,
        "Other Non Operating Income Expenses": 1000.0,
        "Gain On Sale Of Security": -129000.0,
        "Net Non Operating Interest Income Expense": 3173000.0,
        "Interest Expense Non Operating": NaN,
        "Interest Income Non Operating": 3173000.0,
        "Operating Income": -38589000.0,
        "Operating Expense": 130435000.0,
        "Research And Development": 49150000.0,
        "Selling General And Administration": 81285000.0,
        "Selling And Marketing Expense": 48411000.0,
        "General And Administrative Expense": 32874000.0,
        "Other Gand A": 32874000.0,
        "Gross Profit": 91846000.0,
        "Cost Of Revenue": 36798000.0,
        "Total Revenue": 128644000.0,
        "Operating Revenue": 128644000.0
    }
}