{
    "2024-06-30": {
        "Tax Effect Of Unusual Items": 0.0,
        "Tax Rate For Calcs": 0.15,
        "Net Income From Continuing Operation Net Minority Interest": 264000000.0,
        "Reconciled Depreciation": NaN,
        "EBIT": 488000000.0,
        "Net Interest Income": -517000000.0,
        "Interest Expense": 517000000.0,
        "Normalized Income": 264000000.0,
        "Net Income From Continuing And Discontinued Operation": 264000000.0,
        "Total Expenses": 2944000000.0,
        "Diluted Average Shares": 172052932.0,
        "Basic Average Shares": 172052932.0,
        "Diluted EPS": 1.371671,
        "Basic EPS": 1.371671,
        "Diluted NI Availto Com Stockholders": 236000000.0,
        "Net Income Common Stockholders": 236000000.0,
        "Otherunder Preferred Stock Dividend": NaN,
        "Preferred Stock Dividends": 28000000.0,
        "Net Income": 264000000.0,
        "Minority Interests": -5000000.0,
        "Net Income Including Noncontrolling Interests": 269000000.0,
        "Net Income Continuous Operations": 269000000.0,
        "Tax Provision": -298000000.0,
        "Pretax Income": -29000000.0,
        "Other Income Expense": 200000000.0,
        "Net Non Operating Interest Income Expense": -517000000.0,
        "Interest Expense Non Operating": 517000000.0,
        "Other Operating Expenses": 461000000.0,
        "Total Revenue": 2915000000.0,
        "Operating Revenue": 2915000000.0,
        "Loss Adjustment Expense": 1690000000.0,
        "Net Policyholder Benefits And Claims": 1690000000.0
    },
    "2024-03-31": {
        "Tax Effect Of Unusual Items": 0.0,
        "Tax Rate For Calcs": 0.069061,
        "Net Income From Continuing Operation Net Minority Interest": 335000000.0,
        "Reconciled Depreciation": NaN,
        "EBIT": 676000000.0,
        "Net Interest Income": -314000000.0,
        "Interest Expense": 314000000.0,
        "Normalized Income": 335000000.0,
        "Net Income From Continuing And Discontinued Operation": 335000000.0,
        "Total Expenses": 2224000000.0,
        "Diluted Average Shares": 145466310.0,
        "Basic Average Shares": 145466310.0,
        "Diluted EPS": 2.302939,
        "Basic EPS": 2.302939,
        "Diluted NI Availto Com Stockholders": 335000000.0,
        "Net Income Common Stockholders": 335000000.0,
        "Otherunder Preferred Stock Dividend": NaN,
        "Preferred Stock Dividends": NaN,
        "Net Income": 335000000.0,
        "Minority Interests": -2000000.0,
        "Net Income Including Noncontrolling Interests": 337000000.0,
        "Net Income Continuous Operations": 337000000.0,
        "Tax Provision": 25000000.0,
        "Pretax Income": 362000000.0,
        "Other Income Expense": NaN,
        "Net Non Operating Interest Income Expense": -314000000.0,
        "Interest Expense Non Operating": 314000000.0,
        "Other Operating Expenses": 295000000.0,
        "Total Revenue": 2586000000.0,
        "Operating Revenue": 2586000000.0,
        "Loss Adjustment Expense": 1464000000.0,
        "Net Policyholder Benefits And Claims": 1464000000.0
    },
    "2023-12-31": {
        "Tax Effect Of Unusual Items": 0.0,
        "Tax Rate For Calcs": 0.052301,
        "Net Income From Continuing Operation Net Minority Interest": 455000000.0,
        "Reconciled Depreciation": 22000000.0,
        "EBIT": 796000000.0,
        "Net Interest Income": -318000000.0,
        "Interest Expense": 318000000.0,
        "Normalized Income": 455000000.0,
        "Net Income From Continuing And Discontinued Operation": 455000000.0,
        "Total Expenses": 1849000000.0,
        "Diluted Average Shares": 145466310.0,
        "Basic Average Shares": 145466310.0,
        "Diluted EPS": 3.127872,
        "Basic EPS": 3.127872,
        "Diluted NI Availto Com Stockholders": 422000000.0,
        "Net Income Common Stockholders": 422000000.0,
        "Otherunder Preferred Stock Dividend": 2000000.0,
        "Preferred Stock Dividends": 31000000.0,
        "Net Income": 455000000.0,
        "Minority Interests": 2000000.0,
        "Net Income Including Noncontrolling Interests": 453000000.0,
        "Net Income Continuous Operations": 453000000.0,
        "Tax Provision": 25000000.0,
        "Pretax Income": 478000000.0,
        "Other Income Expense": 107000000.0,
        "Net Non Operating Interest Income Expense": -318000000.0,
        "Interest Expense Non Operating": 318000000.0,
        "Other Operating Expenses": 248000000.0,
        "Total Revenue": 2327000000.0,
        "Operating Revenue": 2327000000.0,
        "Loss Adjustment Expense": 1111000000.0,
        "Net Policyholder Benefits And Claims": 1111000000.0
    },
    "2023-09-30": {
        "Tax Effect Of Unusual Items": 0.0,
        "Tax Rate For Calcs": 0.4,
        "Net Income From Continuing Operation Net Minority Interest": 76000000.0,
        "Reconciled Depreciation": 11000000.0,
        "EBIT": 217000000.0,
        "Net Interest Income": -150000000.0,
        "Interest Expense": 150000000.0,
        "Normalized Income": 76000000.0,
        "Net Income From Continuing And Discontinued Operation": 76000000.0,
        "Total Expenses": 1467000000.0,
        "Diluted Average Shares": 71685838.0,
        "Basic Average Shares": 71685838.0,
        "Diluted EPS": 0.65,
        "Basic EPS": 0.65,
        "Diluted NI Availto Com Stockholders": 48000000.0,
        "Net Income Common Stockholders": 48000000.0,
        "Otherunder Preferred Stock Dividend": 1000000.0,
        "Preferred Stock Dividends": 28000000.0,
        "Net Income": 76000000.0,
        "Minority Interests": -1000000.0,
        "Net Income Including Noncontrolling Interests": 77000000.0,
        "Net Income Continuous Operations": 77000000.0,
        "Tax Provision": -10000000.0,
        "Pretax Income": 67000000.0,
        "Other Income Expense": 106000000.0,
        "Net Non Operating Interest Income Expense": -150000000.0,
        "Interest Expense Non Operating": 150000000.0,
        "Other Operating Expenses": 218000000.0,
        "Total Revenue": 1534000000.0,
        "Operating Revenue": 1534000000.0,
        "Loss Adjustment Expense": 979000000.0,
        "Net Policyholder Benefits And Claims": 979000000.0
    },
    "2023-06-30": {
        "Tax Effect Of Unusual Items": NaN,
        "Tax Rate For Calcs": NaN,
        "Net Income From Continuing Operation Net Minority Interest": NaN,
        "Reconciled Depreciation": 32000000.0,
        "EBIT": NaN,
        "Net Interest Income": NaN,
        "Interest Expense": NaN,
        "Normalized Income": NaN,
        "Net Income From Continuing And Discontinued Operation": NaN,
        "Total Expenses": NaN,
        "Diluted Average Shares": NaN,
        "Basic Average Shares": NaN,
        "Diluted EPS": NaN,
        "Basic EPS": NaN,
        "Diluted NI Availto Com Stockholders": NaN,
        "Net Income Common Stockholders": NaN,
        "Otherunder Preferred Stock Dividend": 1000000.0,
        "Preferred Stock Dividends": 28000000.0,
        "Net Income": NaN,
        "Minority Interests": NaN,
        "Net Income Including Noncontrolling Interests": NaN,
        "Net Income Continuous Operations": NaN,
        "Tax Provision": NaN,
        "Pretax Income": NaN,
        "Other Income Expense": 103000000.0,
        "Net Non Operating Interest Income Expense": NaN,
        "Interest Expense Non Operating": NaN,
        "Other Operating Expenses": NaN,
        "Total Revenue": NaN,
        "Operating Revenue": NaN,
        "Loss Adjustment Expense": NaN,
        "Net Policyholder Benefits And Claims": NaN
    },
    "2023-03-31": {
        "Tax Effect Of Unusual Items": NaN,
        "Tax Rate For Calcs": NaN,
        "Net Income From Continuing Operation Net Minority Interest": NaN,
        "Reconciled Depreciation": -15000000.0,
        "EBIT": NaN,
        "Net Interest Income": NaN,
        "Interest Expense": NaN,
        "Normalized Income": NaN,
        "Net Income From Continuing And Discontinued Operation": NaN,
        "Total Expenses": NaN,
        "Diluted Average Shares": NaN,
        "Basic Average Shares": NaN,
        "Diluted EPS": NaN,
        "Basic EPS": NaN,
        "Diluted NI Availto Com Stockholders": NaN,
        "Net Income Common Stockholders": NaN,
        "Otherunder Preferred Stock Dividend": NaN,
        "Preferred Stock Dividends": NaN,
        "Net Income": NaN,
        "Minority Interests": NaN,
        "Net Income Including Noncontrolling Interests": NaN,
        "Net Income Continuous Operations": NaN,
        "Tax Provision": NaN,
        "Pretax Income": NaN,
        "Other Income Expense": NaN,
        "Net Non Operating Interest Income Expense": NaN,
        "Interest Expense Non Operating": NaN,
        "Other Operating Expenses": NaN,
        "Total Revenue": NaN,
        "Operating Revenue": NaN,
        "Loss Adjustment Expense": NaN,
        "Net Policyholder Benefits And Claims": NaN,
        "Policyholder Benefits Gross": 854000000.0,
        "Policyholder Benefits Ceded": 98000000.0
    },
    "2022-12-31": {
        "Tax Effect Of Unusual Items": NaN,
        "Tax Rate For Calcs": NaN,
        "Net Income From Continuing Operation Net Minority Interest": NaN,
        "Reconciled Depreciation": -2000000.0,
        "EBIT": NaN,
        "Net Interest Income": NaN,
        "Interest Expense": NaN,
        "Normalized Income": NaN,
        "Net Income From Continuing And Discontinued Operation": NaN,
        "Total Expenses": NaN,
        "Diluted Average Shares": NaN,
        "Basic Average Shares": NaN,
        "Diluted EPS": NaN,
        "Basic EPS": NaN,
        "Diluted NI Availto Com Stockholders": NaN,
        "Net Income Common Stockholders": NaN,
        "Otherunder Preferred Stock Dividend": NaN,
        "Preferred Stock Dividends": NaN,
        "Net Income": NaN,
        "Minority Interests": NaN,
        "Net Income Including Noncontrolling Interests": NaN,
        "Net Income Continuous Operations": NaN,
        "Tax Provision": NaN,
        "Pretax Income": NaN,
        "Other Income Expense": 97000000.0,
        "Net Non Operating Interest Income Expense": NaN,
        "Interest Expense Non Operating": NaN,
        "Other Operating Expenses": NaN,
        "Total Revenue": NaN,
        "Operating Revenue": NaN,
        "Loss Adjustment Expense": NaN,
        "Net Policyholder Benefits And Claims": NaN,
        "Policyholder Benefits Gross": 1016000000.0,
        "Policyholder Benefits Ceded": -135000000.0
    },
    "2024-09-30": {
        "Tax Effect Of Unusual Items": 0.0,
        "Tax Rate For Calcs": 0.15,
        "Net Income From Continuing Operation Net Minority Interest": 52000000.0,
        "Reconciled Depreciation": 63000000.0,
        "EBIT": 611000000.0,
        "Net Interest Income": -656000000.0,
        "Interest Expense": 656000000.0,
        "Normalized Income": 52000000.0,
        "Net Income From Continuing And Discontinued Operation": 52000000.0,
        "Total Expenses": 3014000000.0,
        "Diluted Average Shares": 128643406.0,
        "Basic Average Shares": 128643406.0,
        "Diluted EPS": 0.16,
        "Basic EPS": 0.16,
        "Diluted NI Availto Com Stockholders": 24000000.0,
        "Net Income Common Stockholders": 24000000.0,
        "Otherunder Preferred Stock Dividend": NaN,
        "Preferred Stock Dividends": 28000000.0,
        "Net Income": 52000000.0,
        "Minority Interests": -13000000.0,
        "Net Income Including Noncontrolling Interests": 65000000.0,
        "Net Income Continuous Operations": 65000000.0,
        "Tax Provision": -110000000.0,
        "Pretax Income": -45000000.0,
        "Other Income Expense": 217000000.0,
        "Net Non Operating Interest Income Expense": -656000000.0,
        "Interest Expense Non Operating": 656000000.0,
        "Other Operating Expenses": 330000000.0,
        "Total Revenue": 2969000000.0,
        "Operating Revenue": 2969000000.0,
        "Loss Adjustment Expense": 1662000000.0,
        "Net Policyholder Benefits And Claims": 1662000000.0
    }
}