{
    "2023-03-31": {
        "Tax Effect Of Unusual Items": -23258000.0,
        "Tax Rate For Calcs": 0.29,
        "Normalized EBITDA": 809200000.0,
        "Total Unusual Items": -80200000.0,
        "Total Unusual Items Excluding Goodwill": -80200000.0,
        "Net Income From Continuing Operation Net Minority Interest": 502200000.0,
        "Reconciled Depreciation": 31400000.0,
        "Reconciled Cost Of Revenue": 430000000.0,
        "EBITDA": 729000000.0,
        "EBIT": 729000000.0,
        "Net Interest Income": 58900000.0,
        "Interest Expense": 29000000.0,
        "Interest Income": 60100000.0,
        "Normalized Income": 559142000.0,
        "Net Income From Continuing And Discontinued Operation": 502200000.0,
        "Total Expenses": 548000000.0,
        "Total Operating Income As Reported": 654400000.0,
        "Diluted NI Availto Com Stockholders": 502200000.0,
        "Net Income Common Stockholders": 502200000.0,
        "Net Income": 502200000.0,
        "Net Income Including Noncontrolling Interests": 502200000.0,
        "Net Income Continuous Operations": 502200000.0,
        "Tax Provision": 205500000.0,
        "Pretax Income": 707700000.0,
        "Other Income Expense": -80200000.0,
        "Gain On Sale Of Security": -80200000.0,
        "Net Non Operating Interest Income Expense": 58900000.0,
        "Total Other Finance Cost": 1200000.0,
        "Interest Expense Non Operating": 29000000.0,
        "Interest Income Non Operating": 60100000.0,
        "Operating Income": 729000000.0,
        "Operating Expense": 118000000.0,
        "Other Operating Expenses": -13600000.0,
        "Depreciation Amortization Depletion Income Statement": NaN,
        "Depreciation And Amortization In Income Statement": NaN,
        "Selling General And Administration": 131600000.0,
        "Selling And Marketing Expense": 12200000.0,
        "General And Administrative Expense": 119400000.0,
        "Other Gand A": 66000000.0,
        "Insurance And Claims": 15400000.0,
        "Salaries And Wages": 38000000.0,
        "Gross Profit": 847000000.0,
        "Cost Of Revenue": 430000000.0,
        "Total Revenue": 1277000000.0,
        "Operating Revenue": 1277000000.0
    },
    "2022-12-31": {
        "Tax Effect Of Unusual Items": -91148159.238479,
        "Tax Rate For Calcs": 0.281756,
        "Normalized EBITDA": 3524500000.0,
        "Total Unusual Items": -323500000.0,
        "Total Unusual Items Excluding Goodwill": -323500000.0,
        "Net Income From Continuing Operation Net Minority Interest": 2278700000.0,
        "Reconciled Depreciation": 29000000.0,
        "Reconciled Cost Of Revenue": 693300000.0,
        "EBITDA": 3201000000.0,
        "EBIT": 3172000000.0,
        "Net Interest Income": 36700000.0,
        "Interest Expense": -600000.0,
        "Interest Income": 38800000.0,
        "Normalized Income": 2511051840.761521,
        "Net Income From Continuing And Discontinued Operation": 2278700000.0,
        "Total Expenses": 818900000.0,
        "Total Operating Income As Reported": 3292900000.0,
        "Diluted NI Availto Com Stockholders": 2278700000.0,
        "Net Income Common Stockholders": 2278700000.0,
        "Net Income": 2278700000.0,
        "Net Income Including Noncontrolling Interests": 2278700000.0,
        "Net Income Continuous Operations": 2278700000.0,
        "Tax Provision": 893900000.0,
        "Pretax Income": 3172600000.0,
        "Other Income Expense": -323500000.0,
        "Gain On Sale Of Security": -323500000.0,
        "Net Non Operating Interest Income Expense": 36700000.0,
        "Total Other Finance Cost": 0.0,
        "Interest Expense Non Operating": -600000.0,
        "Interest Income Non Operating": 38800000.0,
        "Operating Income": 3459400000.0,
        "Operating Expense": 125600000.0,
        "Other Operating Expenses": -11900000.0,
        "Depreciation Amortization Depletion Income Statement": NaN,
        "Depreciation And Amortization In Income Statement": NaN,
        "Selling General And Administration": 148000000.0,
        "Selling And Marketing Expense": 6800000.0,
        "General And Administrative Expense": 141200000.0,
        "Other Gand A": 74500000.0,
        "Insurance And Claims": -10900000.0,
        "Salaries And Wages": 45400000.0,
        "Gross Profit": 3585000000.0,
        "Cost Of Revenue": 693300000.0,
        "Total Revenue": 4278300000.0,
        "Operating Revenue": 4278300000.0
    },
    "2022-09-30": {
        "Tax Effect Of Unusual Items": 59228476.739904,
        "Tax Rate For Calcs": 0.269711,
        "Normalized EBITDA": 2262200000.0,
        "Total Unusual Items": 219600000.0,
        "Total Unusual Items Excluding Goodwill": 219600000.0,
        "Net Income From Continuing Operation Net Minority Interest": 1784900000.0,
        "Reconciled Depreciation": 33500000.0,
        "Reconciled Cost Of Revenue": 1094600000.0,
        "EBITDA": 2481800000.0,
        "EBIT": 2448300000.0,
        "Net Interest Income": 3400000.0,
        "Interest Expense": 4200000.0,
        "Interest Income": 7700000.0,
        "Normalized Income": 1624528476.739904,
        "Net Income From Continuing And Discontinued Operation": 1784900000.0,
        "Total Expenses": 1240100000.0,
        "Total Operating Income As Reported": 2387500000.0,
        "Diluted Average Shares": 255716332.0,
        "Basic Average Shares": 240228802.0,
        "Diluted EPS": 6.98,
        "Basic EPS": 7.43,
        "Diluted NI Availto Com Stockholders": 1784900000.0,
        "Net Income Common Stockholders": 1784900000.0,
        "Net Income": 1784900000.0,
        "Net Income Including Noncontrolling Interests": 1784900000.0,
        "Net Income Continuous Operations": 1784900000.0,
        "Tax Provision": 659200000.0,
        "Pretax Income": 2444100000.0,
        "Other Income Expense": 219600000.0,
        "Gain On Sale Of Security": 219600000.0,
        "Net Non Operating Interest Income Expense": 3400000.0,
        "Total Other Finance Cost": 100000.0,
        "Interest Expense Non Operating": 4200000.0,
        "Interest Income Non Operating": 7700000.0,
        "Operating Income": 2221100000.0,
        "Operating Expense": 145500000.0,
        "Other Operating Expenses": -8300000.0,
        "Depreciation Amortization Depletion Income Statement": NaN,
        "Depreciation And Amortization In Income Statement": NaN,
        "Selling General And Administration": 153800000.0,
        "Selling And Marketing Expense": 12800000.0,
        "General And Administrative Expense": 141000000.0,
        "Other Gand A": 85500000.0,
        "Insurance And Claims": 17700000.0,
        "Salaries And Wages": 37800000.0,
        "Gross Profit": 2366600000.0,
        "Cost Of Revenue": 1094600000.0,
        "Total Revenue": 3461200000.0,
        "Operating Revenue": 3461200000.0
    },
    "2022-06-30": {
        "Tax Effect Of Unusual Items": 111999952.571897,
        "Tax Rate For Calcs": 0.279093,
        "Normalized EBITDA": 1957000000.0,
        "Total Unusual Items": 401300000.0,
        "Total Unusual Items Excluding Goodwill": 401300000.0,
        "Net Income From Continuing Operation Net Minority Interest": 1672000000.0,
        "Reconciled Depreciation": 33200000.0,
        "Reconciled Cost Of Revenue": 1164200000.0,
        "EBITDA": 2358300000.0,
        "EBIT": 2325100000.0,
        "Net Interest Income": -4300000.0,
        "Interest Expense": 5800000.0,
        "Interest Income": 1500000.0,
        "Normalized Income": 1382699952.571897,
        "Net Income From Continuing And Discontinued Operation": 1672000000.0,
        "Total Expenses": 1274500000.0,
        "Total Operating Income As Reported": 2209600000.0,
        "Diluted Average Shares": 259224806.0,
        "Basic Average Shares": 243731778.0,
        "Diluted EPS": 6.45,
        "Basic EPS": 6.86,
        "Diluted NI Availto Com Stockholders": 1672000000.0,
        "Net Income Common Stockholders": 1672000000.0,
        "Net Income": 1672000000.0,
        "Net Income Including Noncontrolling Interests": 1672000000.0,
        "Net Income Continuous Operations": 1672000000.0,
        "Tax Provision": 647300000.0,
        "Pretax Income": 2319300000.0,
        "Other Income Expense": 401300000.0,
        "Gain On Sale Of Security": 401300000.0,
        "Net Non Operating Interest Income Expense": -4300000.0,
        "Total Other Finance Cost": NaN,
        "Interest Expense Non Operating": 5800000.0,
        "Interest Income Non Operating": 1500000.0,
        "Operating Income": 1922000000.0,
        "Operating Expense": 110300000.0,
        "Other Operating Expenses": -37800000.0,
        "Selling General And Administration": 148100000.0,
        "Selling And Marketing Expense": 17800000.0,
        "General And Administrative Expense": 130300000.0,
        "Other Gand A": 78500000.0,
        "Insurance And Claims": 8800000.0,
        "Salaries And Wages": 43000000.0,
        "Gross Profit": 2032300000.0,
        "Cost Of Revenue": 1164200000.0,
        "Total Revenue": 3196500000.0,
        "Operating Revenue": 3196500000.0
    },
    "2022-03-31": {
        "Diluted EPS": 15.98,
        "Total Revenue": NaN,
        "Gross Profit": NaN,
        "Operating Income": NaN,
        "EBIT": NaN,
        "Net Income": NaN
    },
    "2021-12-31": {
        "Diluted EPS": 14.05,
        "Total Revenue": NaN,
        "Gross Profit": NaN,
        "Operating Income": NaN,
        "EBIT": NaN,
        "Net Income": NaN
    },
    "2021-09-30": {
        "Diluted EPS": 14.56,
        "Total Revenue": NaN,
        "Gross Profit": NaN,
        "Operating Income": NaN,
        "EBIT": NaN,
        "Net Income": NaN
    },
    "2021-06-30": {
        "Diluted EPS": 12.98,
        "Total Revenue": NaN,
        "Gross Profit": NaN,
        "Operating Income": NaN,
        "EBIT": NaN,
        "Net Income": NaN
    },
    "2021-03-31": {
        "Diluted EPS": 5.29,
        "Total Revenue": NaN,
        "Gross Profit": NaN,
        "Operating Income": NaN,
        "EBIT": NaN,
        "Net Income": NaN
    },
    "2020-12-31": {
        "Diluted EPS": 1.78,
        "Total Revenue": 396,
        "Gross Profit": 348,
        "Operating Income": 278,
        "EBIT": 292,
        "Net Income": 419
    },
    "2020-09-30": {
        "Diluted EPS": -1.03,
        "Total Revenue": 79,
        "Gross Profit": 71,
        "Operating Income": -218,
        "EBIT": -206,
        "Net Income": -246
    },
    "2020-06-30": {
        "Diluted EPS": -0.42,
        "Total Revenue": 46,
        "Gross Profit": 40,
        "Operating Income": -89,
        "EBIT": -79,
        "Net Income": -97
    },
    "2020-03-31": {
        "Diluted EPS": -0.27,
        "Total Revenue": 31,
        "Gross Profit": 24,
        "Operating Income": -65,
        "EBIT": -56,
        "Net Income": -59
    },
    "2019-09-30": {
        "Diluted EPS": -0.16,
        "Total Revenue": 32,
        "Gross Profit": 27,
        "Operating Income": -41,
        "EBIT": -32,
        "Net Income": -33
    },
    "2019-06-30": {
        "Diluted EPS": 0.0,
        "Total Revenue": NaN,
        "Gross Profit": NaN,
        "Operating Income": NaN,
        "Net Income": NaN
    },
    "2018-12-31": {
        "Diluted EPS": 0.0,
        "Total Revenue": NaN,
        "Gross Profit": NaN,
        "Operating Income": NaN,
        "EBIT": NaN,
        "Net Income": NaN
    },
    "2023-06-30": {
        "Tax Effect Of Unusual Items": -8790000.0,
        "Tax Rate For Calcs": 0.15,
        "Normalized EBITDA": -320400000.0,
        "Total Unusual Items": -58600000.0,
        "Total Unusual Items Excluding Goodwill": -58600000.0,
        "Net Income From Continuing Operation Net Minority Interest": -190400000.0,
        "Reconciled Depreciation": 31900000.0,
        "Reconciled Cost Of Revenue": 512400000.0,
        "EBITDA": -379000000.0,
        "EBIT": -410900000.0,
        "Net Interest Income": 151100000.0,
        "Interest Expense": 1300000.0,
        "Interest Income": 152400000.0,
        "Normalized Income": -140590000.0,
        "Net Income From Continuing And Discontinued Operation": -190400000.0,
        "Total Expenses": 672400000.0,
        "Total Operating Income As Reported": -563300000.0,
        "Diluted NI Availto Com Stockholders": -190400000.0,
        "Net Income Common Stockholders": -190400000.0,
        "Net Income": -190400000.0,
        "Net Income Including Noncontrolling Interests": -190400000.0,
        "Net Income Continuous Operations": -190400000.0,
        "Tax Provision": -221800000.0,
        "Pretax Income": -412200000.0,
        "Other Income Expense": -58600000.0,
        "Gain On Sale Of Security": -58600000.0,
        "Net Non Operating Interest Income Expense": 151100000.0,
        "Total Other Finance Cost": NaN,
        "Interest Expense Non Operating": 1300000.0,
        "Interest Income Non Operating": 152400000.0,
        "Operating Income": -504700000.0,
        "Operating Expense": 136100000.0,
        "Other Operating Expenses": -4700000.0,
        "Depreciation Amortization Depletion Income Statement": 8000000.0,
        "Depreciation And Amortization In Income Statement": 8000000.0,
        "Selling General And Administration": 132800000.0,
        "Selling And Marketing Expense": 18100000.0,
        "General And Administrative Expense": 114700000.0,
        "Other Gand A": 71600000.0,
        "Insurance And Claims": NaN,
        "Salaries And Wages": 43100000.0,
        "Gross Profit": -368600000.0,
        "Cost Of Revenue": 536300000.0,
        "Total Revenue": 167700000.0,
        "Operating Revenue": 167700000.0
    },
    "2023-09-30": {
        "Tax Effect Of Unusual Items": 16156552.330695,
        "Tax Rate For Calcs": 0.293755,
        "Normalized EBITDA": 215700000.0,
        "Total Unusual Items": 55000000.0,
        "Total Unusual Items Excluding Goodwill": 55000000.0,
        "Net Income From Continuing Operation Net Minority Interest": 160600000.0,
        "Reconciled Depreciation": 41300000.0,
        "Reconciled Cost Of Revenue": 626500000.0,
        "EBITDA": 270700000.0,
        "EBIT": 229400000.0,
        "Net Interest Income": 90500000.0,
        "Interest Expense": 2000000.0,
        "Interest Income": 92500000.0,
        "Normalized Income": 121756552.330695,
        "Net Income From Continuing And Discontinued Operation": 160600000.0,
        "Total Expenses": 813400000.0,
        "Total Operating Income As Reported": 73100000.0,
        "Diluted NI Availto Com Stockholders": 160600000.0,
        "Net Income Common Stockholders": 160600000.0,
        "Net Income": 160600000.0,
        "Net Income Including Noncontrolling Interests": 160600000.0,
        "Net Income Continuous Operations": 160600000.0,
        "Tax Provision": 66800000.0,
        "Pretax Income": 227400000.0,
        "Other Income Expense": 55000000.0,
        "Gain On Sale Of Security": 55000000.0,
        "Net Non Operating Interest Income Expense": 90500000.0,
        "Total Other Finance Cost": NaN,
        "Interest Expense Non Operating": 2000000.0,
        "Interest Income Non Operating": 92500000.0,
        "Operating Income": 81900000.0,
        "Operating Expense": 153700000.0,
        "Other Operating Expenses": -5200000.0,
        "Depreciation Amortization Depletion Income Statement": 8100000.0,
        "Depreciation And Amortization In Income Statement": 8100000.0,
        "Selling General And Administration": 150800000.0,
        "Selling And Marketing Expense": 14400000.0,
        "General And Administrative Expense": 136400000.0,
        "Other Gand A": 92200000.0,
        "Insurance And Claims": NaN,
        "Salaries And Wages": 44200000.0,
        "Gross Profit": 235600000.0,
        "Cost Of Revenue": 659700000.0,
        "Total Revenue": 895300000.0,
        "Operating Revenue": 895300000.0
    }
}