{
    "2023-06-30": {
        "Tax Effect Of Unusual Items": 0.0,
        "Tax Rate For Calcs": 0.225,
        "Total Unusual Items": NaN,
        "Total Unusual Items Excluding Goodwill": NaN,
        "Net Income From Continuing Operation Net Minority Interest": 151308000.0,
        "Reconciled Depreciation": 29698000.0,
        "Net Interest Income": 322261000.0,
        "Interest Expense": 248106000.0,
        "Interest Income": 570367000.0,
        "Normalized Income": 151308000.0,
        "Net Income From Continuing And Discontinued Operation": 151308000.0,
        "Diluted Average Shares": 65994132.0,
        "Basic Average Shares": 65994132.0,
        "Diluted EPS": 2.27,
        "Basic EPS": 2.27,
        "Diluted NI Availto Com Stockholders": 150106000.0,
        "Average Dilution Earnings": 0.0,
        "Net Income Common Stockholders": 150106000.0,
        "Otherunder Preferred Stock Dividend": 1202000.0,
        "Net Income": 151308000.0,
        "Minority Interests": -328000.0,
        "Net Income Including Noncontrolling Interests": 151636000.0,
        "Net Income Continuous Operations": 151636000.0,
        "Tax Provision": 44001000.0,
        "Pretax Income": 195637000.0,
        "Other Non Operating Income Expenses": NaN,
        "Special Income Charges": NaN,
        "Other Special Charges": NaN,
        "Gain On Sale Of Security": -4066000.0,
        "Depreciation Amortization Depletion Income Statement": 3474000.0,
        "Depreciation And Amortization In Income Statement": 3474000.0,
        "Amortization": 3474000.0,
        "Amortization Of Intangibles Income Statement": 3474000.0,
        "Selling General And Administration": 205266000.0,
        "Selling And Marketing Expense": 7640000.0,
        "General And Administrative Expense": 197626000.0,
        "Other Gand A": NaN,
        "Insurance And Claims": 6974000.0,
        "Salaries And Wages": 190652000.0,
        "Total Revenue": 523010000.0,
        "Operating Revenue": 523010000.0,
        "Occupancy And Equipment": 30105000.0,
        "Professional Expense And Contract Services Expense": 12777000.0,
        "Other Non Interest Expense": 58751000.0
    },
    "2023-03-31": {
        "Tax Effect Of Unusual Items": NaN,
        "Tax Rate For Calcs": NaN,
        "Total Unusual Items": NaN,
        "Total Unusual Items Excluding Goodwill": NaN,
        "Net Income From Continuing Operation Net Minority Interest": NaN,
        "Reconciled Depreciation": NaN,
        "Net Interest Income": NaN,
        "Interest Expense": NaN,
        "Interest Income": NaN,
        "Normalized Income": NaN,
        "Net Income From Continuing And Discontinued Operation": NaN,
        "Diluted Average Shares": NaN,
        "Basic Average Shares": NaN,
        "Diluted EPS": NaN,
        "Basic EPS": NaN,
        "Diluted NI Availto Com Stockholders": NaN,
        "Average Dilution Earnings": 0.0,
        "Net Income Common Stockholders": NaN,
        "Otherunder Preferred Stock Dividend": NaN,
        "Net Income": NaN,
        "Minority Interests": NaN,
        "Net Income Including Noncontrolling Interests": NaN,
        "Net Income Continuous Operations": NaN,
        "Tax Provision": NaN,
        "Pretax Income": NaN,
        "Other Non Operating Income Expenses": 2251000.0,
        "Special Income Charges": NaN,
        "Other Special Charges": NaN,
        "Gain On Sale Of Security": NaN,
        "Depreciation Amortization Depletion Income Statement": NaN,
        "Depreciation And Amortization In Income Statement": NaN,
        "Amortization": NaN,
        "Amortization Of Intangibles Income Statement": NaN,
        "Selling General And Administration": NaN,
        "Selling And Marketing Expense": NaN,
        "General And Administrative Expense": NaN,
        "Other Gand A": 3893000.0,
        "Insurance And Claims": NaN,
        "Salaries And Wages": NaN,
        "Total Revenue": NaN,
        "Operating Revenue": NaN,
        "Occupancy And Equipment": NaN,
        "Professional Expense And Contract Services Expense": NaN,
        "Other Non Interest Expense": NaN
    },
    "2022-12-31": {
        "Tax Effect Of Unusual Items": NaN,
        "Tax Rate For Calcs": NaN,
        "Total Unusual Items": NaN,
        "Total Unusual Items Excluding Goodwill": NaN,
        "Net Income From Continuing Operation Net Minority Interest": NaN,
        "Reconciled Depreciation": NaN,
        "Net Interest Income": NaN,
        "Interest Expense": NaN,
        "Interest Income": NaN,
        "Normalized Income": NaN,
        "Net Income From Continuing And Discontinued Operation": NaN,
        "Diluted Average Shares": NaN,
        "Basic Average Shares": NaN,
        "Diluted EPS": NaN,
        "Basic EPS": NaN,
        "Diluted NI Availto Com Stockholders": NaN,
        "Average Dilution Earnings": NaN,
        "Net Income Common Stockholders": NaN,
        "Otherunder Preferred Stock Dividend": NaN,
        "Net Income": NaN,
        "Minority Interests": NaN,
        "Net Income Including Noncontrolling Interests": NaN,
        "Net Income Continuous Operations": NaN,
        "Tax Provision": NaN,
        "Pretax Income": NaN,
        "Other Non Operating Income Expenses": NaN,
        "Special Income Charges": NaN,
        "Other Special Charges": NaN,
        "Gain On Sale Of Security": NaN,
        "Depreciation Amortization Depletion Income Statement": NaN,
        "Depreciation And Amortization In Income Statement": NaN,
        "Amortization": NaN,
        "Amortization Of Intangibles Income Statement": NaN,
        "Selling General And Administration": NaN,
        "Selling And Marketing Expense": NaN,
        "General And Administrative Expense": NaN,
        "Other Gand A": 3890000.0,
        "Insurance And Claims": NaN,
        "Salaries And Wages": NaN,
        "Total Revenue": NaN,
        "Operating Revenue": NaN,
        "Occupancy And Equipment": NaN,
        "Professional Expense And Contract Services Expense": NaN,
        "Other Non Interest Expense": NaN
    },
    "2022-09-30": {
        "Tax Effect Of Unusual Items": NaN,
        "Tax Rate For Calcs": NaN,
        "Total Unusual Items": 0.0,
        "Total Unusual Items Excluding Goodwill": 0.0,
        "Net Income From Continuing Operation Net Minority Interest": NaN,
        "Reconciled Depreciation": NaN,
        "Net Interest Income": NaN,
        "Interest Expense": NaN,
        "Interest Income": NaN,
        "Normalized Income": NaN,
        "Net Income From Continuing And Discontinued Operation": NaN,
        "Diluted Average Shares": NaN,
        "Basic Average Shares": NaN,
        "Diluted EPS": NaN,
        "Basic EPS": NaN,
        "Diluted NI Availto Com Stockholders": NaN,
        "Average Dilution Earnings": 0.0,
        "Net Income Common Stockholders": NaN,
        "Otherunder Preferred Stock Dividend": NaN,
        "Net Income": NaN,
        "Minority Interests": NaN,
        "Net Income Including Noncontrolling Interests": NaN,
        "Net Income Continuous Operations": NaN,
        "Tax Provision": NaN,
        "Pretax Income": NaN,
        "Other Non Operating Income Expenses": 979000.0,
        "Special Income Charges": 0.0,
        "Other Special Charges": NaN,
        "Gain On Sale Of Security": NaN,
        "Depreciation Amortization Depletion Income Statement": NaN,
        "Depreciation And Amortization In Income Statement": NaN,
        "Amortization": NaN,
        "Amortization Of Intangibles Income Statement": NaN,
        "Selling General And Administration": NaN,
        "Selling And Marketing Expense": NaN,
        "General And Administrative Expense": NaN,
        "Other Gand A": 4349000.0,
        "Insurance And Claims": NaN,
        "Salaries And Wages": NaN,
        "Total Revenue": NaN,
        "Operating Revenue": NaN
    },
    "2022-06-30": {
        "Tax Effect Of Unusual Items": 0.0,
        "Tax Rate For Calcs": 0.213765,
        "Total Unusual Items": 0.0,
        "Total Unusual Items Excluding Goodwill": 0.0,
        "Net Income From Continuing Operation Net Minority Interest": 132846000.0,
        "Reconciled Depreciation": 4049000.0,
        "Net Interest Income": 274018000.0,
        "Interest Expense": 20229000.0,
        "Interest Income": 294247000.0,
        "Normalized Income": 132846000.0,
        "Net Income From Continuing And Discontinued Operation": 132846000.0,
        "Diluted Average Shares": 67455172.0,
        "Basic Average Shares": 67453748.0,
        "Diluted EPS": 1.96,
        "Basic EPS": 1.96,
        "Diluted NI Availto Com Stockholders": 132846000.0,
        "Average Dilution Earnings": 0.0,
        "Net Income Common Stockholders": 132846000.0,
        "Otherunder Preferred Stock Dividend": 949000.0,
        "Net Income": 132846000.0,
        "Minority Interests": -12000.0,
        "Net Income Including Noncontrolling Interests": 132858000.0,
        "Net Income Continuous Operations": 132858000.0,
        "Tax Provision": 36122000.0,
        "Pretax Income": 168980000.0,
        "Other Non Operating Income Expenses": -7639000.0,
        "Special Income Charges": 0.0,
        "Other Special Charges": NaN,
        "Gain On Sale Of Security": -14602000.0,
        "Depreciation Amortization Depletion Income Statement": 4049000.0,
        "Depreciation And Amortization In Income Statement": 4049000.0,
        "Amortization": 4049000.0,
        "Amortization Of Intangibles Income Statement": 4049000.0,
        "Selling General And Administration": 169905000.0,
        "Selling And Marketing Expense": 6325000.0,
        "General And Administrative Expense": 163580000.0,
        "Other Gand A": 3929000.0,
        "Insurance And Claims": 4728000.0,
        "Salaries And Wages": 154923000.0,
        "Total Revenue": 433198000.0,
        "Operating Revenue": 433198000.0
    },
    "2022-03-31": {
        "Diluted EPS": 0.91,
        "Total Revenue": 371,
        "Gross Profit": 356,
        "Operating Income": 79,
        "EBIT": NaN,
        "Net Income": 62
    },
    "2021-12-31": {
        "Diluted EPS": 1.71,
        "Total Revenue": 450,
        "Gross Profit": 435,
        "Operating Income": 152,
        "EBIT": NaN,
        "Net Income": 116
    },
    "2021-09-30": {
        "Diluted EPS": 2.74,
        "Total Revenue": 523,
        "Gross Profit": 510,
        "Operating Income": 242,
        "EBIT": NaN,
        "Net Income": 187
    },
    "2021-06-30": {
        "Diluted EPS": 2.4,
        "Total Revenue": 487,
        "Gross Profit": 472,
        "Operating Income": 216,
        "EBIT": NaN,
        "Net Income": 165
    },
    "2021-03-31": {
        "Diluted EPS": 2.1,
        "Total Revenue": 475,
        "Gross Profit": 457,
        "Operating Income": 187,
        "EBIT": NaN,
        "Net Income": 145
    },
    "2020-12-31": {
        "Diluted EPS": 2.2,
        "Total Revenue": 518,
        "Gross Profit": 496,
        "Operating Income": 200,
        "EBIT": NaN,
        "Net Income": 153
    },
    "2020-09-30": {
        "Diluted EPS": 2.19,
        "Total Revenue": 525,
        "Gross Profit": 502,
        "Operating Income": 205,
        "EBIT": NaN,
        "Net Income": 153
    },
    "2020-06-30": {
        "Diluted EPS": 0.92,
        "Total Revenue": 540,
        "Gross Profit": 511,
        "Operating Income": 80,
        "EBIT": NaN,
        "Net Income": 65
    },
    "2020-03-31": {
        "Diluted EPS": 0.88,
        "Total Revenue": 529,
        "Gross Profit": 442,
        "Operating Income": 79,
        "EBIT": NaN,
        "Net Income": 62
    },
    "2019-12-31": {
        "Diluted EPS": 1.56,
        "Total Revenue": 549,
        "Gross Profit": 450,
        "Operating Income": 141,
        "EBIT": NaN,
        "Net Income": 109
    },
    "2019-09-30": {
        "Diluted EPS": 2.0,
        "Total Revenue": 582,
        "Gross Profit": 466,
        "Operating Income": 174,
        "EBIT": NaN,
        "Net Income": 141
    },
    "2019-06-30": {
        "Diluted EPS": 1.93,
        "Total Revenue": 563,
        "Gross Profit": 457,
        "Operating Income": 175,
        "EBIT": NaN,
        "Net Income": 138
    },
    "2019-03-31": {
        "Diluted EPS": 1.54,
        "Total Revenue": 533,
        "Gross Profit": 435,
        "Operating Income": 140,
        "EBIT": NaN,
        "Net Income": 110
    },
    "2018-12-31": {
        "Diluted EPS": 1.48,
        "Total Revenue": 502,
        "Gross Profit": 422,
        "Operating Income": 128,
        "EBIT": NaN,
        "Net Income": 106
    },
    "2018-09-30": {
        "Diluted EPS": 1.79,
        "Total Revenue": 471,
        "Gross Profit": 409,
        "Operating Income": 152,
        "EBIT": NaN,
        "Net Income": 116
    },
    "2018-06-30": {
        "Diluted EPS": 1.75,
        "Total Revenue": 451,
        "Gross Profit": 395,
        "Operating Income": 148,
        "EBIT": NaN,
        "Net Income": 114
    },
    "2018-03-31": {
        "Diluted EPS": 1.61,
        "Total Revenue": 421,
        "Gross Profit": 376,
        "Operating Income": 136,
        "EBIT": NaN,
        "Net Income": 106
    },
    "2017-12-31": {
        "Diluted EPS": 1.1,
        "Total Revenue": 423,
        "Gross Profit": 384,
        "Operating Income": 120,
        "EBIT": NaN,
        "Net Income": 72
    },
    "2017-09-30": {
        "Diluted EPS": 1.31,
        "Total Revenue": 431,
        "Gross Profit": 394,
        "Operating Income": 128,
        "EBIT": NaN,
        "Net Income": 86
    },
    "2017-06-30": {
        "Diluted EPS": 1.35,
        "Total Revenue": 417,
        "Gross Profit": 387,
        "Operating Income": 137,
        "EBIT": NaN,
        "Net Income": 88
    },
    "2017-03-31": {
        "Diluted EPS": 1.35,
        "Total Revenue": 397,
        "Gross Profit": 371,
        "Operating Income": 127,
        "EBIT": NaN,
        "Net Income": 88
    },
    "2016-12-31": {
        "Diluted EPS": 0.76,
        "Total Revenue": 359,
        "Gross Profit": 338,
        "Operating Income": 72,
        "EBIT": NaN,
        "Net Income": 51
    },
    "2016-09-30": {
        "Diluted EPS": 1.13,
        "Total Revenue": 397,
        "Gross Profit": 375,
        "Operating Income": 107,
        "EBIT": NaN,
        "Net Income": 74
    },
    "2016-06-30": {
        "Diluted EPS": 1.0,
        "Total Revenue": 388,
        "Gross Profit": 368,
        "Operating Income": 97,
        "EBIT": NaN,
        "Net Income": 65
    },
    "2016-03-31": {
        "Diluted EPS": 0.64,
        "Total Revenue": 359,
        "Gross Profit": 340,
        "Operating Income": 62,
        "EBIT": NaN,
        "Net Income": 42
    },
    "2015-12-31": {
        "Diluted EPS": 0.89,
        "Total Revenue": 350,
        "Gross Profit": 334,
        "Operating Income": 87,
        "EBIT": NaN,
        "Net Income": 59
    },
    "2015-09-30": {
        "Diluted EPS": 1.09,
        "Total Revenue": 357,
        "Gross Profit": 342,
        "Operating Income": 110,
        "EBIT": NaN,
        "Net Income": 74
    },
    "2015-06-30": {
        "Diluted EPS": 1.15,
        "Total Revenue": 368,
        "Gross Profit": 352,
        "Operating Income": 121,
        "EBIT": NaN,
        "Net Income": 78
    },
    "2015-03-31": {
        "Diluted EPS": 1.08,
        "Total Revenue": 351,
        "Gross Profit": 334,
        "Operating Income": 113,
        "EBIT": NaN,
        "Net Income": 74
    },
    "2014-12-31": {
        "Diluted EPS": 0.92,
        "Total Revenue": 339,
        "Gross Profit": 322,
        "Operating Income": 96,
        "EBIT": NaN,
        "Net Income": 63
    },
    "2014-09-30": {
        "Diluted EPS": 1.09,
        "Total Revenue": 349,
        "Gross Profit": 332,
        "Operating Income": 110,
        "EBIT": NaN,
        "Net Income": 75
    },
    "2014-06-30": {
        "Diluted EPS": 1.1,
        "Total Revenue": 349,
        "Gross Profit": 332,
        "Operating Income": 118,
        "EBIT": NaN,
        "Net Income": 75
    },
    "2014-03-31": {
        "Diluted EPS": 1.11,
        "Total Revenue": 318,
        "Gross Profit": 302,
        "Operating Income": 116,
        "EBIT": NaN,
        "Net Income": 77
    },
    "2013-12-31": {
        "Diluted EPS": 1.05,
        "Total Revenue": 336,
        "Gross Profit": 319,
        "Operating Income": 115,
        "EBIT": NaN,
        "Net Income": 76
    },
    "2013-09-30": {
        "Diluted EPS": 1.1,
        "Total Revenue": 329,
        "Gross Profit": 311,
        "Operating Income": 110,
        "EBIT": NaN,
        "Net Income": 75
    },
    "2013-06-30": {
        "Diluted EPS": 1.16,
        "Total Revenue": 350,
        "Gross Profit": 332,
        "Operating Income": 121,
        "EBIT": NaN,
        "Net Income": 79
    },
    "2013-03-31": {
        "Diluted EPS": 1.28,
        "Total Revenue": 351,
        "Gross Profit": 332,
        "Operating Income": 136,
        "EBIT": NaN,
        "Net Income": 87
    },
    "2012-12-31": {
        "Diluted EPS": 1.21,
        "Total Revenue": 348,
        "Gross Profit": 327,
        "Operating Income": 128,
        "EBIT": NaN,
        "Net Income": 85
    },
    "2012-09-30": {
        "Diluted EPS": 1.27,
        "Total Revenue": 376,
        "Gross Profit": 356,
        "Operating Income": 134,
        "EBIT": NaN,
        "Net Income": 87
    },
    "2012-06-30": {
        "Diluted EPS": 1.43,
        "Total Revenue": 389,
        "Gross Profit": 368,
        "Operating Income": 153,
        "EBIT": NaN,
        "Net Income": 97
    },
    "2012-03-31": {
        "Diluted EPS": 1.22,
        "Total Revenue": 335,
        "Gross Profit": 311,
        "Operating Income": 129,
        "EBIT": NaN,
        "Net Income": 83
    },
    "2011-12-31": {
        "Diluted EPS": 0.99,
        "Total Revenue": 294,
        "Gross Profit": 267,
        "Operating Income": 105,
        "EBIT": NaN,
        "Net Income": 68
    },
    "2011-09-30": {
        "Diluted EPS": 1.24,
        "Total Revenue": 379,
        "Gross Profit": 349,
        "Operating Income": 128,
        "EBIT": NaN,
        "Net Income": 84
    },
    "2011-06-30": {
        "Diluted EPS": 1.0,
        "Total Revenue": 349,
        "Gross Profit": 317,
        "Operating Income": 111,
        "EBIT": NaN,
        "Net Income": 68
    },
    "2011-03-31": {
        "Diluted EPS": 0.94,
        "Total Revenue": 320,
        "Gross Profit": 288,
        "Operating Income": 104,
        "EBIT": NaN,
        "Net Income": 65
    },
    "2010-12-31": {
        "Diluted EPS": 0.86,
        "Total Revenue": 306,
        "Gross Profit": 273,
        "Operating Income": 90,
        "EBIT": NaN,
        "Net Income": 59
    },
    "2010-09-30": {
        "Diluted EPS": 0.94,
        "Total Revenue": 355,
        "Gross Profit": 318,
        "Operating Income": 93,
        "EBIT": NaN,
        "Net Income": 64
    },
    "2010-06-30": {
        "Diluted EPS": 0.93,
        "Total Revenue": 375,
        "Gross Profit": 340,
        "Operating Income": 98,
        "EBIT": NaN,
        "Net Income": 64
    },
    "2010-03-31": {
        "Diluted EPS": 0.88,
        "Total Revenue": 333,
        "Gross Profit": 296,
        "Operating Income": 91,
        "EBIT": NaN,
        "Net Income": 60
    },
    "2009-12-31": {
        "Diluted EPS": 0.63,
        "Total Revenue": 333,
        "Gross Profit": 293,
        "Operating Income": 68,
        "EBIT": NaN,
        "Net Income": 42
    },
    "2009-09-30": {
        "Diluted EPS": 0.75,
        "Total Revenue": 358,
        "Gross Profit": 312,
        "Operating Income": 78,
        "EBIT": NaN,
        "Net Income": 51
    },
    "2009-06-30": {
        "Diluted EPS": 0.77,
        "Total Revenue": 359,
        "Gross Profit": 304,
        "Operating Income": 81,
        "EBIT": NaN,
        "Net Income": 52
    },
    "2009-03-31": {
        "Diluted EPS": 0.81,
        "Total Revenue": 358,
        "Gross Profit": 295,
        "Operating Income": 84,
        "EBIT": NaN,
        "Net Income": 55
    },
    "2023-09-30": {
        "Tax Effect Of Unusual Items": -4554.0,
        "Tax Rate For Calcs": 0.198,
        "Total Unusual Items": -23000.0,
        "Total Unusual Items Excluding Goodwill": -23000.0,
        "Net Income From Continuing Operation Net Minority Interest": 134495000.0,
        "Reconciled Depreciation": 24419000.0,
        "Net Interest Income": 300896000.0,
        "Interest Expense": 316148000.0,
        "Interest Income": 617044000.0,
        "Normalized Income": 134513446.0,
        "Net Income From Continuing And Discontinued Operation": 134495000.0,
        "Diluted Average Shares": 65548307.0,
        "Basic Average Shares": 65548307.0,
        "Diluted EPS": 2.04,
        "Basic EPS": 2.04,
        "Diluted NI Availto Com Stockholders": 133391000.0,
        "Average Dilution Earnings": 0.0,
        "Net Income Common Stockholders": 133391000.0,
        "Otherunder Preferred Stock Dividend": 1104000.0,
        "Net Income": 134495000.0,
        "Minority Interests": 16000.0,
        "Net Income Including Noncontrolling Interests": 134479000.0,
        "Net Income Continuous Operations": 134479000.0,
        "Tax Provision": 33256000.0,
        "Pretax Income": 167735000.0,
        "Other Non Operating Income Expenses": 1474000.0,
        "Special Income Charges": -23000.0,
        "Other Special Charges": 23000.0,
        "Gain On Sale Of Security": -1174000.0,
        "Depreciation Amortization Depletion Income Statement": 3474000.0,
        "Depreciation And Amortization In Income Statement": 3474000.0,
        "Amortization": 3474000.0,
        "Amortization Of Intangibles Income Statement": 3474000.0,
        "Selling General And Administration": 209505000.0,
        "Selling And Marketing Expense": 6958000.0,
        "General And Administrative Expense": 202547000.0,
        "Other Gand A": 3760000.0,
        "Insurance And Claims": 7996000.0,
        "Salaries And Wages": 190791000.0,
        "Total Revenue": 489217000.0,
        "Operating Revenue": 489217000.0,
        "Occupancy And Equipment": 32583000.0,
        "Professional Expense And Contract Services Expense": 13224000.0,
        "Other Non Interest Expense": 57147000.0
    },
    "2023-12-31": {
        "Tax Effect Of Unusual Items": 0.0,
        "Tax Rate For Calcs": 0.259726,
        "Total Unusual Items": NaN,
        "Total Unusual Items Excluding Goodwill": NaN,
        "Net Income From Continuing Operation Net Minority Interest": 82575000.0,
        "Reconciled Depreciation": 28891000.0,
        "Net Interest Income": 296675000.0,
        "Interest Expense": 341649000.0,
        "Interest Income": 638324000.0,
        "Normalized Income": 82575000.0,
        "Net Income From Continuing And Discontinued Operation": 82575000.0,
        "Diluted Average Shares": 64750171.0,
        "Basic Average Shares": 64750171.0,
        "Diluted EPS": 1.26,
        "Basic EPS": 1.26,
        "Diluted NI Availto Com Stockholders": 81883000.0,
        "Average Dilution Earnings": NaN,
        "Net Income Common Stockholders": 81883000.0,
        "Otherunder Preferred Stock Dividend": 692000.0,
        "Net Income": 82575000.0,
        "Minority Interests": 53000.0,
        "Net Income Including Noncontrolling Interests": 82522000.0,
        "Net Income Continuous Operations": 82522000.0,
        "Tax Provision": 28953000.0,
        "Pretax Income": 111475000.0,
        "Other Non Operating Income Expenses": 40452000.0,
        "Special Income Charges": NaN,
        "Other Special Charges": NaN,
        "Gain On Sale Of Security": -32359000.0,
        "Depreciation Amortization Depletion Income Statement": 3543000.0,
        "Depreciation And Amortization In Income Statement": 3543000.0,
        "Amortization": 3543000.0,
        "Amortization Of Intangibles Income Statement": 3543000.0,
        "Selling General And Administration": 252538000.0,
        "Selling And Marketing Expense": 8629000.0,
        "General And Administrative Expense": 243909000.0,
        "Other Gand A": NaN,
        "Insurance And Claims": 52268000.0,
        "Salaries And Wages": 203022000.0,
        "Total Revenue": 453021000.0,
        "Operating Revenue": 453021000.0,
        "Occupancy And Equipment": 30355000.0,
        "Professional Expense And Contract Services Expense": 16288000.0,
        "Other Non Interest Expense": 74439000.0
    },
    "2024-03-31": {
        "Tax Effect Of Unusual Items": 0.0,
        "Tax Rate For Calcs": 0.217,
        "Total Unusual Items": NaN,
        "Total Unusual Items Excluding Goodwill": NaN,
        "Net Income From Continuing Operation Net Minority Interest": 83703000.0,
        "Reconciled Depreciation": 26392000.0,
        "Net Interest Income": 293572000.0,
        "Interest Expense": 351640000.0,
        "Interest Income": 645212000.0,
        "Normalized Income": 83703000.0,
        "Net Income From Continuing And Discontinued Operation": 83703000.0,
        "Diluted Average Shares": 64290105.0,
        "Basic Average Shares": 64290105.0,
        "Diluted EPS": 1.29,
        "Basic EPS": 1.29,
        "Diluted NI Availto Com Stockholders": 83027000.0,
        "Average Dilution Earnings": 0.0,
        "Net Income Common Stockholders": 83027000.0,
        "Otherunder Preferred Stock Dividend": 676000.0,
        "Net Income": 83703000.0,
        "Minority Interests": 9000.0,
        "Net Income Including Noncontrolling Interests": 83694000.0,
        "Net Income Continuous Operations": 83694000.0,
        "Tax Provision": 23195000.0,
        "Pretax Income": 106889000.0,
        "Other Non Operating Income Expenses": NaN,
        "Special Income Charges": NaN,
        "Other Special Charges": NaN,
        "Gain On Sale Of Security": -43132000.0,
        "Depreciation Amortization Depletion Income Statement": 3003000.0,
        "Depreciation And Amortization In Income Statement": 3003000.0,
        "Amortization": 3003000.0,
        "Amortization Of Intangibles Income Statement": 3003000.0,
        "Selling General And Administration": 225825000.0,
        "Selling And Marketing Expense": 7978000.0,
        "General And Administrative Expense": 217847000.0,
        "Other Gand A": NaN,
        "Insurance And Claims": 15194000.0,
        "Salaries And Wages": 202653000.0,
        "Total Revenue": 448918000.0,
        "Operating Revenue": 448918000.0,
        "Occupancy And Equipment": 30293000.0,
        "Professional Expense And Contract Services Expense": 12010000.0,
        "Other Non Interest Expense": 62898000.0
    },
    "2024-06-30": {
        "Tax Effect Of Unusual Items": 0.0,
        "Tax Rate For Calcs": 0.224148,
        "Total Unusual Items": NaN,
        "Total Unusual Items Excluding Goodwill": NaN,
        "Net Income From Continuing Operation Net Minority Interest": 163713000.0,
        "Reconciled Depreciation": 25684000.0,
        "Net Interest Income": 296021000.0,
        "Interest Expense": 375796000.0,
        "Interest Income": 671817000.0,
        "Normalized Income": 163713000.0,
        "Net Income From Continuing And Discontinued Operation": 163713000.0,
        "Diluted Average Shares": 63714204.0,
        "Basic Average Shares": 63714204.0,
        "Diluted EPS": 2.54,
        "Basic EPS": 2.54,
        "Diluted NI Availto Com Stockholders": 162111000.0,
        "Average Dilution Earnings": 0.0,
        "Net Income Common Stockholders": 162111000.0,
        "Otherunder Preferred Stock Dividend": 1602000.0,
        "Net Income": 163713000.0,
        "Minority Interests": -19000.0,
        "Net Income Including Noncontrolling Interests": 163732000.0,
        "Net Income Continuous Operations": 163732000.0,
        "Tax Provision": 47303000.0,
        "Pretax Income": 211035000.0,
        "Other Non Operating Income Expenses": NaN,
        "Special Income Charges": NaN,
        "Other Special Charges": NaN,
        "Gain On Sale Of Security": 2302000.0,
        "Depreciation Amortization Depletion Income Statement": 2898000.0,
        "Depreciation And Amortization In Income Statement": 2898000.0,
        "Amortization": 2898000.0,
        "Amortization Of Intangibles Income Statement": 2898000.0,
        "Selling General And Administration": 207847000.0,
        "Selling And Marketing Expense": 8250000.0,
        "General And Administrative Expense": 199597000.0,
        "Other Gand A": NaN,
        "Insurance And Claims": 8507000.0,
        "Salaries And Wages": 191090000.0,
        "Total Revenue": 547193000.0,
        "Operating Revenue": 547193000.0,
        "Occupancy And Equipment": 30245000.0,
        "Professional Expense And Contract Services Expense": 13331000.0,
        "Other Non Interest Expense": 73837000.0
    }
}