{
    "2023-03-31": {
        "Tax Effect Of Unusual Items": 0.0,
        "Tax Rate For Calcs": 0.4,
        "Normalized EBITDA": 16087000.0,
        "Total Unusual Items": 0.0,
        "Total Unusual Items Excluding Goodwill": 0.0,
        "Net Income From Continuing Operation Net Minority Interest": -229000.0,
        "Reconciled Depreciation": 9067000.0,
        "Reconciled Cost Of Revenue": 128730000.0,
        "EBIT": 7020000.0,
        "Net Interest Income": -2381000.0,
        "Interest Expense": 2381000.0,
        "Normalized Income": -229000.0,
        "Net Income From Continuing And Discontinued Operation": -229000.0,
        "Total Expenses": 177121000.0,
        "Total Operating Income As Reported": 7220000.0,
        "Diluted Average Shares": 19462636.0,
        "Basic Average Shares": 19462636.0,
        "Diluted EPS": -0.01,
        "Basic EPS": -0.01,
        "Diluted NI Availto Com Stockholders": -229000.0,
        "Average Dilution Earnings": 0.0,
        "Net Income Common Stockholders": -229000.0,
        "Otherunder Preferred Stock Dividend": NaN,
        "Net Income": -229000.0,
        "Minority Interests": -2368000.0,
        "Net Income Including Noncontrolling Interests": 2139000.0,
        "Net Income Continuous Operations": 2139000.0,
        "Tax Provision": 2500000.0,
        "Pretax Income": 4639000.0,
        "Other Income Expense": -200000.0,
        "Other Non Operating Income Expenses": -200000.0,
        "Special Income Charges": 0.0,
        "Restructuring And Mergern Acquisition": 0.0,
        "Net Non Operating Interest Income Expense": -2381000.0,
        "Interest Expense Non Operating": 2381000.0,
        "Operating Income": 7220000.0,
        "Operating Expense": 44991000.0,
        "Depreciation Amortization Depletion Income Statement": 5667000.0,
        "Depreciation And Amortization In Income Statement": 5667000.0,
        "Amortization": 5667000.0,
        "Amortization Of Intangibles Income Statement": 5667000.0,
        "Selling General And Administration": 39324000.0,
        "Selling And Marketing Expense": 12824000.0,
        "General And Administrative Expense": 26500000.0,
        "Other Gand A": 26500000.0,
        "Gross Profit": 52211000.0,
        "Cost Of Revenue": 132130000.0,
        "Total Revenue": 184341000.0,
        "Operating Revenue": 184341000.0
    },
    "2022-12-31": {
        "Tax Effect Of Unusual Items": -51600.0,
        "Tax Rate For Calcs": 0.4,
        "Normalized EBITDA": 17612000.0,
        "Total Unusual Items": -129000.0,
        "Total Unusual Items Excluding Goodwill": -129000.0,
        "Net Income From Continuing Operation Net Minority Interest": 3266000.0,
        "Reconciled Depreciation": 7475000.0,
        "Reconciled Cost Of Revenue": 126267000.0,
        "EBIT": 10008000.0,
        "Net Interest Income": -2129000.0,
        "Interest Expense": 2129000.0,
        "Normalized Income": 3343400.0,
        "Net Income From Continuing And Discontinued Operation": 3266000.0,
        "Total Expenses": 164378000.0,
        "Total Operating Income As Reported": 10567000.0,
        "Diluted Average Shares": 19393245.0,
        "Basic Average Shares": 19384678.0,
        "Diluted EPS": 0.52,
        "Basic EPS": 0.52,
        "Diluted NI Availto Com Stockholders": 3266000.0,
        "Average Dilution Earnings": 0.0,
        "Net Income Common Stockholders": 3266000.0,
        "Otherunder Preferred Stock Dividend": 137000.0,
        "Net Income": 3266000.0,
        "Minority Interests": -175000.0,
        "Net Income Including Noncontrolling Interests": 3441000.0,
        "Net Income Continuous Operations": 3441000.0,
        "Tax Provision": 4438000.0,
        "Pretax Income": 7879000.0,
        "Other Income Expense": -688000.0,
        "Other Non Operating Income Expenses": -559000.0,
        "Special Income Charges": -129000.0,
        "Restructuring And Mergern Acquisition": 129000.0,
        "Net Non Operating Interest Income Expense": -2129000.0,
        "Interest Expense Non Operating": 2129000.0,
        "Operating Income": 10696000.0,
        "Operating Expense": 34408000.0,
        "Depreciation Amortization Depletion Income Statement": 3772000.0,
        "Depreciation And Amortization In Income Statement": 3772000.0,
        "Amortization": 3772000.0,
        "Amortization Of Intangibles Income Statement": 3772000.0,
        "Selling General And Administration": 30636000.0,
        "Selling And Marketing Expense": 10847000.0,
        "General And Administrative Expense": 19789000.0,
        "Other Gand A": 19789000.0,
        "Gross Profit": 45104000.0,
        "Cost Of Revenue": 129970000.0,
        "Total Revenue": 175074000.0,
        "Operating Revenue": 175074000.0
    },
    "2022-09-30": {
        "Tax Effect Of Unusual Items": -2408.170213,
        "Tax Rate For Calcs": 0.301021,
        "Normalized EBITDA": 24455000.0,
        "Total Unusual Items": -8000.0,
        "Total Unusual Items Excluding Goodwill": -8000.0,
        "Net Income From Continuing Operation Net Minority Interest": 8973000.0,
        "Reconciled Depreciation": 10926000.0,
        "Reconciled Cost Of Revenue": 119586000.0,
        "EBIT": 13521000.0,
        "Net Interest Income": -1771000.0,
        "Interest Expense": 1771000.0,
        "Normalized Income": 8978591.829787,
        "Net Income From Continuing And Discontinued Operation": 8973000.0,
        "Total Expenses": 161056000.0,
        "Total Operating Income As Reported": 13401000.0,
        "Diluted Average Shares": 19381794.0,
        "Basic Average Shares": 19381489.0,
        "Diluted EPS": 0.46,
        "Basic EPS": 0.46,
        "Diluted NI Availto Com Stockholders": 8837000.0,
        "Average Dilution Earnings": 0.0,
        "Net Income Common Stockholders": 8837000.0,
        "Otherunder Preferred Stock Dividend": 136000.0,
        "Net Income": 8973000.0,
        "Minority Interests": 760000.0,
        "Net Income Including Noncontrolling Interests": 8213000.0,
        "Net Income Continuous Operations": 8213000.0,
        "Tax Provision": 3537000.0,
        "Pretax Income": 11750000.0,
        "Other Income Expense": 112000.0,
        "Other Non Operating Income Expenses": 120000.0,
        "Special Income Charges": -8000.0,
        "Restructuring And Mergern Acquisition": 8000.0,
        "Net Non Operating Interest Income Expense": -1771000.0,
        "Interest Expense Non Operating": 1771000.0,
        "Operating Income": 13409000.0,
        "Operating Expense": 37929000.0,
        "Depreciation Amortization Depletion Income Statement": 7385000.0,
        "Depreciation And Amortization In Income Statement": 7385000.0,
        "Amortization": 7385000.0,
        "Amortization Of Intangibles Income Statement": 7385000.0,
        "Selling General And Administration": 30544000.0,
        "Selling And Marketing Expense": 10748000.0,
        "General And Administrative Expense": 19796000.0,
        "Other Gand A": 19796000.0,
        "Gross Profit": 51338000.0,
        "Cost Of Revenue": 123127000.0,
        "Total Revenue": 174465000.0,
        "Operating Revenue": 174465000.0
    },
    "2022-06-30": {
        "Tax Effect Of Unusual Items": -3374.068554,
        "Tax Rate For Calcs": 0.259544,
        "Normalized EBITDA": 26470000.0,
        "Total Unusual Items": -13000.0,
        "Total Unusual Items Excluding Goodwill": -13000.0,
        "Net Income From Continuing Operation Net Minority Interest": 4017000.0,
        "Reconciled Depreciation": 16471000.0,
        "Reconciled Cost Of Revenue": 110054000.0,
        "EBIT": 9986000.0,
        "Net Interest Income": -1263000.0,
        "Interest Expense": 1263000.0,
        "Normalized Income": 4026625.931446,
        "Net Income From Continuing And Discontinued Operation": 4017000.0,
        "Total Expenses": 155886000.0,
        "Total Operating Income As Reported": 9932000.0,
        "Diluted Average Shares": 19374736.0,
        "Basic Average Shares": 19374714.0,
        "Diluted EPS": 0.2,
        "Basic EPS": 0.2,
        "Diluted NI Availto Com Stockholders": 3957000.0,
        "Average Dilution Earnings": 0.0,
        "Net Income Common Stockholders": 3957000.0,
        "Otherunder Preferred Stock Dividend": 60000.0,
        "Net Income": 4017000.0,
        "Minority Interests": -2442000.0,
        "Net Income Including Noncontrolling Interests": 6459000.0,
        "Net Income Continuous Operations": 6459000.0,
        "Tax Provision": 2264000.0,
        "Pretax Income": 8723000.0,
        "Other Income Expense": 41000.0,
        "Other Non Operating Income Expenses": 54000.0,
        "Special Income Charges": -13000.0,
        "Restructuring And Mergern Acquisition": 13000.0,
        "Net Non Operating Interest Income Expense": -1263000.0,
        "Interest Expense Non Operating": 1263000.0,
        "Operating Income": 9945000.0,
        "Operating Expense": 42154000.0,
        "Depreciation Amortization Depletion Income Statement": 12793000.0,
        "Depreciation And Amortization In Income Statement": 12793000.0,
        "Amortization": 12793000.0,
        "Amortization Of Intangibles Income Statement": 12793000.0,
        "Selling General And Administration": 29361000.0,
        "Selling And Marketing Expense": 10545000.0,
        "General And Administrative Expense": 18816000.0,
        "Other Gand A": 18816000.0,
        "Gross Profit": 52099000.0,
        "Cost Of Revenue": 113732000.0,
        "Total Revenue": 165831000.0,
        "Operating Revenue": 165831000.0
    },
    "2022-03-31": {
        "Diluted EPS": -0.47,
        "Total Revenue": 139,
        "Gross Profit": 37,
        "Operating Income": -4,
        "EBIT": 13,
        "Net Income": -9
    },
    "2021-12-31": {
        "Diluted EPS": -0.41,
        "Total Revenue": 72,
        "Gross Profit": 13,
        "Operating Income": -5,
        "EBIT": -2,
        "Net Income": -3
    },
    "2021-09-30": {
        "Diluted EPS": 0.02,
        "Total Revenue": 67,
        "Gross Profit": 17,
        "Operating Income": 1,
        "EBIT": 4,
        "Net Income": 0
    },
    "2021-06-30": {
        "Diluted EPS": 0.1,
        "Total Revenue": 65,
        "Gross Profit": 17,
        "Operating Income": 3,
        "EBIT": 6,
        "Net Income": 2
    },
    "2021-03-31": {
        "Diluted EPS": 0.03,
        "Total Revenue": 56,
        "Gross Profit": 13,
        "Operating Income": -1,
        "EBIT": 2,
        "Net Income": 0
    },
    "2020-12-31": {
        "Diluted EPS": -0.07,
        "Total Revenue": 57,
        "Gross Profit": 12,
        "Operating Income": -1,
        "EBIT": 2,
        "Net Income": -1
    },
    "2020-09-30": {
        "Diluted EPS": 0.07,
        "Total Revenue": 55,
        "Gross Profit": 14,
        "Operating Income": 1,
        "EBIT": 4,
        "Net Income": 1
    },
    "2020-06-30": {
        "Diluted EPS": -0.38,
        "Total Revenue": 43,
        "Gross Profit": 7,
        "Operating Income": -8,
        "EBIT": -5,
        "Net Income": -6
    },
    "2020-03-31": {
        "Diluted EPS": 0.28,
        "Total Revenue": 74,
        "Gross Profit": 24,
        "Operating Income": 6,
        "EBIT": 9,
        "Net Income": 4
    },
    "2019-12-31": {
        "Diluted EPS": -0.34,
        "Total Revenue": 86,
        "Gross Profit": 30,
        "Operating Income": 0,
        "EBIT": 3,
        "Net Income": -5
    },
    "2019-09-30": {
        "Diluted EPS": 0.46,
        "Total Revenue": 100,
        "Gross Profit": 36,
        "Operating Income": 13,
        "EBIT": 15,
        "Net Income": 7
    },
    "2019-06-30": {
        "Diluted EPS": 1.15,
        "Total Revenue": 111,
        "Gross Profit": 42,
        "Operating Income": 25,
        "EBIT": 27,
        "Net Income": 17
    },
    "2019-03-31": {
        "Diluted EPS": 1.01,
        "Total Revenue": 100,
        "Gross Profit": 36,
        "Operating Income": 20,
        "EBIT": 23,
        "Net Income": 15
    },
    "2018-12-31": {
        "Diluted EPS": 1.02,
        "Total Revenue": 90,
        "Gross Profit": 31,
        "Operating Income": 13,
        "EBIT": 15,
        "Net Income": 15
    },
    "2018-09-30": {
        "Diluted EPS": 0.33,
        "Total Revenue": 88,
        "Gross Profit": 30,
        "Operating Income": 9,
        "EBIT": 11,
        "Net Income": 5
    },
    "2018-06-30": {
        "Diluted EPS": 0.43,
        "Total Revenue": 81,
        "Gross Profit": 27,
        "Operating Income": 10,
        "EBIT": 13,
        "Net Income": 6
    },
    "2018-03-31": {
        "Diluted EPS": 0.26,
        "Total Revenue": 67,
        "Gross Profit": 23,
        "Operating Income": 5,
        "EBIT": 8,
        "Net Income": 4
    },
    "2017-12-31": {
        "Diluted EPS": -0.13,
        "Total Revenue": 54,
        "Gross Profit": 18,
        "Operating Income": 1,
        "EBIT": 3,
        "Net Income": -2
    },
    "2017-09-30": {
        "Diluted EPS": -0.98,
        "Total Revenue": 52,
        "Gross Profit": 17,
        "Operating Income": -12,
        "EBIT": 8,
        "Net Income": -14
    },
    "2017-06-30": {
        "Diluted EPS": 0.01,
        "Total Revenue": 47,
        "Gross Profit": 14,
        "Operating Income": 2,
        "EBIT": 5,
        "Net Income": 0
    },
    "2017-03-31": {
        "Diluted EPS": -0.21,
        "Total Revenue": 39,
        "Gross Profit": 10,
        "Operating Income": -2,
        "EBIT": 1,
        "Net Income": -3
    },
    "2016-12-31": {
        "Diluted EPS": -0.16,
        "Total Revenue": 40,
        "Gross Profit": 10,
        "Operating Income": -2,
        "EBIT": 1,
        "Net Income": -2
    },
    "2016-09-30": {
        "Diluted EPS": -0.22,
        "Total Revenue": 37,
        "Gross Profit": 8,
        "Operating Income": -2,
        "EBIT": 0,
        "Net Income": -3
    },
    "2016-06-30": {
        "Diluted EPS": -0.05,
        "Total Revenue": 41,
        "Gross Profit": 10,
        "Operating Income": -1,
        "EBIT": 2,
        "Net Income": -1
    },
    "2016-03-31": {
        "Diluted EPS": -0.03,
        "Total Revenue": 41,
        "Gross Profit": 10,
        "Operating Income": 0,
        "EBIT": 2,
        "Net Income": 0
    },
    "2015-12-31": {
        "Diluted EPS": -1.15,
        "Total Revenue": 42,
        "Gross Profit": 2,
        "Operating Income": -19,
        "EBIT": -5,
        "Net Income": -16
    },
    "2015-09-30": {
        "Diluted EPS": -0.3,
        "Total Revenue": 40,
        "Gross Profit": 10,
        "Operating Income": -1,
        "EBIT": 2,
        "Net Income": -4
    },
    "2015-06-30": {
        "Diluted EPS": -0.1,
        "Total Revenue": 45,
        "Gross Profit": 13,
        "Operating Income": 0,
        "EBIT": 3,
        "Net Income": -1
    },
    "2015-03-31": {
        "Diluted EPS": -0.17,
        "Total Revenue": 41,
        "Gross Profit": 11,
        "Operating Income": -3,
        "EBIT": 0,
        "Net Income": -2
    },
    "2014-12-31": {
        "Diluted EPS": -0.27,
        "Total Revenue": 52,
        "Gross Profit": 16,
        "Operating Income": -4,
        "EBIT": 0,
        "Net Income": -3
    },
    "2014-09-30": {
        "Diluted EPS": 0.17,
        "Total Revenue": 52,
        "Gross Profit": 15,
        "Operating Income": 3,
        "EBIT": 7,
        "Net Income": 2
    },
    "2014-06-30": {
        "Diluted EPS": 0.17,
        "Total Revenue": 52,
        "Gross Profit": 16,
        "Operating Income": 4,
        "EBIT": 7,
        "Net Income": 2
    },
    "2014-03-31": {
        "Diluted EPS": 0.11,
        "Total Revenue": 47,
        "Gross Profit": 15,
        "Operating Income": 3,
        "EBIT": 6,
        "Net Income": 1
    },
    "2013-12-31": {
        "Diluted EPS": -0.06,
        "Total Revenue": 46,
        "Gross Profit": 12,
        "Operating Income": 1,
        "EBIT": 4,
        "Net Income": -1
    },
    "2013-09-30": {
        "Diluted EPS": 0.26,
        "Total Revenue": 52,
        "Gross Profit": 16,
        "Operating Income": 5,
        "EBIT": 8,
        "Net Income": 4
    },
    "2013-06-30": {
        "Diluted EPS": 0.25,
        "Total Revenue": 58,
        "Gross Profit": 17,
        "Operating Income": 6,
        "EBIT": 9,
        "Net Income": 3
    },
    "2013-03-31": {
        "Diluted EPS": 0.02,
        "Total Revenue": 46,
        "Gross Profit": 13,
        "Operating Income": -1,
        "EBIT": 2,
        "Net Income": 0
    },
    "2012-12-31": {
        "Diluted EPS": 0.14,
        "Total Revenue": 44,
        "Gross Profit": 14,
        "Operating Income": 3,
        "EBIT": 6,
        "Net Income": 2
    },
    "2012-09-30": {
        "Diluted EPS": 0.28,
        "Total Revenue": 50,
        "Gross Profit": 15,
        "Operating Income": 5,
        "EBIT": 8,
        "Net Income": 4
    },
    "2012-06-30": {
        "Diluted EPS": 0.2,
        "Total Revenue": 49,
        "Gross Profit": 14,
        "Operating Income": 4,
        "EBIT": 7,
        "Net Income": 3
    },
    "2012-03-31": {
        "Diluted EPS": 0.18,
        "Total Revenue": 50,
        "Gross Profit": 14,
        "Operating Income": 4,
        "EBIT": 7,
        "Net Income": 2
    },
    "2011-12-31": {
        "Diluted EPS": 0.26,
        "Total Revenue": 54,
        "Gross Profit": 15,
        "Operating Income": 5,
        "EBIT": 8,
        "Net Income": 4
    },
    "2011-09-30": {
        "Diluted EPS": 0.32,
        "Total Revenue": 55,
        "Gross Profit": 15,
        "Operating Income": 6,
        "EBIT": 9,
        "Net Income": 4
    },
    "2011-06-30": {
        "Diluted EPS": 0.29,
        "Total Revenue": 54,
        "Gross Profit": 15,
        "Operating Income": 6,
        "EBIT": 9,
        "Net Income": 4
    },
    "2011-03-31": {
        "Diluted EPS": 0.06,
        "Total Revenue": 46,
        "Gross Profit": 10,
        "Operating Income": 1,
        "EBIT": 4,
        "Net Income": 1
    },
    "2010-12-31": {
        "Diluted EPS": 0.1,
        "Total Revenue": 45,
        "Gross Profit": 10,
        "Operating Income": 2,
        "EBIT": 5,
        "Net Income": 1
    },
    "2010-09-30": {
        "Diluted EPS": 0.1,
        "Total Revenue": 41,
        "Gross Profit": 11,
        "Operating Income": 3,
        "EBIT": 6,
        "Net Income": 1
    },
    "2010-06-30": {
        "Diluted EPS": 0.23,
        "Total Revenue": 38,
        "Gross Profit": 9,
        "Operating Income": 2,
        "EBIT": 5,
        "Net Income": 3
    },
    "2010-03-31": {
        "Diluted EPS": -0.03,
        "Total Revenue": 30,
        "Gross Profit": 7,
        "Operating Income": 0,
        "EBIT": 3,
        "Net Income": 0
    },
    "2009-12-31": {
        "Diluted EPS": 0.08,
        "Total Revenue": 43,
        "Gross Profit": 10,
        "Operating Income": 2,
        "EBIT": 5,
        "Net Income": 1
    },
    "2009-09-30": {
        "Diluted EPS": 0.08,
        "Total Revenue": 35,
        "Gross Profit": 9,
        "Operating Income": 3,
        "EBIT": 5,
        "Net Income": 1
    },
    "2009-06-30": {
        "Diluted EPS": 0.12,
        "Total Revenue": 38,
        "Gross Profit": 9,
        "Operating Income": 3,
        "EBIT": 6,
        "Net Income": 1
    },
    "2009-03-31": {
        "Diluted EPS": 0.38,
        "Total Revenue": 50,
        "Gross Profit": 15,
        "Operating Income": 8,
        "EBIT": 11,
        "Net Income": 5
    },
    "2023-06-30": {
        "Tax Effect Of Unusual Items": 0.0,
        "Tax Rate For Calcs": 0.273564,
        "Normalized EBITDA": 35659000.0,
        "Total Unusual Items": 0.0,
        "Total Unusual Items Excluding Goodwill": 0.0,
        "Net Income From Continuing Operation Net Minority Interest": 13815000.0,
        "Reconciled Depreciation": 9101000.0,
        "Reconciled Cost Of Revenue": 123340000.0,
        "EBIT": 26558000.0,
        "Net Interest Income": -2432000.0,
        "Interest Expense": 2432000.0,
        "Normalized Income": 13815000.0,
        "Net Income From Continuing And Discontinued Operation": 13815000.0,
        "Total Expenses": 161667000.0,
        "Total Operating Income As Reported": 26997000.0,
        "Diluted Average Shares": 19504963.0,
        "Basic Average Shares": 19497871.0,
        "Diluted EPS": 0.7,
        "Basic EPS": 0.7,
        "Diluted NI Availto Com Stockholders": 13587000.0,
        "Average Dilution Earnings": 1000.0,
        "Net Income Common Stockholders": 13586000.0,
        "Otherunder Preferred Stock Dividend": 229000.0,
        "Net Income": 13815000.0,
        "Minority Interests": -3711000.0,
        "Net Income Including Noncontrolling Interests": 17526000.0,
        "Net Income Continuous Operations": 17526000.0,
        "Tax Provision": 6600000.0,
        "Pretax Income": 24126000.0,
        "Other Income Expense": -439000.0,
        "Other Non Operating Income Expenses": -439000.0,
        "Special Income Charges": 0.0,
        "Restructuring And Mergern Acquisition": 0.0,
        "Net Non Operating Interest Income Expense": -2432000.0,
        "Interest Expense Non Operating": 2432000.0,
        "Operating Income": 26997000.0,
        "Operating Expense": 34893000.0,
        "Depreciation Amortization Depletion Income Statement": 5667000.0,
        "Depreciation And Amortization In Income Statement": 5667000.0,
        "Amortization": 5667000.0,
        "Amortization Of Intangibles Income Statement": 5667000.0,
        "Selling General And Administration": 29226000.0,
        "Selling And Marketing Expense": 11700000.0,
        "General And Administrative Expense": 17526000.0,
        "Other Gand A": 17526000.0,
        "Gross Profit": 61890000.0,
        "Cost Of Revenue": 126774000.0,
        "Total Revenue": 188664000.0,
        "Operating Revenue": 188664000.0
    }
}