{
    "2023-03-31": {
        "Tax Effect Of Unusual Items": 374000.0,
        "Tax Rate For Calcs": 0.22,
        "Normalized EBITDA": 71200000.0,
        "Total Unusual Items": 1700000.0,
        "Total Unusual Items Excluding Goodwill": 1700000.0,
        "Net Income From Continuing Operation Net Minority Interest": -7400000.0,
        "Reconciled Depreciation": 28200000.0,
        "Reconciled Cost Of Revenue": 28200000.0,
        "EBITDA": 72900000.0,
        "EBIT": 44700000.0,
        "Net Interest Income": -42100000.0,
        "Interest Expense": 36800000.0,
        "Interest Income": 2400000.0,
        "Normalized Income": -8726000.0,
        "Net Income From Continuing And Discontinued Operation": -7400000.0,
        "Total Expenses": 126100000.0,
        "Total Operating Income As Reported": 46000000.0,
        "Diluted Average Shares": 234781420.0,
        "Basic Average Shares": 234781420.0,
        "Diluted EPS": -0.03,
        "Basic EPS": -0.03,
        "Diluted NI Availto Com Stockholders": -7400000.0,
        "Net Income Common Stockholders": -7400000.0,
        "Net Income": -7400000.0,
        "Net Income Including Noncontrolling Interests": -7400000.0,
        "Net Income Continuous Operations": -7400000.0,
        "Tax Provision": 15300000.0,
        "Pretax Income": 7900000.0,
        "Other Income Expense": 4100000.0,
        "Special Income Charges": 100000.0,
        "Gain On Sale Of Ppe": 100000.0,
        "Impairment Of Capital Assets": NaN,
        "Earnings From Equity Interest": 2400000.0,
        "Gain On Sale Of Security": 1600000.0,
        "Net Non Operating Interest Income Expense": -42100000.0,
        "Total Other Finance Cost": 7700000.0,
        "Interest Expense Non Operating": 36800000.0,
        "Interest Income Non Operating": 2400000.0,
        "Operating Income": 45900000.0,
        "Operating Expense": 97900000.0,
        "Selling General And Administration": 12400000.0,
        "General And Administrative Expense": 12400000.0,
        "Other Gand A": 12400000.0,
        "Gross Profit": 143800000.0,
        "Cost Of Revenue": 28200000.0,
        "Total Revenue": 172000000.0,
        "Operating Revenue": 172000000.0
    },
    "2022-12-31": {
        "Tax Effect Of Unusual Items": -220000.0,
        "Tax Rate For Calcs": 0.22,
        "Normalized EBITDA": 43700000.0,
        "Total Unusual Items": -1000000.0,
        "Total Unusual Items Excluding Goodwill": -1000000.0,
        "Net Income From Continuing Operation Net Minority Interest": -21300000.0,
        "Reconciled Depreciation": 28300000.0,
        "Reconciled Cost Of Revenue": 28300000.0,
        "EBITDA": 42700000.0,
        "EBIT": 14400000.0,
        "Net Interest Income": -44800000.0,
        "Interest Expense": 32900000.0,
        "Interest Income": 700000.0,
        "Normalized Income": -20520000.0,
        "Net Income From Continuing And Discontinued Operation": -21300000.0,
        "Total Expenses": 122700000.0,
        "Total Operating Income As Reported": 29500000.0,
        "Diluted Average Shares": NaN,
        "Basic Average Shares": NaN,
        "Diluted EPS": NaN,
        "Basic EPS": NaN,
        "Diluted NI Availto Com Stockholders": -21300000.0,
        "Net Income Common Stockholders": -21300000.0,
        "Net Income": -21300000.0,
        "Net Income Including Noncontrolling Interests": -21300000.0,
        "Net Income Continuous Operations": -21300000.0,
        "Tax Provision": 2800000.0,
        "Pretax Income": -18500000.0,
        "Other Income Expense": 400000.0,
        "Other Non Operating Income Expenses": 0.0,
        "Special Income Charges": -2300000.0,
        "Gain On Sale Of Ppe": 3600000.0,
        "Impairment Of Capital Assets": 0.0,
        "Earnings From Equity Interest": 1400000.0,
        "Gain On Sale Of Security": 1300000.0,
        "Net Non Operating Interest Income Expense": -44800000.0,
        "Total Other Finance Cost": 12600000.0,
        "Interest Expense Non Operating": 32900000.0,
        "Interest Income Non Operating": 700000.0,
        "Operating Income": 25900000.0,
        "Operating Expense": 94400000.0,
        "Selling General And Administration": 11000000.0,
        "General And Administrative Expense": 11000000.0,
        "Other Gand A": 11000000.0,
        "Gross Profit": 120300000.0,
        "Cost Of Revenue": 28300000.0,
        "Total Revenue": 148600000.0,
        "Operating Revenue": 148600000.0
    },
    "2022-09-30": {
        "Tax Effect Of Unusual Items": -3760000.0,
        "Tax Rate For Calcs": 0.4,
        "Normalized EBITDA": 23000000.0,
        "Total Unusual Items": -9400000.0,
        "Total Unusual Items Excluding Goodwill": -9400000.0,
        "Net Income From Continuing Operation Net Minority Interest": -54900000.0,
        "Reconciled Depreciation": 29200000.0,
        "Reconciled Cost Of Revenue": 29200000.0,
        "EBITDA": 13600000.0,
        "EBIT": -15600000.0,
        "Net Interest Income": -52100000.0,
        "Interest Expense": 34800000.0,
        "Interest Income": 800000.0,
        "Normalized Income": -49260000.0,
        "Net Income From Continuing And Discontinued Operation": -54900000.0,
        "Total Expenses": 96600000.0,
        "Total Operating Income As Reported": 3900000.0,
        "Diluted Average Shares": 185622430.0,
        "Basic Average Shares": 185622430.0,
        "Diluted EPS": -0.3,
        "Basic EPS": -0.3,
        "Diluted NI Availto Com Stockholders": -54900000.0,
        "Net Income Common Stockholders": -54900000.0,
        "Net Income": -54900000.0,
        "Net Income Including Noncontrolling Interests": -54900000.0,
        "Net Income Continuous Operations": -54900000.0,
        "Tax Provision": 4500000.0,
        "Pretax Income": -50400000.0,
        "Other Income Expense": -9600000.0,
        "Other Non Operating Income Expenses": NaN,
        "Special Income Charges": -7400000.0,
        "Gain On Sale Of Ppe": -100000.0,
        "Impairment Of Capital Assets": 7300000.0,
        "Earnings From Equity Interest": -200000.0,
        "Gain On Sale Of Security": -2000000.0,
        "Net Non Operating Interest Income Expense": -52100000.0,
        "Total Other Finance Cost": 18100000.0,
        "Interest Expense Non Operating": 34800000.0,
        "Interest Income Non Operating": 800000.0,
        "Operating Income": 11300000.0,
        "Operating Expense": 67400000.0,
        "Selling General And Administration": 7000000.0,
        "General And Administrative Expense": 7000000.0,
        "Other Gand A": 7000000.0,
        "Gross Profit": 78700000.0,
        "Cost Of Revenue": 29200000.0,
        "Total Revenue": 107900000.0,
        "Operating Revenue": 107900000.0
    },
    "2022-06-30": {
        "Tax Effect Of Unusual Items": -49440000.0,
        "Tax Rate For Calcs": 0.4,
        "Normalized EBITDA": 24600000.0,
        "Total Unusual Items": -123600000.0,
        "Total Unusual Items Excluding Goodwill": -123600000.0,
        "Net Income From Continuing Operation Net Minority Interest": -165300000.0,
        "Reconciled Depreciation": 29500000.0,
        "Reconciled Cost Of Revenue": 29500000.0,
        "EBITDA": -99000000.0,
        "EBIT": -128500000.0,
        "Net Interest Income": -37000000.0,
        "Interest Expense": 30500000.0,
        "Interest Income": 3900000.0,
        "Normalized Income": -91140000.0,
        "Net Income From Continuing And Discontinued Operation": -165300000.0,
        "Total Expenses": 104600000.0,
        "Total Operating Income As Reported": -123000000.0,
        "Diluted Average Shares": 152284619.0,
        "Basic Average Shares": 152284619.0,
        "Diluted EPS": -1.09,
        "Basic EPS": -1.09,
        "Diluted NI Availto Com Stockholders": -165300000.0,
        "Net Income Common Stockholders": -165300000.0,
        "Net Income": -165300000.0,
        "Net Income Including Noncontrolling Interests": -165300000.0,
        "Net Income Continuous Operations": -165300000.0,
        "Tax Provision": 6300000.0,
        "Pretax Income": -159000000.0,
        "Other Income Expense": -122700000.0,
        "Other Non Operating Income Expenses": 2000000.0,
        "Special Income Charges": -123700000.0,
        "Gain On Sale Of Ppe": 700000.0,
        "Impairment Of Capital Assets": 124400000.0,
        "Earnings From Equity Interest": -1100000.0,
        "Gain On Sale Of Security": 100000.0,
        "Net Non Operating Interest Income Expense": -37000000.0,
        "Total Other Finance Cost": 10400000.0,
        "Interest Expense Non Operating": 30500000.0,
        "Interest Income Non Operating": 3900000.0,
        "Operating Income": 700000.0,
        "Operating Expense": 75100000.0,
        "Selling General And Administration": 9600000.0,
        "General And Administrative Expense": 9600000.0,
        "Other Gand A": 9600000.0,
        "Gross Profit": 75800000.0,
        "Cost Of Revenue": 29500000.0,
        "Total Revenue": 105300000.0,
        "Operating Revenue": 105300000.0
    },
    "2022-03-31": {
        "Diluted EPS": -0.35,
        "Total Revenue": 82,
        "Gross Profit": 26,
        "Operating Income": -12,
        "EBIT": 23,
        "Net Income": -51
    },
    "2021-12-31": {
        "Diluted EPS": -0.33,
        "Total Revenue": 69,
        "Gross Profit": 30,
        "Operating Income": -13,
        "EBIT": 27,
        "Net Income": -46
    },
    "2021-09-30": {
        "Diluted EPS": -0.24,
        "Total Revenue": 73,
        "Gross Profit": 27,
        "Operating Income": -9,
        "EBIT": 27,
        "Net Income": -33
    },
    "2021-06-30": {
        "Diluted EPS": -0.44,
        "Total Revenue": 55,
        "Gross Profit": 7,
        "Operating Income": -26,
        "EBIT": 2,
        "Net Income": -60
    },
    "2021-03-31": {
        "Diluted EPS": -0.42,
        "Total Revenue": 48,
        "Gross Profit": 0,
        "Operating Income": -41,
        "EBIT": -11,
        "Net Income": -54
    },
    "2020-12-31": {
        "Diluted EPS": -0.22,
        "Total Revenue": 60,
        "Gross Profit": 6,
        "Operating Income": -26,
        "EBIT": 7,
        "Net Income": -59
    },
    "2020-09-30": {
        "Diluted EPS": -0.78,
        "Total Revenue": 59,
        "Gross Profit": -4,
        "Operating Income": -45,
        "EBIT": -16,
        "Net Income": -62
    },
    "2020-06-30": {
        "Diluted EPS": -1.66,
        "Total Revenue": 84,
        "Gross Profit": 1,
        "Operating Income": -91,
        "EBIT": -62,
        "Net Income": -110
    },
    "2020-03-31": {
        "Diluted EPS": -1.56,
        "Total Revenue": 104,
        "Gross Profit": 34,
        "Operating Income": -27,
        "EBIT": 7,
        "Net Income": -87
    },
    "2019-12-31": {
        "Diluted EPS": -1.06,
        "Total Revenue": 93,
        "Gross Profit": 11,
        "Operating Income": -30,
        "EBIT": -2,
        "Net Income": -60
    },
    "2019-09-30": {
        "Diluted EPS": -1.5,
        "Total Revenue": 103,
        "Gross Profit": 15,
        "Operating Income": -26,
        "EBIT": 4,
        "Net Income": -79
    },
    "2019-06-30": {
        "Diluted EPS": -1.96,
        "Total Revenue": 87,
        "Gross Profit": 5,
        "Operating Income": -37,
        "EBIT": -5,
        "Net Income": -103
    },
    "2019-03-31": {
        "Diluted EPS": -1.04,
        "Total Revenue": 52,
        "Gross Profit": -5,
        "Operating Income": -58,
        "EBIT": -27,
        "Net Income": -55
    },
    "2018-12-31": {
        "Diluted EPS": -0.42,
        "Total Revenue": 54,
        "Gross Profit": -6,
        "Operating Income": -51,
        "EBIT": -19,
        "Net Income": -111
    },
    "2018-09-30": {
        "Diluted EPS": -0.74,
        "Total Revenue": 50,
        "Gross Profit": 4,
        "Operating Income": -42,
        "EBIT": -10,
        "Net Income": -39
    },
    "2018-06-30": {
        "Diluted EPS": -0.14,
        "Total Revenue": 51,
        "Gross Profit": -1,
        "Operating Income": -25,
        "EBIT": 3,
        "Net Income": -7
    },
    "2018-03-31": {
        "Diluted EPS": -0.14,
        "Total Revenue": 11,
        "Gross Profit": -12,
        "Operating Income": -14,
        "EBIT": -2,
        "Net Income": -34
    },
    "2017-12-31": {
        "Diluted EPS": 0.0,
        "Total Revenue": NaN,
        "Gross Profit": NaN,
        "Operating Income": NaN,
        "EBIT": NaN,
        "Net Income": NaN
    },
    "2023-06-30": {
        "Tax Effect Of Unusual Items": 44000.0,
        "Tax Rate For Calcs": 0.22,
        "Normalized EBITDA": 80400000.0,
        "Total Unusual Items": 200000.0,
        "Total Unusual Items Excluding Goodwill": 200000.0,
        "Net Income From Continuing Operation Net Minority Interest": 800000.0,
        "Reconciled Depreciation": 28000000.0,
        "Reconciled Cost Of Revenue": 28000000.0,
        "EBITDA": 80600000.0,
        "EBIT": 52600000.0,
        "Net Interest Income": -49600000.0,
        "Interest Expense": 38400000.0,
        "Interest Income": 1700000.0,
        "Normalized Income": 644000.0,
        "Net Income From Continuing And Discontinued Operation": 800000.0,
        "Total Expenses": 127800000.0,
        "Total Operating Income As Reported": 59900000.0,
        "Diluted Average Shares": 248919706.0,
        "Basic Average Shares": 244777228.0,
        "Diluted EPS": 0.003214,
        "Basic EPS": 0.003268,
        "Diluted NI Availto Com Stockholders": 800000.0,
        "Net Income Common Stockholders": 800000.0,
        "Net Income": 800000.0,
        "Net Income Including Noncontrolling Interests": 800000.0,
        "Net Income Continuous Operations": 800000.0,
        "Tax Provision": 13400000.0,
        "Pretax Income": 14200000.0,
        "Other Income Expense": 4100000.0,
        "Special Income Charges": 200000.0,
        "Gain On Sale Of Ppe": 200000.0,
        "Impairment Of Capital Assets": 0.0,
        "Earnings From Equity Interest": 3900000.0,
        "Gain On Sale Of Security": -3200000.0,
        "Net Non Operating Interest Income Expense": -49600000.0,
        "Total Other Finance Cost": 12900000.0,
        "Interest Expense Non Operating": 38400000.0,
        "Interest Income Non Operating": 1700000.0,
        "Operating Income": 59700000.0,
        "Operating Expense": 99800000.0,
        "Selling General And Administration": 10300000.0,
        "General And Administrative Expense": 10300000.0,
        "Other Gand A": 10300000.0,
        "Gross Profit": 159500000.0,
        "Cost Of Revenue": 28000000.0,
        "Total Revenue": 187500000.0,
        "Operating Revenue": 187500000.0
    },
    "2023-09-30": {
        "Tax Effect Of Unusual Items": -506000.0,
        "Tax Rate For Calcs": 0.22,
        "Normalized EBITDA": 86700000.0,
        "Total Unusual Items": -2300000.0,
        "Total Unusual Items Excluding Goodwill": -2300000.0,
        "Net Income From Continuing Operation Net Minority Interest": 300000.0,
        "Reconciled Depreciation": 30400000.0,
        "Reconciled Cost Of Revenue": 30400000.0,
        "EBITDA": 84400000.0,
        "EBIT": 54000000.0,
        "Net Interest Income": -47600000.0,
        "Interest Expense": 39100000.0,
        "Interest Income": 100000.0,
        "Normalized Income": 2094000.0,
        "Net Income From Continuing And Discontinued Operation": 300000.0,
        "Total Expenses": 127800000.0,
        "Total Operating Income As Reported": 63800000.0,
        "Diluted Average Shares": 250171209.0,
        "Basic Average Shares": 245754679.0,
        "Diluted EPS": 0.001199,
        "Basic EPS": 0.001221,
        "Diluted NI Availto Com Stockholders": 300000.0,
        "Net Income Common Stockholders": 300000.0,
        "Net Income": 300000.0,
        "Net Income Including Noncontrolling Interests": 300000.0,
        "Net Income Continuous Operations": 300000.0,
        "Tax Provision": 14600000.0,
        "Pretax Income": 14900000.0,
        "Other Income Expense": -1200000.0,
        "Special Income Charges": 100000.0,
        "Gain On Sale Of Ppe": 100000.0,
        "Impairment Of Capital Assets": 0.0,
        "Earnings From Equity Interest": 1100000.0,
        "Gain On Sale Of Security": -2400000.0,
        "Net Non Operating Interest Income Expense": -47600000.0,
        "Total Other Finance Cost": 8600000.0,
        "Interest Expense Non Operating": 39100000.0,
        "Interest Income Non Operating": 100000.0,
        "Operating Income": 63700000.0,
        "Operating Expense": 97400000.0,
        "Selling General And Administration": 11600000.0,
        "General And Administrative Expense": 11600000.0,
        "Other Gand A": 11600000.0,
        "Gross Profit": 161100000.0,
        "Cost Of Revenue": 30400000.0,
        "Total Revenue": 191500000.0,
        "Operating Revenue": 191500000.0
    },
    "2023-12-31": {
        "Tax Effect Of Unusual Items": -1562000.0,
        "Tax Rate For Calcs": 0.22,
        "Normalized EBITDA": 101100000.0,
        "Total Unusual Items": -7100000.0,
        "Total Unusual Items Excluding Goodwill": -7100000.0,
        "Net Income From Continuing Operation Net Minority Interest": 28400000.0,
        "Reconciled Depreciation": 30800000.0,
        "Reconciled Cost Of Revenue": 30800000.0,
        "EBITDA": 94000000.0,
        "EBIT": 63200000.0,
        "Net Interest Income": -51800000.0,
        "Interest Expense": 44100000.0,
        "Interest Income": 700000.0,
        "Normalized Income": 33938000.0,
        "Net Income From Continuing And Discontinued Operation": 28400000.0,
        "Total Expenses": 140100000.0,
        "Total Operating Income As Reported": 80700000.0,
        "Diluted Average Shares": NaN,
        "Basic Average Shares": NaN,
        "Diluted EPS": NaN,
        "Basic EPS": NaN,
        "Diluted NI Availto Com Stockholders": 28400000.0,
        "Net Income Common Stockholders": 28400000.0,
        "Net Income": 28400000.0,
        "Net Income Including Noncontrolling Interests": 28400000.0,
        "Net Income Continuous Operations": 28400000.0,
        "Tax Provision": -9300000.0,
        "Pretax Income": 19100000.0,
        "Other Income Expense": -9600000.0,
        "Special Income Charges": -8300000.0,
        "Gain On Sale Of Ppe": 200000.0,
        "Impairment Of Capital Assets": 0.0,
        "Earnings From Equity Interest": -2500000.0,
        "Gain On Sale Of Security": 1200000.0,
        "Net Non Operating Interest Income Expense": -51800000.0,
        "Total Other Finance Cost": 8400000.0,
        "Interest Expense Non Operating": 44100000.0,
        "Interest Income Non Operating": 700000.0,
        "Operating Income": 80500000.0,
        "Operating Expense": 109300000.0,
        "Selling General And Administration": 10800000.0,
        "General And Administrative Expense": 10800000.0,
        "Other Gand A": 10800000.0,
        "Gross Profit": 189800000.0,
        "Cost Of Revenue": 30800000.0,
        "Total Revenue": 220600000.0,
        "Operating Revenue": 220600000.0
    }
}