{
    "2023-03-31": {
        "Tax Effect Of Unusual Items": NaN,
        "Tax Rate For Calcs": NaN,
        "Normalized EBITDA": NaN,
        "Total Unusual Items": NaN,
        "Total Unusual Items Excluding Goodwill": NaN,
        "Net Income From Continuing Operation Net Minority Interest": NaN,
        "Reconciled Depreciation": NaN,
        "Reconciled Cost Of Revenue": NaN,
        "EBITDA": NaN,
        "EBIT": NaN,
        "Net Interest Income": NaN,
        "Interest Expense": NaN,
        "Normalized Income": NaN,
        "Net Income From Continuing And Discontinued Operation": NaN,
        "Total Expenses": NaN,
        "Total Operating Income As Reported": NaN,
        "Diluted Average Shares": 9366000.0,
        "Basic Average Shares": 9366000.0,
        "Diluted EPS": -0.35,
        "Basic EPS": -0.35,
        "Diluted NI Availto Com Stockholders": NaN,
        "Net Income Common Stockholders": NaN,
        "Preferred Stock Dividends": NaN,
        "Net Income": NaN,
        "Net Income Including Noncontrolling Interests": NaN,
        "Net Income Continuous Operations": NaN,
        "Tax Provision": NaN,
        "Pretax Income": NaN,
        "Other Income Expense": NaN,
        "Other Non Operating Income Expenses": NaN,
        "Special Income Charges": NaN,
        "Impairment Of Capital Assets": NaN,
        "Gain On Sale Of Security": NaN,
        "Net Non Operating Interest Income Expense": NaN,
        "Interest Expense Non Operating": NaN,
        "Operating Income": NaN,
        "Operating Expense": NaN,
        "Research And Development": NaN,
        "Selling General And Administration": NaN,
        "General And Administrative Expense": NaN,
        "Other Gand A": NaN,
        "Gross Profit": NaN,
        "Cost Of Revenue": NaN,
        "Total Revenue": NaN,
        "Operating Revenue": NaN
    },
    "2022-12-31": {
        "Tax Effect Of Unusual Items": 183716.85761,
        "Tax Rate For Calcs": 0.174304,
        "Normalized EBITDA": 1406000.0,
        "Total Unusual Items": 1054000.0,
        "Total Unusual Items Excluding Goodwill": 1054000.0,
        "Net Income From Continuing Operation Net Minority Interest": -2018000.0,
        "Reconciled Depreciation": 2311000.0,
        "Reconciled Cost Of Revenue": 28416000.0,
        "EBITDA": 2460000.0,
        "EBIT": 149000.0,
        "Net Interest Income": -2593000.0,
        "Interest Expense": 2593000.0,
        "Normalized Income": -2888283.14239,
        "Net Income From Continuing And Discontinued Operation": -2018000.0,
        "Total Expenses": 43656000.0,
        "Total Operating Income As Reported": -842000.0,
        "Diluted Average Shares": NaN,
        "Basic Average Shares": NaN,
        "Diluted EPS": NaN,
        "Basic EPS": NaN,
        "Diluted NI Availto Com Stockholders": -2335000.0,
        "Net Income Common Stockholders": -2335000.0,
        "Preferred Stock Dividends": 317000.0,
        "Net Income": -2018000.0,
        "Net Income Including Noncontrolling Interests": -2018000.0,
        "Net Income Continuous Operations": -2018000.0,
        "Tax Provision": -426000.0,
        "Pretax Income": -2444000.0,
        "Other Income Expense": 991000.0,
        "Other Non Operating Income Expenses": -63000.0,
        "Special Income Charges": NaN,
        "Impairment Of Capital Assets": NaN,
        "Gain On Sale Of Security": 1054000.0,
        "Net Non Operating Interest Income Expense": -2593000.0,
        "Interest Expense Non Operating": 2593000.0,
        "Operating Income": -842000.0,
        "Operating Expense": 15240000.0,
        "Research And Development": 617000.0,
        "Selling General And Administration": 14623000.0,
        "General And Administrative Expense": 14623000.0,
        "Other Gand A": 14623000.0,
        "Gross Profit": 14398000.0,
        "Cost Of Revenue": 28416000.0,
        "Total Revenue": 42814000.0,
        "Operating Revenue": 42814000.0
    },
    "2022-09-30": {
        "Tax Effect Of Unusual Items": NaN,
        "Tax Rate For Calcs": NaN,
        "Normalized EBITDA": NaN,
        "Total Unusual Items": NaN,
        "Total Unusual Items Excluding Goodwill": NaN,
        "Net Income From Continuing Operation Net Minority Interest": NaN,
        "Reconciled Depreciation": NaN,
        "Reconciled Cost Of Revenue": NaN,
        "EBITDA": NaN,
        "EBIT": NaN,
        "Net Interest Income": NaN,
        "Interest Expense": NaN,
        "Normalized Income": NaN,
        "Net Income From Continuing And Discontinued Operation": NaN,
        "Total Expenses": NaN,
        "Total Operating Income As Reported": NaN,
        "Diluted Average Shares": 11197000.0,
        "Basic Average Shares": 8943000.0,
        "Diluted EPS": 0.28,
        "Basic EPS": 0.31,
        "Diluted NI Availto Com Stockholders": NaN,
        "Net Income Common Stockholders": NaN,
        "Preferred Stock Dividends": NaN,
        "Net Income": NaN,
        "Net Income Including Noncontrolling Interests": NaN,
        "Net Income Continuous Operations": NaN,
        "Tax Provision": NaN,
        "Pretax Income": NaN,
        "Other Income Expense": NaN,
        "Other Non Operating Income Expenses": NaN,
        "Special Income Charges": 0.0,
        "Impairment Of Capital Assets": 0.0,
        "Gain On Sale Of Security": NaN,
        "Net Non Operating Interest Income Expense": NaN,
        "Interest Expense Non Operating": NaN,
        "Operating Income": NaN,
        "Operating Expense": NaN,
        "Research And Development": NaN,
        "Selling General And Administration": NaN,
        "General And Administrative Expense": NaN,
        "Other Gand A": NaN,
        "Gross Profit": NaN,
        "Cost Of Revenue": NaN,
        "Total Revenue": NaN,
        "Operating Revenue": NaN
    },
    "2022-06-30": {
        "Tax Effect Of Unusual Items": 664000.0,
        "Tax Rate For Calcs": 0.4,
        "Normalized EBITDA": 3090000.0,
        "Total Unusual Items": 1660000.0,
        "Total Unusual Items Excluding Goodwill": 1660000.0,
        "Net Income From Continuing Operation Net Minority Interest": 26000.0,
        "Reconciled Depreciation": 2266000.0,
        "Reconciled Cost Of Revenue": 42794000.0,
        "EBITDA": 4750000.0,
        "EBIT": 2484000.0,
        "Net Interest Income": -2417000.0,
        "Interest Expense": 2417000.0,
        "Normalized Income": -970000.0,
        "Net Income From Continuing And Discontinued Operation": 26000.0,
        "Total Expenses": 58747000.0,
        "Total Operating Income As Reported": 881000.0,
        "Diluted Average Shares": 8228000.0,
        "Basic Average Shares": 8228000.0,
        "Diluted EPS": -0.04,
        "Basic EPS": -0.04,
        "Diluted NI Availto Com Stockholders": -291000.0,
        "Net Income Common Stockholders": -291000.0,
        "Preferred Stock Dividends": 317000.0,
        "Net Income": 26000.0,
        "Net Income Including Noncontrolling Interests": 26000.0,
        "Net Income Continuous Operations": 26000.0,
        "Tax Provision": 41000.0,
        "Pretax Income": 67000.0,
        "Other Income Expense": 1603000.0,
        "Other Non Operating Income Expenses": -57000.0,
        "Gain On Sale Of Security": 1660000.0,
        "Net Non Operating Interest Income Expense": -2417000.0,
        "Interest Expense Non Operating": 2417000.0,
        "Operating Income": 881000.0,
        "Operating Expense": 15953000.0,
        "Research And Development": 649000.0,
        "Selling General And Administration": 15304000.0,
        "General And Administrative Expense": 15304000.0,
        "Other Gand A": 15304000.0,
        "Gross Profit": 16834000.0,
        "Cost Of Revenue": 42794000.0,
        "Total Revenue": 59628000.0,
        "Operating Revenue": 59628000.0
    },
    "2022-03-31": {
        "Diluted EPS": -0.56,
        "Total Revenue": 51,
        "Gross Profit": 13,
        "Operating Income": -3,
        "EBIT": -1,
        "Net Income": -5
    },
    "2021-12-31": {
        "Diluted EPS": -0.88,
        "Total Revenue": 44,
        "Gross Profit": 9,
        "Operating Income": -6,
        "EBIT": -3,
        "Net Income": -7
    },
    "2021-09-30": {
        "Diluted EPS": 0.08,
        "Total Revenue": 61,
        "Gross Profit": 16,
        "Operating Income": 4,
        "EBIT": 6,
        "Net Income": 0
    },
    "2021-06-30": {
        "Diluted EPS": -0.32,
        "Total Revenue": 47,
        "Gross Profit": 13,
        "Operating Income": 2,
        "EBIT": 4,
        "Net Income": -2
    },
    "2021-03-31": {
        "Diluted EPS": -0.72,
        "Total Revenue": 33,
        "Gross Profit": 9,
        "Operating Income": -2,
        "EBIT": 0,
        "Net Income": -5
    },
    "2020-12-31": {
        "Diluted EPS": -0.4,
        "Total Revenue": 32,
        "Gross Profit": 4,
        "Operating Income": -7,
        "EBIT": -5,
        "Net Income": -9
    },
    "2020-09-30": {
        "Diluted EPS": -0.8,
        "Total Revenue": 9,
        "Gross Profit": 2,
        "Operating Income": -2,
        "EBIT": -1,
        "Net Income": -4
    },
    "2020-06-30": {
        "Diluted EPS": -0.64,
        "Total Revenue": 8,
        "Gross Profit": 3,
        "Operating Income": -1,
        "EBIT": 0,
        "Net Income": -1
    },
    "2020-03-31": {
        "Diluted EPS": -1.28,
        "Total Revenue": 6,
        "Gross Profit": 2,
        "Operating Income": -3,
        "EBIT": -2,
        "Net Income": -2
    },
    "2019-12-31": {
        "Diluted EPS": -2.08,
        "Total Revenue": 6,
        "Gross Profit": 1,
        "Operating Income": -3,
        "EBIT": -3,
        "Net Income": -3
    },
    "2019-09-30": {
        "Diluted EPS": -0.32,
        "Total Revenue": 11,
        "Gross Profit": 3,
        "Operating Income": -1,
        "EBIT": -1,
        "Net Income": 0
    },
    "2019-06-30": {
        "Diluted EPS": -1.04,
        "Total Revenue": 11,
        "Gross Profit": 3,
        "Operating Income": -1,
        "EBIT": -1,
        "Net Income": -1
    },
    "2019-03-31": {
        "Diluted EPS": -3.6,
        "Total Revenue": 5,
        "Gross Profit": 2,
        "Operating Income": -2,
        "EBIT": -2,
        "Net Income": -5
    },
    "2018-12-31": {
        "Diluted EPS": -0.48,
        "Total Revenue": 12,
        "Gross Profit": 3,
        "Operating Income": -1,
        "EBIT": -1,
        "Net Income": -1
    },
    "2018-09-30": {
        "Diluted EPS": -0.96,
        "Total Revenue": 10,
        "Gross Profit": 2,
        "Operating Income": -2,
        "EBIT": -2,
        "Net Income": -1
    },
    "2018-06-30": {
        "Diluted EPS": -3.6,
        "Total Revenue": 10,
        "Gross Profit": 2,
        "Operating Income": -2,
        "EBIT": -2,
        "Net Income": -4
    },
    "2018-03-31": {
        "Diluted EPS": -0.72,
        "Total Revenue": 6,
        "Gross Profit": 1,
        "Operating Income": -2,
        "EBIT": -2,
        "Net Income": -1
    },
    "2017-12-31": {
        "Diluted EPS": -7.6,
        "Total Revenue": 5,
        "Gross Profit": 1,
        "Operating Income": -6,
        "EBIT": -5,
        "Net Income": -5
    },
    "2017-09-30": {
        "Diluted EPS": 0.64,
        "Total Revenue": 10,
        "Gross Profit": 3,
        "Operating Income": 1,
        "EBIT": 1,
        "Net Income": 0
    },
    "2017-06-30": {
        "Diluted EPS": -1.44,
        "Total Revenue": 6,
        "Gross Profit": 2,
        "Operating Income": -1,
        "EBIT": -1,
        "Net Income": -1
    },
    "2017-03-31": {
        "Diluted EPS": -2.72,
        "Total Revenue": 4,
        "Gross Profit": 1,
        "Operating Income": -1,
        "EBIT": -1,
        "Net Income": -2
    },
    "2016-12-31": {
        "Diluted EPS": 0.0,
        "Total Revenue": NaN,
        "Gross Profit": NaN,
        "Operating Income": NaN,
        "EBIT": NaN,
        "Net Income": NaN
    },
    "2015-12-31": {
        "Diluted EPS": 0.0,
        "Total Revenue": NaN,
        "Gross Profit": NaN,
        "Operating Income": NaN,
        "EBIT": NaN,
        "Net Income": NaN
    },
    "2023-06-30": {
        "Tax Effect Of Unusual Items": NaN,
        "Tax Rate For Calcs": NaN,
        "Normalized EBITDA": NaN,
        "Total Unusual Items": NaN,
        "Total Unusual Items Excluding Goodwill": NaN,
        "Net Income From Continuing Operation Net Minority Interest": NaN,
        "Reconciled Depreciation": NaN,
        "Reconciled Cost Of Revenue": NaN,
        "EBITDA": NaN,
        "EBIT": NaN,
        "Net Interest Income": NaN,
        "Interest Expense": NaN,
        "Normalized Income": NaN,
        "Net Income From Continuing And Discontinued Operation": NaN,
        "Total Expenses": NaN,
        "Total Operating Income As Reported": NaN,
        "Diluted Average Shares": 9385000.0,
        "Basic Average Shares": 9385000.0,
        "Diluted EPS": -0.12,
        "Basic EPS": -0.12,
        "Diluted NI Availto Com Stockholders": NaN,
        "Net Income Common Stockholders": NaN,
        "Preferred Stock Dividends": NaN,
        "Net Income": NaN,
        "Net Income Including Noncontrolling Interests": NaN,
        "Net Income Continuous Operations": NaN,
        "Tax Provision": NaN,
        "Pretax Income": NaN,
        "Other Income Expense": NaN,
        "Other Non Operating Income Expenses": NaN,
        "Special Income Charges": NaN,
        "Impairment Of Capital Assets": NaN,
        "Gain On Sale Of Security": NaN,
        "Net Non Operating Interest Income Expense": NaN,
        "Interest Expense Non Operating": NaN,
        "Operating Income": NaN,
        "Operating Expense": NaN,
        "Research And Development": NaN,
        "Selling General And Administration": NaN,
        "General And Administrative Expense": NaN,
        "Other Gand A": NaN,
        "Gross Profit": NaN,
        "Cost Of Revenue": NaN,
        "Total Revenue": NaN,
        "Operating Revenue": NaN
    },
    "2023-09-30": {
        "Tax Effect Of Unusual Items": -2758560.0,
        "Tax Rate For Calcs": 0.21,
        "Normalized EBITDA": 3778000.0,
        "Total Unusual Items": -13136000.0,
        "Total Unusual Items Excluding Goodwill": -13136000.0,
        "Net Income From Continuing Operation Net Minority Interest": -17750000.0,
        "Reconciled Depreciation": 2332000.0,
        "Reconciled Cost Of Revenue": 31653000.0,
        "EBITDA": -9358000.0,
        "EBIT": -11690000.0,
        "Net Interest Income": -2987000.0,
        "Interest Expense": 2987000.0,
        "Normalized Income": -7372560.0,
        "Net Income From Continuing And Discontinued Operation": -17750000.0,
        "Total Expenses": 48040000.0,
        "Total Operating Income As Reported": -11599000.0,
        "Diluted Average Shares": 9484000.0,
        "Basic Average Shares": 9484000.0,
        "Diluted EPS": -1.9,
        "Basic EPS": -1.9,
        "Diluted NI Availto Com Stockholders": -18067000.0,
        "Net Income Common Stockholders": -18067000.0,
        "Preferred Stock Dividends": 317000.0,
        "Net Income": -17750000.0,
        "Net Income Including Noncontrolling Interests": -17750000.0,
        "Net Income Continuous Operations": -17750000.0,
        "Tax Provision": 3073000.0,
        "Pretax Income": -14677000.0,
        "Other Income Expense": -13317000.0,
        "Other Non Operating Income Expenses": -181000.0,
        "Special Income Charges": -13226000.0,
        "Impairment Of Capital Assets": 13226000.0,
        "Gain On Sale Of Security": 90000.0,
        "Net Non Operating Interest Income Expense": -2987000.0,
        "Interest Expense Non Operating": 2987000.0,
        "Operating Income": 1627000.0,
        "Operating Expense": 16387000.0,
        "Research And Development": 979000.0,
        "Selling General And Administration": 15408000.0,
        "General And Administrative Expense": 15408000.0,
        "Other Gand A": 15408000.0,
        "Gross Profit": 18014000.0,
        "Cost Of Revenue": 31653000.0,
        "Total Revenue": 49667000.0,
        "Operating Revenue": 49667000.0
    },
    "2023-12-31": {
        "Tax Effect Of Unusual Items": -926854.462052,
        "Tax Rate For Calcs": 0.078868,
        "Normalized EBITDA": -2848000.0,
        "Total Unusual Items": -11752000.0,
        "Total Unusual Items Excluding Goodwill": -11752000.0,
        "Net Income From Continuing Operation Net Minority Interest": -17671000.0,
        "Reconciled Depreciation": 1966000.0,
        "Reconciled Cost Of Revenue": 26500000.0,
        "EBITDA": -14600000.0,
        "EBIT": -16566000.0,
        "Net Interest Income": -2618000.0,
        "Interest Expense": 2618000.0,
        "Normalized Income": -6845854.462052,
        "Net Income From Continuing And Discontinued Operation": -17671000.0,
        "Total Expenses": 43440000.0,
        "Total Operating Income As Reported": -16597000.0,
        "Diluted Average Shares": NaN,
        "Basic Average Shares": NaN,
        "Diluted EPS": NaN,
        "Basic EPS": NaN,
        "Diluted NI Availto Com Stockholders": -17988000.0,
        "Net Income Common Stockholders": -17988000.0,
        "Preferred Stock Dividends": 317000.0,
        "Net Income": -17671000.0,
        "Net Income Including Noncontrolling Interests": -17671000.0,
        "Net Income Continuous Operations": -17671000.0,
        "Tax Provision": -1513000.0,
        "Pretax Income": -19184000.0,
        "Other Income Expense": -11938000.0,
        "Other Non Operating Income Expenses": -186000.0,
        "Special Income Charges": -11969000.0,
        "Impairment Of Capital Assets": 11969000.0,
        "Gain On Sale Of Security": 217000.0,
        "Net Non Operating Interest Income Expense": -2618000.0,
        "Interest Expense Non Operating": 2618000.0,
        "Operating Income": -4628000.0,
        "Operating Expense": 16940000.0,
        "Research And Development": 1054000.0,
        "Selling General And Administration": 15886000.0,
        "General And Administrative Expense": 15886000.0,
        "Other Gand A": 15886000.0,
        "Gross Profit": 12312000.0,
        "Cost Of Revenue": 26500000.0,
        "Total Revenue": 38812000.0,
        "Operating Revenue": 38812000.0
    },
    "2024-03-31": {
        "Tax Effect Of Unusual Items": 40320.0,
        "Tax Rate For Calcs": 0.21,
        "Normalized EBITDA": -1735000.0,
        "Total Unusual Items": 192000.0,
        "Total Unusual Items Excluding Goodwill": 192000.0,
        "Net Income From Continuing Operation Net Minority Interest": -7089000.0,
        "Reconciled Depreciation": 2069000.0,
        "Reconciled Cost Of Revenue": 24278000.0,
        "EBITDA": -1543000.0,
        "EBIT": -3612000.0,
        "Net Interest Income": -2607000.0,
        "Interest Expense": 2607000.0,
        "Normalized Income": -7240680.0,
        "Net Income From Continuing And Discontinued Operation": -7089000.0,
        "Total Expenses": 40698000.0,
        "Total Operating Income As Reported": -3605000.0,
        "Diluted Average Shares": 9714000.0,
        "Basic Average Shares": 9714000.0,
        "Diluted EPS": -0.76,
        "Basic EPS": -0.76,
        "Diluted NI Availto Com Stockholders": -7406000.0,
        "Net Income Common Stockholders": -7406000.0,
        "Preferred Stock Dividends": 317000.0,
        "Net Income": -7089000.0,
        "Net Income Including Noncontrolling Interests": -7089000.0,
        "Net Income Continuous Operations": -7089000.0,
        "Tax Provision": 870000.0,
        "Pretax Income": -6219000.0,
        "Other Income Expense": -7000.0,
        "Other Non Operating Income Expenses": -199000.0,
        "Special Income Charges": NaN,
        "Impairment Of Capital Assets": NaN,
        "Gain On Sale Of Security": 192000.0,
        "Net Non Operating Interest Income Expense": -2607000.0,
        "Interest Expense Non Operating": 2607000.0,
        "Operating Income": -3605000.0,
        "Operating Expense": 16420000.0,
        "Research And Development": 1171000.0,
        "Selling General And Administration": 15249000.0,
        "General And Administrative Expense": 15249000.0,
        "Other Gand A": 15249000.0,
        "Gross Profit": 12815000.0,
        "Cost Of Revenue": 24278000.0,
        "Total Revenue": 37093000.0,
        "Operating Revenue": 37093000.0
    },
    "2024-06-30": {
        "Tax Effect Of Unusual Items": 231.994901,
        "Tax Rate For Calcs": 0.057999,
        "Normalized EBITDA": 3036000.0,
        "Total Unusual Items": 4000.0,
        "Total Unusual Items Excluding Goodwill": 4000.0,
        "Net Income From Continuing Operation Net Minority Interest": -1478000.0,
        "Reconciled Depreciation": 2043000.0,
        "Reconciled Cost Of Revenue": 23986000.0,
        "EBITDA": 3040000.0,
        "EBIT": 997000.0,
        "Net Interest Income": -2566000.0,
        "Interest Expense": 2566000.0,
        "Normalized Income": -1481768.005099,
        "Net Income From Continuing And Discontinued Operation": -1478000.0,
        "Total Expenses": 37292000.0,
        "Total Operating Income As Reported": 1222000.0,
        "Diluted Average Shares": 9787000.0,
        "Basic Average Shares": 9787000.0,
        "Diluted EPS": -0.18,
        "Basic EPS": -0.18,
        "Diluted NI Availto Com Stockholders": -1795000.0,
        "Net Income Common Stockholders": -1795000.0,
        "Preferred Stock Dividends": 317000.0,
        "Net Income": -1478000.0,
        "Net Income Including Noncontrolling Interests": -1478000.0,
        "Net Income Continuous Operations": -1478000.0,
        "Tax Provision": -91000.0,
        "Pretax Income": -1569000.0,
        "Other Income Expense": -225000.0,
        "Other Non Operating Income Expenses": -229000.0,
        "Special Income Charges": NaN,
        "Impairment Of Capital Assets": NaN,
        "Gain On Sale Of Security": 4000.0,
        "Net Non Operating Interest Income Expense": -2566000.0,
        "Interest Expense Non Operating": 2566000.0,
        "Operating Income": 1222000.0,
        "Operating Expense": 13306000.0,
        "Research And Development": 985000.0,
        "Selling General And Administration": 12321000.0,
        "General And Administrative Expense": 12321000.0,
        "Other Gand A": 12321000.0,
        "Gross Profit": 14528000.0,
        "Cost Of Revenue": 23986000.0,
        "Total Revenue": 38514000.0,
        "Operating Revenue": 38514000.0
    },
    "2024-09-30": {
        "Tax Effect Of Unusual Items": 23.429873,
        "Tax Rate For Calcs": 0.003905,
        "Normalized EBITDA": 1546000.0,
        "Total Unusual Items": 6000.0,
        "Total Unusual Items Excluding Goodwill": 6000.0,
        "Net Income From Continuing Operation Net Minority Interest": -3061000.0,
        "Reconciled Depreciation": 2075000.0,
        "Reconciled Cost Of Revenue": 24037000.0,
        "EBITDA": 1552000.0,
        "EBIT": -523000.0,
        "Net Interest Income": -2550000.0,
        "Interest Expense": 2550000.0,
        "Normalized Income": -3066976.570127,
        "Net Income From Continuing And Discontinued Operation": -3061000.0,
        "Total Expenses": 37148000.0,
        "Total Operating Income As Reported": -859000.0,
        "Diluted Average Shares": 9823000.0,
        "Basic Average Shares": 9823000.0,
        "Diluted EPS": -0.34,
        "Basic EPS": -0.34,
        "Diluted NI Availto Com Stockholders": -3378000.0,
        "Net Income Common Stockholders": -3378000.0,
        "Preferred Stock Dividends": 317000.0,
        "Net Income": -3061000.0,
        "Net Income Including Noncontrolling Interests": -3061000.0,
        "Net Income Continuous Operations": -3061000.0,
        "Tax Provision": -12000.0,
        "Pretax Income": -3073000.0,
        "Other Income Expense": 336000.0,
        "Other Non Operating Income Expenses": 330000.0,
        "Special Income Charges": 0.0,
        "Impairment Of Capital Assets": 0.0,
        "Gain On Sale Of Security": 6000.0,
        "Net Non Operating Interest Income Expense": -2550000.0,
        "Interest Expense Non Operating": 2550000.0,
        "Operating Income": -859000.0,
        "Operating Expense": 13111000.0,
        "Research And Development": 1022000.0,
        "Selling General And Administration": 12089000.0,
        "General And Administrative Expense": 12089000.0,
        "Other Gand A": 12089000.0,
        "Gross Profit": 12252000.0,
        "Cost Of Revenue": 24037000.0,
        "Total Revenue": 36289000.0,
        "Operating Revenue": 36289000.0
    }
}