{
    "2023-06-30": {
        "Tax Effect Of Unusual Items": 0.0,
        "Tax Rate For Calcs": 0.224,
        "Total Unusual Items": NaN,
        "Total Unusual Items Excluding Goodwill": NaN,
        "Net Income From Continuing Operation Net Minority Interest": 151160000.0,
        "Reconciled Depreciation": 795000.0,
        "Net Interest Income": 531668000.0,
        "Interest Expense": 262339000.0,
        "Interest Income": 794007000.0,
        "Normalized Income": 151160000.0,
        "Net Income From Continuing And Discontinued Operation": 151160000.0,
        "Diluted Average Shares": 71709203.0,
        "Basic Average Shares": 71690396.0,
        "Diluted EPS": 2.1,
        "Basic EPS": 2.1,
        "Diluted NI Availto Com Stockholders": 151160000.0,
        "Net Income Common Stockholders": 151160000.0,
        "Preferred Stock Dividends": 353000.0,
        "Net Income": 151160000.0,
        "Net Income Including Noncontrolling Interests": 151160000.0,
        "Net Income Continuous Operations": 151160000.0,
        "Tax Provision": 43503000.0,
        "Pretax Income": 194663000.0,
        "Special Income Charges": NaN,
        "Impairment Of Capital Assets": NaN,
        "Gain On Sale Of Security": 1384000.0,
        "Depreciation Amortization Depletion Income Statement": 795000.0,
        "Depreciation And Amortization In Income Statement": 795000.0,
        "Amortization": 795000.0,
        "Amortization Of Intangibles Income Statement": 795000.0,
        "Selling General And Administration": 223354000.0,
        "Selling And Marketing Expense": 25083000.0,
        "General And Administrative Expense": 198271000.0,
        "Other Gand A": NaN,
        "Insurance And Claims": 6803000.0,
        "Salaries And Wages": 191468000.0,
        "Total Revenue": 655338000.0,
        "Operating Revenue": 655338000.0
    },
    "2023-03-31": {
        "Tax Effect Of Unusual Items": 0.0,
        "Tax Rate For Calcs": 0.23,
        "Total Unusual Items": NaN,
        "Total Unusual Items Excluding Goodwill": NaN,
        "Net Income From Continuing Operation Net Minority Interest": 158979000.0,
        "Reconciled Depreciation": 795000.0,
        "Net Interest Income": 531656000.0,
        "Interest Expense": 207366000.0,
        "Interest Income": 739022000.0,
        "Normalized Income": 158979000.0,
        "Net Income From Continuing And Discontinued Operation": 158979000.0,
        "Diluted Average Shares": 71606196.0,
        "Basic Average Shares": 71541778.0,
        "Diluted EPS": 2.22,
        "Basic EPS": 2.22,
        "Diluted NI Availto Com Stockholders": 158979000.0,
        "Net Income Common Stockholders": 158979000.0,
        "Preferred Stock Dividends": 353000.0,
        "Net Income": 158979000.0,
        "Net Income Including Noncontrolling Interests": 158979000.0,
        "Net Income Continuous Operations": 158979000.0,
        "Tax Provision": 46314000.0,
        "Pretax Income": 205293000.0,
        "Special Income Charges": NaN,
        "Impairment Of Capital Assets": NaN,
        "Gain On Sale Of Security": 1100000.0,
        "Depreciation Amortization Depletion Income Statement": 795000.0,
        "Depreciation And Amortization In Income Statement": 795000.0,
        "Amortization": 795000.0,
        "Amortization Of Intangibles Income Statement": 795000.0,
        "Selling General And Administration": 226496000.0,
        "Selling And Marketing Expense": 18871000.0,
        "General And Administrative Expense": 207625000.0,
        "Other Gand A": NaN,
        "Insurance And Claims": 8865000.0,
        "Salaries And Wages": 198760000.0,
        "Total Revenue": 659708000.0,
        "Operating Revenue": 659708000.0
    },
    "2022-12-31": {
        "Tax Effect Of Unusual Items": 0.0,
        "Tax Rate For Calcs": 0.4,
        "Total Unusual Items": 0.0,
        "Total Unusual Items Excluding Goodwill": 0.0,
        "Net Income From Continuing Operation Net Minority Interest": 257139000.0,
        "Reconciled Depreciation": 794000.0,
        "Net Interest Income": 559566000.0,
        "Interest Expense": 153628000.0,
        "Interest Income": 713194000.0,
        "Normalized Income": 257139000.0,
        "Net Income From Continuing And Discontinued Operation": 257139000.0,
        "Diluted Average Shares": 72183355.0,
        "Basic Average Shares": 72067703.0,
        "Diluted EPS": 3.56,
        "Basic EPS": 3.56,
        "Diluted NI Availto Com Stockholders": 257139000.0,
        "Net Income Common Stockholders": 257139000.0,
        "Preferred Stock Dividends": 353000.0,
        "Net Income": 257139000.0,
        "Net Income Including Noncontrolling Interests": 257139000.0,
        "Net Income Continuous Operations": 257139000.0,
        "Tax Provision": -50347000.0,
        "Pretax Income": 206792000.0,
        "Special Income Charges": 0.0,
        "Impairment Of Capital Assets": 0.0,
        "Gain On Sale Of Security": 317000.0,
        "Depreciation Amortization Depletion Income Statement": 794000.0,
        "Depreciation And Amortization In Income Statement": 794000.0,
        "Amortization": 794000.0,
        "Amortization Of Intangibles Income Statement": 794000.0,
        "Selling General And Administration": 224613000.0,
        "Selling And Marketing Expense": 28134000.0,
        "General And Administrative Expense": 196479000.0,
        "Other Gand A": -205589000.0,
        "Insurance And Claims": 6342000.0,
        "Salaries And Wages": 190137000.0,
        "Total Revenue": 685244000.0,
        "Operating Revenue": 685244000.0
    },
    "2022-09-30": {
        "Tax Effect Of Unusual Items": -1260000.0,
        "Tax Rate For Calcs": 0.14,
        "Total Unusual Items": -9000000.0,
        "Total Unusual Items Excluding Goodwill": -9000000.0,
        "Net Income From Continuing Operation Net Minority Interest": 422395000.0,
        "Reconciled Depreciation": 795000.0,
        "Net Interest Income": 579619000.0,
        "Interest Expense": 71616000.0,
        "Interest Income": 651235000.0,
        "Normalized Income": 430135000.0,
        "Net Income From Continuing And Discontinued Operation": 422395000.0,
        "Diluted Average Shares": 74057332.0,
        "Basic Average Shares": 73955184.0,
        "Diluted EPS": 5.7,
        "Basic EPS": 5.71,
        "Diluted NI Availto Com Stockholders": 422395000.0,
        "Net Income Common Stockholders": 422395000.0,
        "Preferred Stock Dividends": 353000.0,
        "Net Income": 422395000.0,
        "Net Income Including Noncontrolling Interests": 422395000.0,
        "Net Income Continuous Operations": 422395000.0,
        "Tax Provision": 67986000.0,
        "Pretax Income": 490381000.0,
        "Special Income Charges": -9000000.0,
        "Impairment Of Capital Assets": 9000000.0,
        "Gain On Sale Of Security": -1448000.0,
        "Depreciation Amortization Depletion Income Statement": 795000.0,
        "Depreciation And Amortization In Income Statement": 795000.0,
        "Amortization": 795000.0,
        "Amortization Of Intangibles Income Statement": 795000.0,
        "Selling General And Administration": 231025000.0,
        "Selling And Marketing Expense": 24348000.0,
        "General And Administrative Expense": 206677000.0,
        "Other Gand A": 6224000.0,
        "Insurance And Claims": 6610000.0,
        "Salaries And Wages": 193843000.0,
        "Total Revenue": 991351000.0,
        "Operating Revenue": 991351000.0
    },
    "2022-06-30": {
        "Tax Effect Of Unusual Items": 0.0,
        "Tax Rate For Calcs": 0.23,
        "Total Unusual Items": NaN,
        "Total Unusual Items Excluding Goodwill": NaN,
        "Net Income From Continuing Operation Net Minority Interest": 211421000.0,
        "Reconciled Depreciation": 795000.0,
        "Net Interest Income": 533862000.0,
        "Interest Expense": 37899000.0,
        "Interest Income": 571761000.0,
        "Normalized Income": 211421000.0,
        "Net Income From Continuing And Discontinued Operation": 211421000.0,
        "Diluted Average Shares": 76286883.0,
        "Basic Average Shares": 76171784.0,
        "Diluted EPS": 2.77,
        "Basic EPS": 2.77,
        "Diluted NI Availto Com Stockholders": 211421000.0,
        "Net Income Common Stockholders": 211421000.0,
        "Preferred Stock Dividends": 353000.0,
        "Net Income": 211421000.0,
        "Net Income Including Noncontrolling Interests": 211421000.0,
        "Net Income Continuous Operations": 211421000.0,
        "Tax Provision": 64212000.0,
        "Pretax Income": 275633000.0,
        "Special Income Charges": NaN,
        "Impairment Of Capital Assets": NaN,
        "Gain On Sale Of Security": -4109000.0,
        "Depreciation Amortization Depletion Income Statement": 795000.0,
        "Depreciation And Amortization In Income Statement": 795000.0,
        "Amortization": 795000.0,
        "Amortization Of Intangibles Income Statement": 795000.0,
        "Selling General And Administration": 202597000.0,
        "Selling And Marketing Expense": 21353000.0,
        "General And Administrative Expense": 181244000.0,
        "Other Gand A": 5993000.0,
        "Insurance And Claims": 6463000.0,
        "Salaries And Wages": 168788000.0,
        "Total Revenue": 679898000.0,
        "Operating Revenue": 679898000.0
    },
    "2022-03-31": {
        "Diluted EPS": 2.69,
        "Total Revenue": 684,
        "Gross Profit": 649,
        "Operating Income": 262,
        "EBIT": NaN,
        "Net Income": 211
    },
    "2021-12-31": {
        "Diluted EPS": 2.59,
        "Total Revenue": 704,
        "Gross Profit": 666,
        "Operating Income": 282,
        "EBIT": NaN,
        "Net Income": 206
    },
    "2021-09-30": {
        "Diluted EPS": 3.09,
        "Total Revenue": 699,
        "Gross Profit": 659,
        "Operating Income": 332,
        "EBIT": NaN,
        "Net Income": 248
    },
    "2021-06-30": {
        "Diluted EPS": 2.66,
        "Total Revenue": 684,
        "Gross Profit": 642,
        "Operating Income": 291,
        "EBIT": NaN,
        "Net Income": 218
    },
    "2021-03-31": {
        "Diluted EPS": 3.12,
        "Total Revenue": 677,
        "Gross Profit": 633,
        "Operating Income": 339,
        "EBIT": NaN,
        "Net Income": 262
    },
    "2020-12-31": {
        "Diluted EPS": 2.01,
        "Total Revenue": 664,
        "Gross Profit": 616,
        "Operating Income": 219,
        "EBIT": NaN,
        "Net Income": 176
    },
    "2020-09-30": {
        "Diluted EPS": 2.0,
        "Total Revenue": 642,
        "Gross Profit": 590,
        "Operating Income": 210,
        "EBIT": NaN,
        "Net Income": 168
    },
    "2020-06-30": {
        "Diluted EPS": 1.49,
        "Total Revenue": 621,
        "Gross Profit": 563,
        "Operating Income": 152,
        "EBIT": NaN,
        "Net Income": 127
    },
    "2020-03-31": {
        "Diluted EPS": 0.37,
        "Total Revenue": 677,
        "Gross Profit": 600,
        "Operating Income": 37,
        "EBIT": NaN,
        "Net Income": 34
    },
    "2019-12-31": {
        "Diluted EPS": 1.73,
        "Total Revenue": 712,
        "Gross Profit": 620,
        "Operating Income": 182,
        "EBIT": NaN,
        "Net Income": 166
    },
    "2019-09-30": {
        "Diluted EPS": 1.7,
        "Total Revenue": 715,
        "Gross Profit": 620,
        "Operating Income": 207,
        "EBIT": NaN,
        "Net Income": 164
    },
    "2019-06-30": {
        "Diluted EPS": 1.76,
        "Total Revenue": 709,
        "Gross Profit": 615,
        "Operating Income": 211,
        "EBIT": NaN,
        "Net Income": 170
    },
    "2019-03-31": {
        "Diluted EPS": 1.69,
        "Total Revenue": 694,
        "Gross Profit": 607,
        "Operating Income": 218,
        "EBIT": NaN,
        "Net Income": 167
    },
    "2018-12-31": {
        "Diluted EPS": 1.06,
        "Total Revenue": 713,
        "Gross Profit": 629,
        "Operating Income": 190,
        "EBIT": NaN,
        "Net Income": 105
    },
    "2018-09-30": {
        "Diluted EPS": 1.38,
        "Total Revenue": 679,
        "Gross Profit": 602,
        "Operating Income": 183,
        "EBIT": NaN,
        "Net Income": 140
    },
    "2018-06-30": {
        "Diluted EPS": 2.73,
        "Total Revenue": 716,
        "Gross Profit": 649,
        "Operating Income": 251,
        "EBIT": NaN,
        "Net Income": 279
    },
    "2018-03-31": {
        "Diluted EPS": 0.89,
        "Total Revenue": 567,
        "Gross Profit": 507,
        "Operating Income": 113,
        "EBIT": NaN,
        "Net Income": 90
    },
    "2017-12-31": {
        "Diluted EPS": -1.0,
        "Total Revenue": 531,
        "Gross Profit": 473,
        "Operating Income": 80,
        "EBIT": NaN,
        "Net Income": -103
    },
    "2017-09-30": {
        "Diluted EPS": 0.19,
        "Total Revenue": 536,
        "Gross Profit": 479,
        "Operating Income": 1,
        "EBIT": NaN,
        "Net Income": 20
    },
    "2017-06-30": {
        "Diluted EPS": 0.94,
        "Total Revenue": 546,
        "Gross Profit": 491,
        "Operating Income": 132,
        "EBIT": NaN,
        "Net Income": 95
    },
    "2017-03-31": {
        "Diluted EPS": 0.89,
        "Total Revenue": 532,
        "Gross Profit": 478,
        "Operating Income": 126,
        "EBIT": NaN,
        "Net Income": 92
    },
    "2016-12-31": {
        "Diluted EPS": -0.04,
        "Total Revenue": 411,
        "Gross Profit": 355,
        "Operating Income": -7,
        "EBIT": NaN,
        "Net Income": -5
    },
    "2016-09-30": {
        "Diluted EPS": 0.44,
        "Total Revenue": 483,
        "Gross Profit": 430,
        "Operating Income": 63,
        "EBIT": NaN,
        "Net Income": 46
    },
    "2016-06-30": {
        "Diluted EPS": 0.85,
        "Total Revenue": 523,
        "Gross Profit": 471,
        "Operating Income": 121,
        "EBIT": NaN,
        "Net Income": 88
    },
    "2016-03-31": {
        "Diluted EPS": 0.81,
        "Total Revenue": 516,
        "Gross Profit": 464,
        "Operating Income": 117,
        "EBIT": NaN,
        "Net Income": 84
    },
    "2015-12-31": {
        "Diluted EPS": 1.32,
        "Total Revenue": 534,
        "Gross Profit": 485,
        "Operating Income": 122,
        "EBIT": NaN,
        "Net Income": 136
    },
    "2015-09-30": {
        "Diluted EPS": 0.82,
        "Total Revenue": 532,
        "Gross Profit": 482,
        "Operating Income": 109,
        "EBIT": NaN,
        "Net Income": 85
    },
    "2015-06-30": {
        "Diluted EPS": 5.79,
        "Total Revenue": 551,
        "Gross Profit": 503,
        "Operating Income": 70,
        "EBIT": NaN,
        "Net Income": 597
    },
    "2015-03-31": {
        "Diluted EPS": 0.72,
        "Total Revenue": 505,
        "Gross Profit": 458,
        "Operating Income": 117,
        "EBIT": NaN,
        "Net Income": 74
    },
    "2014-12-31": {
        "Diluted EPS": 0.47,
        "Total Revenue": 495,
        "Gross Profit": 430,
        "Operating Income": 66,
        "EBIT": NaN,
        "Net Income": 48
    },
    "2014-09-30": {
        "Diluted EPS": 0.6,
        "Total Revenue": 526,
        "Gross Profit": 451,
        "Operating Income": 68,
        "EBIT": NaN,
        "Net Income": 62
    },
    "2014-06-30": {
        "Diluted EPS": -4.98,
        "Total Revenue": 484,
        "Gross Profit": 3,
        "Operating Income": -329,
        "EBIT": NaN,
        "Net Income": -512
    },
    "2014-03-31": {
        "Diluted EPS": 0.83,
        "Total Revenue": 515,
        "Gross Profit": 447,
        "Operating Income": 90,
        "EBIT": NaN,
        "Net Income": 85
    },
    "2013-12-31": {
        "Diluted EPS": 1.57,
        "Total Revenue": 581,
        "Gross Profit": 514,
        "Operating Income": 167,
        "EBIT": NaN,
        "Net Income": 162
    },
    "2013-09-30": {
        "Diluted EPS": 2.22,
        "Total Revenue": 693,
        "Gross Profit": 618,
        "Operating Income": 243,
        "EBIT": NaN,
        "Net Income": 228
    },
    "2013-06-30": {
        "Diluted EPS": 3.17,
        "Total Revenue": 701,
        "Gross Profit": 623,
        "Operating Income": 75,
        "EBIT": NaN,
        "Net Income": 327
    },
    "2013-03-31": {
        "Diluted EPS": -1.18,
        "Total Revenue": 464,
        "Gross Profit": 380,
        "Operating Income": -177,
        "EBIT": NaN,
        "Net Income": -121
    },
    "2012-12-31": {
        "Diluted EPS": 0.81,
        "Total Revenue": 475,
        "Gross Profit": 404,
        "Operating Income": 66,
        "EBIT": NaN,
        "Net Income": 83
    },
    "2012-09-30": {
        "Diluted EPS": 0.45,
        "Total Revenue": 566,
        "Gross Profit": 476,
        "Operating Income": 63,
        "EBIT": NaN,
        "Net Income": 46
    },
    "2012-06-30": {
        "Diluted EPS": 0.63,
        "Total Revenue": 551,
        "Gross Profit": 452,
        "Operating Income": -12,
        "EBIT": NaN,
        "Net Income": 65
    },
    "2012-03-31": {
        "Diluted EPS": 0.46,
        "Total Revenue": 564,
        "Gross Profit": 461,
        "Operating Income": 65,
        "EBIT": NaN,
        "Net Income": 47
    },
    "2011-12-31": {
        "Diluted EPS": 0.01,
        "Total Revenue": 672,
        "Gross Profit": 563,
        "Operating Income": 3,
        "EBIT": NaN,
        "Net Income": 2
    },
    "2011-09-30": {
        "Diluted EPS": 0.26,
        "Total Revenue": 614,
        "Gross Profit": 492,
        "Operating Income": 33,
        "EBIT": NaN,
        "Net Income": 27
    },
    "2011-06-30": {
        "Diluted EPS": 1.07,
        "Total Revenue": 631,
        "Gross Profit": 499,
        "Operating Income": 73,
        "EBIT": NaN,
        "Net Income": 110
    },
    "2011-03-31": {
        "Diluted EPS": 0.1,
        "Total Revenue": 650,
        "Gross Profit": 508,
        "Operating Income": 157,
        "EBIT": NaN,
        "Net Income": 9
    },
    "2010-12-31": {
        "Diluted EPS": -1.32,
        "Total Revenue": 613,
        "Gross Profit": 460,
        "Operating Income": -239,
        "EBIT": NaN,
        "Net Income": -419
    },
    "2010-09-30": {
        "Diluted EPS": 4.8,
        "Total Revenue": NaN,
        "Gross Profit": NaN,
        "Operating Income": 596,
        "EBIT": NaN,
        "Net Income": 494
    },
    "2010-06-30": {
        "Diluted EPS": -2.8,
        "Total Revenue": 691,
        "Gross Profit": 513,
        "Operating Income": -17,
        "EBIT": NaN,
        "Net Income": -44
    },
    "2010-03-31": {
        "Diluted EPS": -1.3,
        "Total Revenue": 585,
        "Gross Profit": 427,
        "Operating Income": -94,
        "EBIT": NaN,
        "Net Income": -85
    },
    "2009-12-31": {
        "Diluted EPS": -1.5,
        "Total Revenue": 616,
        "Gross Profit": 445,
        "Operating Income": -181,
        "EBIT": NaN,
        "Net Income": -885
    },
    "2009-09-30": {
        "Diluted EPS": 14.0,
        "Total Revenue": 615,
        "Gross Profit": 436,
        "Operating Income": -115,
        "EBIT": NaN,
        "Net Income": 596
    },
    "2009-06-30": {
        "Diluted EPS": -7.4,
        "Total Revenue": 697,
        "Gross Profit": 509,
        "Operating Income": -171,
        "EBIT": NaN,
        "Net Income": -208
    },
    "2009-03-31": {
        "Diluted EPS": -2.7,
        "Total Revenue": 824,
        "Gross Profit": 607,
        "Operating Income": -70,
        "EBIT": NaN,
        "Net Income": -77
    }
}