{
    "2023-06-30": {
        "Tax Effect Of Unusual Items": 61410.0,
        "Tax Rate For Calcs": 0.023,
        "Total Unusual Items": 2670000.0,
        "Total Unusual Items Excluding Goodwill": 2670000.0,
        "Net Income From Continuing Operation Net Minority Interest": 6788000.0,
        "Reconciled Depreciation": 491000.0,
        "Net Interest Income": 15661000.0,
        "Interest Expense": 7353000.0,
        "Interest Income": 23014000.0,
        "Normalized Income": 4179410.0,
        "Net Income From Continuing And Discontinued Operation": 6788000.0,
        "Diluted Average Shares": 6365000.0,
        "Basic Average Shares": 6270000.0,
        "Diluted EPS": 1.07,
        "Basic EPS": 1.08,
        "Diluted NI Availto Com Stockholders": 6788000.0,
        "Net Income Common Stockholders": 6788000.0,
        "Net Income": 6788000.0,
        "Net Income Including Noncontrolling Interests": 6788000.0,
        "Net Income Continuous Operations": 6788000.0,
        "Tax Provision": 161000.0,
        "Pretax Income": 6949000.0,
        "Special Income Charges": 2670000.0,
        "Restructuring And Mergern Acquisition": -2670000.0,
        "Gain On Sale Of Security": 0.0,
        "Depreciation Amortization Depletion Income Statement": 127000.0,
        "Depreciation And Amortization In Income Statement": 127000.0,
        "Amortization": 127000.0,
        "Amortization Of Intangibles Income Statement": 127000.0,
        "Selling General And Administration": 6155000.0,
        "Selling And Marketing Expense": 126000.0,
        "General And Administrative Expense": 6029000.0,
        "Insurance And Claims": 253000.0,
        "Salaries And Wages": 5776000.0,
        "Total Revenue": 17530000.0,
        "Operating Revenue": 17530000.0
    },
    "2023-03-31": {
        "Tax Effect Of Unusual Items": 0.0,
        "Tax Rate For Calcs": 0.238,
        "Total Unusual Items": NaN,
        "Total Unusual Items Excluding Goodwill": NaN,
        "Net Income From Continuing Operation Net Minority Interest": 6097000.0,
        "Reconciled Depreciation": 441000.0,
        "Net Interest Income": 16661000.0,
        "Interest Expense": 3951000.0,
        "Interest Income": 20612000.0,
        "Normalized Income": 6097000.0,
        "Net Income From Continuing And Discontinued Operation": 6097000.0,
        "Diluted Average Shares": 6386000.0,
        "Basic Average Shares": 6257000.0,
        "Diluted EPS": 0.95,
        "Basic EPS": 0.97,
        "Diluted NI Availto Com Stockholders": 6097000.0,
        "Net Income Common Stockholders": 6097000.0,
        "Net Income": 6097000.0,
        "Net Income Including Noncontrolling Interests": 6097000.0,
        "Net Income Continuous Operations": 6097000.0,
        "Tax Provision": 1901000.0,
        "Pretax Income": 7998000.0,
        "Special Income Charges": NaN,
        "Restructuring And Mergern Acquisition": NaN,
        "Gain On Sale Of Security": NaN,
        "Depreciation Amortization Depletion Income Statement": 135000.0,
        "Depreciation And Amortization In Income Statement": 135000.0,
        "Amortization": 135000.0,
        "Amortization Of Intangibles Income Statement": 135000.0,
        "Selling General And Administration": 5699000.0,
        "Selling And Marketing Expense": 110000.0,
        "General And Administrative Expense": 5589000.0,
        "Insurance And Claims": 190000.0,
        "Salaries And Wages": 5399000.0,
        "Total Revenue": 18035000.0,
        "Operating Revenue": 18035000.0
    },
    "2022-12-31": {
        "Tax Effect Of Unusual Items": NaN,
        "Tax Rate For Calcs": NaN,
        "Total Unusual Items": NaN,
        "Total Unusual Items Excluding Goodwill": NaN,
        "Net Income From Continuing Operation Net Minority Interest": NaN,
        "Reconciled Depreciation": NaN,
        "Net Interest Income": NaN,
        "Interest Expense": NaN,
        "Interest Income": NaN,
        "Normalized Income": NaN,
        "Net Income From Continuing And Discontinued Operation": NaN,
        "Diluted Average Shares": NaN,
        "Basic Average Shares": NaN,
        "Diluted EPS": NaN,
        "Basic EPS": NaN,
        "Diluted NI Availto Com Stockholders": NaN,
        "Net Income Common Stockholders": NaN,
        "Net Income": NaN,
        "Net Income Including Noncontrolling Interests": NaN,
        "Net Income Continuous Operations": NaN,
        "Tax Provision": NaN,
        "Pretax Income": NaN,
        "Special Income Charges": NaN,
        "Restructuring And Mergern Acquisition": NaN,
        "Gain On Sale Of Security": 0.0,
        "Depreciation Amortization Depletion Income Statement": NaN,
        "Depreciation And Amortization In Income Statement": NaN,
        "Amortization": NaN,
        "Amortization Of Intangibles Income Statement": NaN,
        "Selling General And Administration": NaN,
        "Selling And Marketing Expense": NaN,
        "General And Administrative Expense": NaN,
        "Insurance And Claims": NaN,
        "Salaries And Wages": NaN,
        "Total Revenue": NaN,
        "Operating Revenue": NaN
    },
    "2022-09-30": {
        "Tax Effect Of Unusual Items": NaN,
        "Tax Rate For Calcs": NaN,
        "Total Unusual Items": 0.0,
        "Total Unusual Items Excluding Goodwill": 0.0,
        "Net Income From Continuing Operation Net Minority Interest": NaN,
        "Reconciled Depreciation": NaN,
        "Net Interest Income": NaN,
        "Interest Expense": NaN,
        "Interest Income": NaN,
        "Normalized Income": NaN,
        "Net Income From Continuing And Discontinued Operation": NaN,
        "Diluted Average Shares": NaN,
        "Basic Average Shares": NaN,
        "Diluted EPS": NaN,
        "Basic EPS": NaN,
        "Diluted NI Availto Com Stockholders": NaN,
        "Net Income Common Stockholders": NaN,
        "Net Income": NaN,
        "Net Income Including Noncontrolling Interests": NaN,
        "Net Income Continuous Operations": NaN,
        "Tax Provision": NaN,
        "Pretax Income": NaN,
        "Special Income Charges": 0.0,
        "Restructuring And Mergern Acquisition": 0.0,
        "Gain On Sale Of Security": 0.0,
        "Depreciation Amortization Depletion Income Statement": NaN,
        "Depreciation And Amortization In Income Statement": NaN,
        "Amortization": NaN,
        "Amortization Of Intangibles Income Statement": NaN,
        "Selling General And Administration": NaN,
        "Selling And Marketing Expense": NaN,
        "General And Administrative Expense": NaN,
        "Insurance And Claims": NaN,
        "Salaries And Wages": NaN,
        "Total Revenue": NaN,
        "Operating Revenue": NaN
    },
    "2022-06-30": {
        "Tax Effect Of Unusual Items": 0.0,
        "Tax Rate For Calcs": 0.206,
        "Total Unusual Items": NaN,
        "Total Unusual Items Excluding Goodwill": NaN,
        "Net Income From Continuing Operation Net Minority Interest": 6327000.0,
        "Reconciled Depreciation": 476000.0,
        "Net Interest Income": 16287000.0,
        "Interest Expense": 1169000.0,
        "Interest Income": 17456000.0,
        "Normalized Income": 6327000.0,
        "Net Income From Continuing And Discontinued Operation": 6327000.0,
        "Diluted Average Shares": 6437000.0,
        "Basic Average Shares": 6305000.0,
        "Diluted EPS": 0.98,
        "Basic EPS": 1.0,
        "Diluted NI Availto Com Stockholders": 6327000.0,
        "Net Income Common Stockholders": 6327000.0,
        "Net Income": 6327000.0,
        "Net Income Including Noncontrolling Interests": 6327000.0,
        "Net Income Continuous Operations": 6327000.0,
        "Tax Provision": 1644000.0,
        "Pretax Income": 7971000.0,
        "Special Income Charges": NaN,
        "Restructuring And Mergern Acquisition": NaN,
        "Gain On Sale Of Security": 2000.0,
        "Depreciation Amortization Depletion Income Statement": 145000.0,
        "Depreciation And Amortization In Income Statement": 145000.0,
        "Amortization": 145000.0,
        "Amortization Of Intangibles Income Statement": 145000.0,
        "Selling General And Administration": 5304000.0,
        "Selling And Marketing Expense": 120000.0,
        "General And Administrative Expense": 5184000.0,
        "Other Gand A": 1118000.0,
        "Insurance And Claims": 276000.0,
        "Salaries And Wages": 4908000.0,
        "Total Revenue": 17399000.0,
        "Operating Revenue": 17399000.0
    },
    "2023-09-30": {
        "Tax Effect Of Unusual Items": 264604.0,
        "Tax Rate For Calcs": 0.166,
        "Total Unusual Items": 1594000.0,
        "Total Unusual Items Excluding Goodwill": 1594000.0,
        "Net Income From Continuing Operation Net Minority Interest": 7598000.0,
        "Reconciled Depreciation": 516000.0,
        "Net Interest Income": 16684000.0,
        "Interest Expense": 10316000.0,
        "Interest Income": 27000000.0,
        "Normalized Income": 6268604.0,
        "Net Income From Continuing And Discontinued Operation": 7598000.0,
        "Diluted Average Shares": 6390000.0,
        "Basic Average Shares": 6295000.0,
        "Diluted EPS": 1.19,
        "Basic EPS": 1.21,
        "Diluted NI Availto Com Stockholders": 7598000.0,
        "Net Income Common Stockholders": 7598000.0,
        "Net Income": 7598000.0,
        "Net Income Including Noncontrolling Interests": 7598000.0,
        "Net Income Continuous Operations": 7598000.0,
        "Tax Provision": 1512000.0,
        "Pretax Income": 9110000.0,
        "Special Income Charges": 1391000.0,
        "Restructuring And Mergern Acquisition": -1391000.0,
        "Gain On Sale Of Security": -6000.0,
        "Depreciation Amortization Depletion Income Statement": 116000.0,
        "Depreciation And Amortization In Income Statement": 116000.0,
        "Amortization": 116000.0,
        "Amortization Of Intangibles Income Statement": 116000.0,
        "Selling General And Administration": 6574000.0,
        "Selling And Marketing Expense": 139000.0,
        "General And Administrative Expense": 6435000.0,
        "Insurance And Claims": 258000.0,
        "Salaries And Wages": 6177000.0,
        "Total Revenue": 19087000.0,
        "Operating Revenue": 19087000.0
    },
    "2023-12-31": {
        "Tax Effect Of Unusual Items": 0.0,
        "Tax Rate For Calcs": 0.158649,
        "Total Unusual Items": 0.0,
        "Total Unusual Items Excluding Goodwill": 0.0,
        "Net Income From Continuing Operation Net Minority Interest": 5282000.0,
        "Reconciled Depreciation": 530000.0,
        "Net Interest Income": 16010000.0,
        "Interest Expense": 11544000.0,
        "Interest Income": 27554000.0,
        "Normalized Income": 5282000.0,
        "Net Income From Continuing And Discontinued Operation": 5282000.0,
        "Diluted Average Shares": 6414000.0,
        "Basic Average Shares": 6300000.0,
        "Diluted EPS": 0.82,
        "Basic EPS": 0.84,
        "Diluted NI Availto Com Stockholders": 5282000.0,
        "Net Income Common Stockholders": 5282000.0,
        "Net Income": 5282000.0,
        "Net Income Including Noncontrolling Interests": 5282000.0,
        "Net Income Continuous Operations": 5282000.0,
        "Tax Provision": 996000.0,
        "Pretax Income": 6278000.0,
        "Special Income Charges": 0.0,
        "Restructuring And Mergern Acquisition": 0.0,
        "Gain On Sale Of Security": 45000.0,
        "Depreciation Amortization Depletion Income Statement": 124000.0,
        "Depreciation And Amortization In Income Statement": 124000.0,
        "Amortization": 124000.0,
        "Amortization Of Intangibles Income Statement": 124000.0,
        "Selling General And Administration": 6353000.0,
        "Selling And Marketing Expense": 129000.0,
        "General And Administrative Expense": 6224000.0,
        "Insurance And Claims": 190000.0,
        "Salaries And Wages": 6034000.0,
        "Total Revenue": 17789000.0,
        "Operating Revenue": 17789000.0
    },
    "2024-03-31": {
        "Tax Effect Of Unusual Items": 0.0,
        "Tax Rate For Calcs": 0.197,
        "Total Unusual Items": NaN,
        "Total Unusual Items Excluding Goodwill": NaN,
        "Net Income From Continuing Operation Net Minority Interest": 4345000.0,
        "Reconciled Depreciation": 530000.0,
        "Net Interest Income": 15448000.0,
        "Interest Expense": 12618000.0,
        "Interest Income": 28066000.0,
        "Normalized Income": 4345000.0,
        "Net Income From Continuing And Discontinued Operation": 4345000.0,
        "Diluted Average Shares": 6418000.0,
        "Basic Average Shares": 6328000.0,
        "Diluted EPS": 0.68,
        "Basic EPS": 0.69,
        "Diluted NI Availto Com Stockholders": 4345000.0,
        "Net Income Common Stockholders": 4345000.0,
        "Net Income": 4345000.0,
        "Net Income Including Noncontrolling Interests": 4345000.0,
        "Net Income Continuous Operations": 4345000.0,
        "Tax Provision": 1066000.0,
        "Pretax Income": 5411000.0,
        "Special Income Charges": NaN,
        "Restructuring And Mergern Acquisition": NaN,
        "Gain On Sale Of Security": NaN,
        "Depreciation Amortization Depletion Income Statement": 120000.0,
        "Depreciation And Amortization In Income Statement": 120000.0,
        "Amortization": 120000.0,
        "Amortization Of Intangibles Income Statement": 120000.0,
        "Selling General And Administration": 6935000.0,
        "Selling And Marketing Expense": 142000.0,
        "General And Administrative Expense": 6793000.0,
        "Insurance And Claims": 273000.0,
        "Salaries And Wages": 6520000.0,
        "Total Revenue": 17433000.0,
        "Operating Revenue": 17433000.0
    }
}