{
    "2023-03-31": {
        "Tax Effect Of Unusual Items": NaN,
        "Tax Rate For Calcs": NaN,
        "Normalized EBITDA": NaN,
        "Total Unusual Items": NaN,
        "Total Unusual Items Excluding Goodwill": NaN,
        "Net Income From Continuing Operation Net Minority Interest": NaN,
        "Reconciled Depreciation": NaN,
        "Reconciled Cost Of Revenue": NaN,
        "EBITDA": NaN,
        "EBIT": NaN,
        "Net Interest Income": NaN,
        "Interest Expense": NaN,
        "Interest Income": 0.0,
        "Normalized Income": NaN,
        "Net Income From Continuing And Discontinued Operation": NaN,
        "Total Expenses": NaN,
        "Total Operating Income As Reported": NaN,
        "Diluted Average Shares": NaN,
        "Basic Average Shares": NaN,
        "Diluted EPS": NaN,
        "Basic EPS": NaN,
        "Diluted NI Availto Com Stockholders": NaN,
        "Net Income Common Stockholders": NaN,
        "Net Income": NaN,
        "Net Income Including Noncontrolling Interests": NaN,
        "Net Income Continuous Operations": NaN,
        "Tax Provision": NaN,
        "Pretax Income": NaN,
        "Other Income Expense": NaN,
        "Special Income Charges": NaN,
        "Gain On Sale Of Business": 0.0,
        "Other Special Charges": NaN,
        "Write Off": NaN,
        "Restructuring And Mergern Acquisition": NaN,
        "Gain On Sale Of Security": NaN,
        "Net Non Operating Interest Income Expense": NaN,
        "Interest Expense Non Operating": NaN,
        "Interest Income Non Operating": 0.0,
        "Operating Income": NaN,
        "Operating Expense": NaN,
        "Other Operating Expenses": NaN,
        "Depreciation Amortization Depletion Income Statement": NaN,
        "Depreciation And Amortization In Income Statement": NaN,
        "Selling General And Administration": NaN,
        "Selling And Marketing Expense": NaN,
        "General And Administrative Expense": NaN,
        "Other Gand A": NaN,
        "Salaries And Wages": NaN,
        "Gross Profit": NaN,
        "Cost Of Revenue": NaN,
        "Total Revenue": NaN,
        "Operating Revenue": NaN
    },
    "2022-12-31": {
        "Tax Effect Of Unusual Items": NaN,
        "Tax Rate For Calcs": NaN,
        "Normalized EBITDA": NaN,
        "Total Unusual Items": NaN,
        "Total Unusual Items Excluding Goodwill": NaN,
        "Net Income From Continuing Operation Net Minority Interest": NaN,
        "Reconciled Depreciation": NaN,
        "Reconciled Cost Of Revenue": NaN,
        "EBITDA": NaN,
        "EBIT": NaN,
        "Net Interest Income": NaN,
        "Interest Expense": NaN,
        "Interest Income": 0.0,
        "Normalized Income": NaN,
        "Net Income From Continuing And Discontinued Operation": NaN,
        "Total Expenses": NaN,
        "Total Operating Income As Reported": NaN,
        "Diluted Average Shares": NaN,
        "Basic Average Shares": NaN,
        "Diluted EPS": NaN,
        "Basic EPS": NaN,
        "Diluted NI Availto Com Stockholders": NaN,
        "Net Income Common Stockholders": NaN,
        "Net Income": NaN,
        "Net Income Including Noncontrolling Interests": NaN,
        "Net Income Continuous Operations": NaN,
        "Tax Provision": NaN,
        "Pretax Income": NaN,
        "Other Income Expense": NaN,
        "Special Income Charges": NaN,
        "Gain On Sale Of Business": 0.0,
        "Other Special Charges": NaN,
        "Write Off": NaN,
        "Restructuring And Mergern Acquisition": NaN,
        "Gain On Sale Of Security": NaN,
        "Net Non Operating Interest Income Expense": NaN,
        "Interest Expense Non Operating": NaN,
        "Interest Income Non Operating": 0.0,
        "Operating Income": NaN,
        "Operating Expense": NaN,
        "Other Operating Expenses": NaN,
        "Depreciation Amortization Depletion Income Statement": NaN,
        "Depreciation And Amortization In Income Statement": NaN,
        "Selling General And Administration": NaN,
        "Selling And Marketing Expense": NaN,
        "General And Administrative Expense": NaN,
        "Other Gand A": NaN,
        "Salaries And Wages": NaN,
        "Gross Profit": NaN,
        "Cost Of Revenue": NaN,
        "Total Revenue": NaN,
        "Operating Revenue": NaN
    },
    "2022-09-30": {
        "Tax Effect Of Unusual Items": NaN,
        "Tax Rate For Calcs": NaN,
        "Normalized EBITDA": NaN,
        "Total Unusual Items": NaN,
        "Total Unusual Items Excluding Goodwill": NaN,
        "Net Income From Continuing Operation Net Minority Interest": NaN,
        "Reconciled Depreciation": NaN,
        "Reconciled Cost Of Revenue": NaN,
        "EBITDA": NaN,
        "EBIT": NaN,
        "Net Interest Income": NaN,
        "Interest Expense": NaN,
        "Interest Income": NaN,
        "Normalized Income": NaN,
        "Net Income From Continuing And Discontinued Operation": NaN,
        "Total Expenses": NaN,
        "Total Operating Income As Reported": NaN,
        "Diluted Average Shares": 20000000.0,
        "Basic Average Shares": 20000000.0,
        "Diluted EPS": -0.09,
        "Basic EPS": -0.09,
        "Diluted NI Availto Com Stockholders": NaN,
        "Net Income Common Stockholders": NaN,
        "Net Income": NaN,
        "Net Income Including Noncontrolling Interests": NaN,
        "Net Income Continuous Operations": NaN,
        "Tax Provision": NaN,
        "Pretax Income": NaN,
        "Other Income Expense": NaN,
        "Special Income Charges": NaN,
        "Gain On Sale Of Business": NaN,
        "Other Special Charges": NaN,
        "Write Off": NaN,
        "Restructuring And Mergern Acquisition": NaN,
        "Gain On Sale Of Security": NaN,
        "Net Non Operating Interest Income Expense": NaN,
        "Interest Expense Non Operating": NaN,
        "Interest Income Non Operating": NaN,
        "Operating Income": NaN,
        "Operating Expense": NaN,
        "Other Operating Expenses": NaN,
        "Depreciation Amortization Depletion Income Statement": NaN,
        "Depreciation And Amortization In Income Statement": NaN,
        "Selling General And Administration": NaN,
        "Selling And Marketing Expense": NaN,
        "General And Administrative Expense": NaN,
        "Other Gand A": NaN,
        "Salaries And Wages": NaN,
        "Gross Profit": NaN,
        "Cost Of Revenue": NaN,
        "Total Revenue": NaN,
        "Operating Revenue": NaN
    },
    "2022-06-30": {
        "Tax Effect Of Unusual Items": 4000.0,
        "Tax Rate For Calcs": 0.4,
        "Normalized EBITDA": 2629000.0,
        "Total Unusual Items": 10000.0,
        "Total Unusual Items Excluding Goodwill": 10000.0,
        "Net Income From Continuing Operation Net Minority Interest": 90000.0,
        "Reconciled Depreciation": 1883000.0,
        "Reconciled Cost Of Revenue": 9167000.0,
        "EBITDA": 2639000.0,
        "EBIT": 756000.0,
        "Net Interest Income": -87000.0,
        "Interest Expense": 91000.0,
        "Interest Income": 4000.0,
        "Normalized Income": 84000.0,
        "Net Income From Continuing And Discontinued Operation": 90000.0,
        "Total Expenses": 20052000.0,
        "Total Operating Income As Reported": 752000.0,
        "Diluted Average Shares": 21800000.0,
        "Basic Average Shares": 21000000.0,
        "Diluted EPS": 0.004128,
        "Basic EPS": 0.004286,
        "Diluted NI Availto Com Stockholders": 90000.0,
        "Net Income Common Stockholders": 90000.0,
        "Net Income": 90000.0,
        "Net Income Including Noncontrolling Interests": 90000.0,
        "Net Income Continuous Operations": 90000.0,
        "Tax Provision": 575000.0,
        "Pretax Income": 665000.0,
        "Other Income Expense": 10000.0,
        "Special Income Charges": 10000.0,
        "Gain On Sale Of Business": 0.0,
        "Other Special Charges": NaN,
        "Write Off": 313000.0,
        "Restructuring And Mergern Acquisition": -323000.0,
        "Gain On Sale Of Security": NaN,
        "Net Non Operating Interest Income Expense": -87000.0,
        "Interest Expense Non Operating": 91000.0,
        "Interest Income Non Operating": 4000.0,
        "Operating Income": 742000.0,
        "Operating Expense": 10885000.0,
        "Other Operating Expenses": 672000.0,
        "Depreciation Amortization Depletion Income Statement": 1883000.0,
        "Depreciation And Amortization In Income Statement": 1883000.0,
        "Selling General And Administration": 8330000.0,
        "Selling And Marketing Expense": 607000.0,
        "General And Administrative Expense": 7723000.0,
        "Other Gand A": 1951000.0,
        "Salaries And Wages": 5772000.0,
        "Gross Profit": 11627000.0,
        "Cost Of Revenue": 9167000.0,
        "Total Revenue": 20794000.0,
        "Operating Revenue": 20794000.0
    },
    "2022-03-31": {
        "Diluted EPS": -0.05,
        "Total Revenue": 22,
        "Gross Profit": 11,
        "Operating Income": 0,
        "EBIT": 2,
        "Net Income": -1
    },
    "2021-12-31": {
        "Diluted EPS": -0.1,
        "Total Revenue": 18,
        "Gross Profit": 9,
        "Operating Income": -2,
        "EBIT": 0,
        "Net Income": -2
    },
    "2021-09-30": {
        "Diluted EPS": -0.14,
        "Total Revenue": 15,
        "Gross Profit": 8,
        "Operating Income": -3,
        "EBIT": -1,
        "Net Income": -3
    },
    "2021-06-30": {
        "Diluted EPS": -0.15,
        "Total Revenue": 19,
        "Gross Profit": 8,
        "Operating Income": -2,
        "EBIT": -1,
        "Net Income": -3
    },
    "2021-03-31": {
        "Diluted EPS": -0.07,
        "Total Revenue": 17,
        "Gross Profit": 8,
        "Operating Income": -1,
        "EBIT": 0,
        "Net Income": -1
    },
    "2020-12-31": {
        "Diluted EPS": -0.59,
        "Total Revenue": 16,
        "Gross Profit": 7,
        "Operating Income": -6,
        "EBIT": -5,
        "Net Income": -6
    },
    "2020-09-30": {
        "Diluted EPS": -0.47,
        "Total Revenue": 14,
        "Gross Profit": 6,
        "Operating Income": -3,
        "EBIT": -2,
        "Net Income": -4
    },
    "2020-06-30": {
        "Diluted EPS": -0.11,
        "Total Revenue": 13,
        "Gross Profit": 6,
        "Operating Income": 1,
        "EBIT": 2,
        "Net Income": 0
    },
    "2020-03-31": {
        "Diluted EPS": -0.77,
        "Total Revenue": 10,
        "Gross Profit": 4,
        "Operating Income": -6,
        "EBIT": -5,
        "Net Income": -6
    },
    "2019-12-31": {
        "Diluted EPS": 0.0,
        "Total Revenue": NaN,
        "Gross Profit": NaN,
        "Operating Income": NaN,
        "EBIT": NaN,
        "Net Income": NaN
    },
    "2023-06-30": {
        "Tax Effect Of Unusual Items": NaN,
        "Tax Rate For Calcs": NaN,
        "Normalized EBITDA": NaN,
        "Total Unusual Items": NaN,
        "Total Unusual Items Excluding Goodwill": NaN,
        "Net Income From Continuing Operation Net Minority Interest": NaN,
        "Reconciled Depreciation": NaN,
        "Reconciled Cost Of Revenue": NaN,
        "EBITDA": NaN,
        "EBIT": NaN,
        "Net Interest Income": NaN,
        "Interest Expense": NaN,
        "Interest Income": 0.0,
        "Normalized Income": NaN,
        "Net Income From Continuing And Discontinued Operation": NaN,
        "Total Expenses": NaN,
        "Total Operating Income As Reported": NaN,
        "Diluted Average Shares": 23600000.0,
        "Basic Average Shares": 22300000.0,
        "Diluted EPS": 0.02,
        "Basic EPS": 0.02,
        "Diluted NI Availto Com Stockholders": NaN,
        "Net Income Common Stockholders": NaN,
        "Net Income": NaN,
        "Net Income Including Noncontrolling Interests": NaN,
        "Net Income Continuous Operations": NaN,
        "Tax Provision": NaN,
        "Pretax Income": NaN,
        "Other Income Expense": NaN,
        "Special Income Charges": NaN,
        "Gain On Sale Of Business": 0.0,
        "Other Special Charges": -204000.0,
        "Write Off": NaN,
        "Restructuring And Mergern Acquisition": NaN,
        "Gain On Sale Of Security": NaN,
        "Net Non Operating Interest Income Expense": NaN,
        "Interest Expense Non Operating": NaN,
        "Interest Income Non Operating": 0.0,
        "Operating Income": NaN,
        "Operating Expense": NaN,
        "Other Operating Expenses": NaN,
        "Depreciation Amortization Depletion Income Statement": NaN,
        "Depreciation And Amortization In Income Statement": NaN,
        "Selling General And Administration": NaN,
        "Selling And Marketing Expense": NaN,
        "General And Administrative Expense": NaN,
        "Other Gand A": NaN,
        "Salaries And Wages": NaN,
        "Gross Profit": NaN,
        "Cost Of Revenue": NaN,
        "Total Revenue": NaN,
        "Operating Revenue": NaN
    },
    "2023-09-30": {
        "Tax Effect Of Unusual Items": -238000.0,
        "Tax Rate For Calcs": 0.4,
        "Normalized EBITDA": 1878000.0,
        "Total Unusual Items": -595000.0,
        "Total Unusual Items Excluding Goodwill": -595000.0,
        "Net Income From Continuing Operation Net Minority Interest": -2951000.0,
        "Reconciled Depreciation": 3346000.0,
        "Reconciled Cost Of Revenue": 10718000.0,
        "EBITDA": 1283000.0,
        "EBIT": -2063000.0,
        "Net Interest Income": -524000.0,
        "Interest Expense": 524000.0,
        "Interest Income": 0.0,
        "Normalized Income": -2594000.0,
        "Net Income From Continuing And Discontinued Operation": -2951000.0,
        "Total Expenses": 24042000.0,
        "Total Operating Income As Reported": -2137000.0,
        "Diluted Average Shares": 23300000.0,
        "Basic Average Shares": 23300000.0,
        "Diluted EPS": -0.13,
        "Basic EPS": -0.13,
        "Diluted NI Availto Com Stockholders": -2951000.0,
        "Net Income Common Stockholders": -2951000.0,
        "Net Income": -2951000.0,
        "Net Income Including Noncontrolling Interests": -2951000.0,
        "Net Income Continuous Operations": -2951000.0,
        "Tax Provision": 364000.0,
        "Pretax Income": -2587000.0,
        "Other Income Expense": -595000.0,
        "Special Income Charges": -587000.0,
        "Gain On Sale Of Business": 0.0,
        "Other Special Charges": -231000.0,
        "Write Off": -245000.0,
        "Restructuring And Mergern Acquisition": 1063000.0,
        "Gain On Sale Of Security": -8000.0,
        "Net Non Operating Interest Income Expense": -524000.0,
        "Interest Expense Non Operating": 524000.0,
        "Interest Income Non Operating": 0.0,
        "Operating Income": -1468000.0,
        "Operating Expense": 13324000.0,
        "Other Operating Expenses": 690000.0,
        "Depreciation Amortization Depletion Income Statement": 3346000.0,
        "Depreciation And Amortization In Income Statement": 3346000.0,
        "Selling General And Administration": 9288000.0,
        "Selling And Marketing Expense": 639000.0,
        "General And Administrative Expense": 8649000.0,
        "Other Gand A": 2006000.0,
        "Salaries And Wages": 6643000.0,
        "Gross Profit": 11856000.0,
        "Cost Of Revenue": 10718000.0,
        "Total Revenue": 22574000.0,
        "Operating Revenue": 22574000.0
    },
    "2023-12-31": {
        "Tax Effect Of Unusual Items": 73653.516295,
        "Tax Rate For Calcs": 0.325901,
        "Normalized EBITDA": 2964000.0,
        "Total Unusual Items": 226000.0,
        "Total Unusual Items Excluding Goodwill": 226000.0,
        "Net Income From Continuing Operation Net Minority Interest": -786000.0,
        "Reconciled Depreciation": 3758000.0,
        "Reconciled Cost Of Revenue": 11320000.0,
        "EBITDA": 3190000.0,
        "EBIT": -568000.0,
        "Net Interest Income": -597000.0,
        "Interest Expense": 598000.0,
        "Interest Income": 1000.0,
        "Normalized Income": -938346.483705,
        "Net Income From Continuing And Discontinued Operation": -786000.0,
        "Total Expenses": 24152000.0,
        "Total Operating Income As Reported": -431000.0,
        "Diluted Average Shares": NaN,
        "Basic Average Shares": NaN,
        "Diluted EPS": NaN,
        "Basic EPS": NaN,
        "Diluted NI Availto Com Stockholders": -786000.0,
        "Net Income Common Stockholders": -786000.0,
        "Net Income": -786000.0,
        "Net Income Including Noncontrolling Interests": -786000.0,
        "Net Income Continuous Operations": -786000.0,
        "Tax Provision": -380000.0,
        "Pretax Income": -1166000.0,
        "Other Income Expense": 226000.0,
        "Special Income Charges": 150000.0,
        "Gain On Sale Of Business": 0.0,
        "Other Special Charges": -160000.0,
        "Write Off": -43000.0,
        "Restructuring And Mergern Acquisition": 53000.0,
        "Gain On Sale Of Security": 76000.0,
        "Net Non Operating Interest Income Expense": -597000.0,
        "Interest Expense Non Operating": 598000.0,
        "Interest Income Non Operating": 1000.0,
        "Operating Income": -795000.0,
        "Operating Expense": 12832000.0,
        "Other Operating Expenses": 561000.0,
        "Depreciation Amortization Depletion Income Statement": 3758000.0,
        "Depreciation And Amortization In Income Statement": 3758000.0,
        "Selling General And Administration": 8513000.0,
        "Selling And Marketing Expense": 520000.0,
        "General And Administrative Expense": 7993000.0,
        "Other Gand A": 2694000.0,
        "Salaries And Wages": 5299000.0,
        "Gross Profit": 12037000.0,
        "Cost Of Revenue": 11320000.0,
        "Total Revenue": 23357000.0,
        "Operating Revenue": 23357000.0
    },
    "2024-03-31": {
        "Tax Effect Of Unusual Items": -104400.0,
        "Tax Rate For Calcs": 0.15,
        "Normalized EBITDA": 3349000.0,
        "Total Unusual Items": -696000.0,
        "Total Unusual Items Excluding Goodwill": -696000.0,
        "Net Income From Continuing Operation Net Minority Interest": -1904000.0,
        "Reconciled Depreciation": 3877000.0,
        "Reconciled Cost Of Revenue": 11934000.0,
        "EBITDA": 2653000.0,
        "EBIT": -1224000.0,
        "Net Interest Income": -636000.0,
        "Interest Expense": 636000.0,
        "Interest Income": NaN,
        "Normalized Income": -1312400.0,
        "Net Income From Continuing And Discontinued Operation": -1904000.0,
        "Total Expenses": 24339000.0,
        "Total Operating Income As Reported": -1268000.0,
        "Diluted Average Shares": 23500000.0,
        "Basic Average Shares": 23500000.0,
        "Diluted EPS": -0.08,
        "Basic EPS": -0.08,
        "Diluted NI Availto Com Stockholders": -1904000.0,
        "Net Income Common Stockholders": -1904000.0,
        "Net Income": -1904000.0,
        "Net Income Including Noncontrolling Interests": -1904000.0,
        "Net Income Continuous Operations": -1904000.0,
        "Tax Provision": 44000.0,
        "Pretax Income": -1860000.0,
        "Other Income Expense": -696000.0,
        "Special Income Charges": -562000.0,
        "Gain On Sale Of Business": NaN,
        "Other Special Charges": -65000.0,
        "Write Off": -18000.0,
        "Restructuring And Mergern Acquisition": 645000.0,
        "Gain On Sale Of Security": -134000.0,
        "Net Non Operating Interest Income Expense": -636000.0,
        "Interest Expense Non Operating": 636000.0,
        "Interest Income Non Operating": NaN,
        "Operating Income": -528000.0,
        "Operating Expense": 12405000.0,
        "Other Operating Expenses": 545000.0,
        "Depreciation Amortization Depletion Income Statement": 3877000.0,
        "Depreciation And Amortization In Income Statement": 3877000.0,
        "Selling General And Administration": 7983000.0,
        "Selling And Marketing Expense": 559000.0,
        "General And Administrative Expense": 7424000.0,
        "Other Gand A": 2333000.0,
        "Salaries And Wages": 5091000.0,
        "Gross Profit": 11877000.0,
        "Cost Of Revenue": 11934000.0,
        "Total Revenue": 23811000.0,
        "Operating Revenue": 23811000.0
    },
    "2024-06-30": {
        "Tax Effect Of Unusual Items": -18900.0,
        "Tax Rate For Calcs": 0.15,
        "Normalized EBITDA": 2817000.0,
        "Total Unusual Items": -126000.0,
        "Total Unusual Items Excluding Goodwill": -126000.0,
        "Net Income From Continuing Operation Net Minority Interest": -2400000.0,
        "Reconciled Depreciation": 3994000.0,
        "Reconciled Cost Of Revenue": 12457000.0,
        "EBITDA": 2691000.0,
        "EBIT": -1303000.0,
        "Net Interest Income": -842000.0,
        "Interest Expense": 842000.0,
        "Interest Income": NaN,
        "Normalized Income": -2292900.0,
        "Net Income From Continuing And Discontinued Operation": -2400000.0,
        "Total Expenses": 26038000.0,
        "Total Operating Income As Reported": -1215000.0,
        "Diluted Average Shares": 24000000.0,
        "Basic Average Shares": 24000000.0,
        "Diluted EPS": -0.1,
        "Basic EPS": -0.1,
        "Diluted NI Availto Com Stockholders": -2400000.0,
        "Net Income Common Stockholders": -2400000.0,
        "Net Income": -2400000.0,
        "Net Income Including Noncontrolling Interests": -2400000.0,
        "Net Income Continuous Operations": -2400000.0,
        "Tax Provision": 255000.0,
        "Pretax Income": -2145000.0,
        "Other Income Expense": -126000.0,
        "Special Income Charges": -76000.0,
        "Gain On Sale Of Business": NaN,
        "Other Special Charges": NaN,
        "Write Off": 121000.0,
        "Restructuring And Mergern Acquisition": -45000.0,
        "Gain On Sale Of Security": -50000.0,
        "Net Non Operating Interest Income Expense": -842000.0,
        "Interest Expense Non Operating": 842000.0,
        "Interest Income Non Operating": NaN,
        "Operating Income": -1177000.0,
        "Operating Expense": 13581000.0,
        "Other Operating Expenses": 273000.0,
        "Depreciation Amortization Depletion Income Statement": 3994000.0,
        "Depreciation And Amortization In Income Statement": 3994000.0,
        "Selling General And Administration": 9314000.0,
        "Selling And Marketing Expense": 533000.0,
        "General And Administrative Expense": 8781000.0,
        "Other Gand A": 3028000.0,
        "Salaries And Wages": 5753000.0,
        "Gross Profit": 12404000.0,
        "Cost Of Revenue": 12457000.0,
        "Total Revenue": 24861000.0,
        "Operating Revenue": 24861000.0
    },
    "2024-09-30": {
        "Tax Effect Of Unusual Items": -20850.0,
        "Tax Rate For Calcs": 0.15,
        "Normalized EBITDA": 4114000.0,
        "Total Unusual Items": -139000.0,
        "Total Unusual Items Excluding Goodwill": -139000.0,
        "Net Income From Continuing Operation Net Minority Interest": -165000.0,
        "Reconciled Depreciation": 4330000.0,
        "Reconciled Cost Of Revenue": 12167000.0,
        "EBITDA": 3975000.0,
        "EBIT": -355000.0,
        "Net Interest Income": -899000.0,
        "Interest Expense": 899000.0,
        "Interest Income": NaN,
        "Normalized Income": -46850.0,
        "Net Income From Continuing And Discontinued Operation": -165000.0,
        "Total Expenses": 26385000.0,
        "Total Operating Income As Reported": -406000.0,
        "Diluted Average Shares": 25000000.0,
        "Basic Average Shares": 25000000.0,
        "Diluted EPS": -0.01,
        "Basic EPS": -0.01,
        "Diluted NI Availto Com Stockholders": -165000.0,
        "Net Income Common Stockholders": -165000.0,
        "Net Income": -165000.0,
        "Net Income Including Noncontrolling Interests": -165000.0,
        "Net Income Continuous Operations": -165000.0,
        "Tax Provision": -1089000.0,
        "Pretax Income": -1254000.0,
        "Other Income Expense": -139000.0,
        "Special Income Charges": -236000.0,
        "Gain On Sale Of Business": NaN,
        "Other Special Charges": -104000.0,
        "Write Off": 539000.0,
        "Restructuring And Mergern Acquisition": -199000.0,
        "Gain On Sale Of Security": 97000.0,
        "Net Non Operating Interest Income Expense": -899000.0,
        "Interest Expense Non Operating": 899000.0,
        "Interest Income Non Operating": NaN,
        "Operating Income": -216000.0,
        "Operating Expense": 14218000.0,
        "Other Operating Expenses": 553000.0,
        "Depreciation Amortization Depletion Income Statement": 4330000.0,
        "Depreciation And Amortization In Income Statement": 4330000.0,
        "Selling General And Administration": 9335000.0,
        "Selling And Marketing Expense": 708000.0,
        "General And Administrative Expense": 8627000.0,
        "Other Gand A": 3291000.0,
        "Salaries And Wages": 5336000.0,
        "Gross Profit": 14002000.0,
        "Cost Of Revenue": 12167000.0,
        "Total Revenue": 26169000.0,
        "Operating Revenue": 26169000.0
    }
}