{
    "2023-04-30": {
        "Tax Effect Of Unusual Items": 186830.0,
        "Tax Rate For Calcs": 0.238,
        "Normalized EBITDA": 70406000.0,
        "Total Unusual Items": 785000.0,
        "Total Unusual Items Excluding Goodwill": 785000.0,
        "Net Income From Continuing Operation Net Minority Interest": 48052000.0,
        "Reconciled Depreciation": 7405000.0,
        "Reconciled Cost Of Revenue": 167425000.0,
        "EBITDA": 71191000.0,
        "EBIT": 63786000.0,
        "Net Interest Income": -753000.0,
        "Interest Expense": 753000.0,
        "Normalized Income": 47453830.0,
        "Net Income From Continuing And Discontinued Operation": 48052000.0,
        "Total Expenses": 274115000.0,
        "Total Operating Income As Reported": 63001000.0,
        "Diluted Average Shares": 50001000.0,
        "Basic Average Shares": 49653000.0,
        "Diluted EPS": 0.96,
        "Basic EPS": 0.97,
        "Diluted NI Availto Com Stockholders": 48052000.0,
        "Net Income Common Stockholders": 48052000.0,
        "Preferred Stock Dividends": NaN,
        "Net Income": 48052000.0,
        "Net Income Including Noncontrolling Interests": 48052000.0,
        "Net Income Continuous Operations": 48052000.0,
        "Tax Provision": 14981000.0,
        "Pretax Income": 63033000.0,
        "Other Income Expense": 785000.0,
        "Gain On Sale Of Security": 785000.0,
        "Net Non Operating Interest Income Expense": -753000.0,
        "Interest Expense Non Operating": 753000.0,
        "Operating Income": 63001000.0,
        "Operating Expense": 106690000.0,
        "Research And Development": 15715000.0,
        "Selling General And Administration": 90975000.0,
        "Gross Profit": 169691000.0,
        "Cost Of Revenue": 167425000.0,
        "Total Revenue": 337116000.0,
        "Operating Revenue": 337116000.0
    },
    "2023-01-31": {
        "Tax Effect Of Unusual Items": 210056.0,
        "Tax Rate For Calcs": 0.217,
        "Normalized EBITDA": 57233000.0,
        "Total Unusual Items": 968000.0,
        "Total Unusual Items Excluding Goodwill": 968000.0,
        "Net Income From Continuing Operation Net Minority Interest": 37986000.0,
        "Reconciled Depreciation": 8452000.0,
        "Reconciled Cost Of Revenue": 169809000.0,
        "EBITDA": 58201000.0,
        "EBIT": 49749000.0,
        "Net Interest Income": -1239000.0,
        "Interest Expense": 1239000.0,
        "Normalized Income": 37228056.0,
        "Net Income From Continuing And Discontinued Operation": 37986000.0,
        "Total Expenses": 277468000.0,
        "Total Operating Income As Reported": 48781000.0,
        "Diluted Average Shares": 50009000.0,
        "Basic Average Shares": 49745000.0,
        "Diluted EPS": 0.76,
        "Basic EPS": 0.76,
        "Diluted NI Availto Com Stockholders": 37986000.0,
        "Net Income Common Stockholders": 37986000.0,
        "Preferred Stock Dividends": NaN,
        "Net Income": 37986000.0,
        "Net Income Including Noncontrolling Interests": 37986000.0,
        "Net Income Continuous Operations": 37986000.0,
        "Tax Provision": 10524000.0,
        "Pretax Income": 48510000.0,
        "Other Income Expense": 968000.0,
        "Gain On Sale Of Security": 968000.0,
        "Net Non Operating Interest Income Expense": -1239000.0,
        "Interest Expense Non Operating": 1239000.0,
        "Operating Income": 48781000.0,
        "Operating Expense": 107659000.0,
        "Research And Development": 15377000.0,
        "Selling General And Administration": 92282000.0,
        "Gross Profit": 156440000.0,
        "Cost Of Revenue": 169809000.0,
        "Total Revenue": 326249000.0,
        "Operating Revenue": 326249000.0
    },
    "2022-10-31": {
        "Tax Effect Of Unusual Items": -33912.0,
        "Tax Rate For Calcs": 0.216,
        "Normalized EBITDA": 60051000.0,
        "Total Unusual Items": -157000.0,
        "Total Unusual Items Excluding Goodwill": -157000.0,
        "Net Income From Continuing Operation Net Minority Interest": 39441000.0,
        "Reconciled Depreciation": 8665000.0,
        "Reconciled Cost Of Revenue": 167305000.0,
        "EBITDA": 59894000.0,
        "EBIT": 51229000.0,
        "Net Interest Income": -894000.0,
        "Interest Expense": 894000.0,
        "Normalized Income": 39564088.0,
        "Net Income From Continuing And Discontinued Operation": 39441000.0,
        "Total Expenses": 271183000.0,
        "Total Operating Income As Reported": 51386000.0,
        "Diluted Average Shares": 50090000.0,
        "Basic Average Shares": 49868000.0,
        "Diluted EPS": 0.79,
        "Basic EPS": 0.79,
        "Diluted NI Availto Com Stockholders": 38668000.0,
        "Net Income Common Stockholders": 38668000.0,
        "Preferred Stock Dividends": 773000.0,
        "Net Income": 39441000.0,
        "Net Income Including Noncontrolling Interests": 39441000.0,
        "Net Income Continuous Operations": 39441000.0,
        "Tax Provision": 10894000.0,
        "Pretax Income": 50335000.0,
        "Other Income Expense": -157000.0,
        "Gain On Sale Of Security": -157000.0,
        "Net Non Operating Interest Income Expense": -894000.0,
        "Interest Expense Non Operating": 894000.0,
        "Operating Income": 51386000.0,
        "Operating Expense": 103878000.0,
        "Research And Development": 13933000.0,
        "Selling General And Administration": 89945000.0,
        "Gross Profit": 155264000.0,
        "Cost Of Revenue": 167305000.0,
        "Total Revenue": 322569000.0,
        "Operating Revenue": 322569000.0
    },
    "2022-07-31": {
        "Tax Effect Of Unusual Items": 379951.1391,
        "Tax Rate For Calcs": 0.239415,
        "Normalized EBITDA": 61650000.0,
        "Total Unusual Items": 1587000.0,
        "Total Unusual Items Excluding Goodwill": 1587000.0,
        "Net Income From Continuing Operation Net Minority Interest": 41064000.0,
        "Reconciled Depreciation": 8734000.0,
        "Reconciled Cost Of Revenue": 160805000.0,
        "EBITDA": 63237000.0,
        "EBIT": 54503000.0,
        "Net Interest Income": -513000.0,
        "Interest Expense": 513000.0,
        "Normalized Income": 39856951.1391,
        "Net Income From Continuing And Discontinued Operation": 41064000.0,
        "Total Expenses": 271065000.0,
        "Total Operating Income As Reported": 52916000.0,
        "Diluted Average Shares": 50439000.0,
        "Basic Average Shares": 50184000.0,
        "Diluted EPS": 0.81,
        "Basic EPS": 0.82,
        "Diluted NI Availto Com Stockholders": 41064000.0,
        "Net Income Common Stockholders": 41064000.0,
        "Preferred Stock Dividends": 0.0,
        "Net Income": 41064000.0,
        "Net Income Including Noncontrolling Interests": 41064000.0,
        "Net Income Continuous Operations": 41064000.0,
        "Earnings From Equity Interest Net Of Tax": 0.0,
        "Tax Provision": 12926000.0,
        "Pretax Income": 53990000.0,
        "Other Income Expense": 1587000.0,
        "Gain On Sale Of Security": 1587000.0,
        "Net Non Operating Interest Income Expense": -513000.0,
        "Interest Expense Non Operating": 513000.0,
        "Operating Income": 52916000.0,
        "Operating Expense": 110260000.0,
        "Research And Development": 15753000.0,
        "Selling General And Administration": 94507000.0,
        "Gross Profit": 163176000.0,
        "Cost Of Revenue": 160805000.0,
        "Total Revenue": 323981000.0,
        "Operating Revenue": 323981000.0
    },
    "2022-04-30": {
        "Diluted EPS": 0.78,
        "Total Revenue": 339,
        "Gross Profit": 164,
        "Operating Income": 53,
        "EBIT": 61,
        "Net Income": 40
    },
    "2022-01-31": {
        "Diluted EPS": 0.65,
        "Total Revenue": 318,
        "Gross Profit": 149,
        "Operating Income": 43,
        "EBIT": 51,
        "Net Income": 34
    },
    "2021-10-31": {
        "Diluted EPS": 0.65,
        "Total Revenue": 321,
        "Gross Profit": 155,
        "Operating Income": 44,
        "EBIT": 53,
        "Net Income": 34
    },
    "2021-07-31": {
        "Diluted EPS": 0.54,
        "Total Revenue": 306,
        "Gross Profit": 148,
        "Operating Income": 41,
        "EBIT": 49,
        "Net Income": 28
    },
    "2021-04-30": {
        "Diluted EPS": 0.71,
        "Total Revenue": 296,
        "Gross Profit": 149,
        "Operating Income": 47,
        "EBIT": 53,
        "Net Income": 37
    },
    "2021-01-31": {
        "Diluted EPS": 0.59,
        "Total Revenue": 266,
        "Gross Profit": 130,
        "Operating Income": 37,
        "EBIT": 43,
        "Net Income": 31
    },
    "2020-10-31": {
        "Diluted EPS": 0.62,
        "Total Revenue": 277,
        "Gross Profit": 135,
        "Operating Income": 42,
        "EBIT": 48,
        "Net Income": 33
    },
    "2020-07-31": {
        "Diluted EPS": 0.54,
        "Total Revenue": 252,
        "Gross Profit": 119,
        "Operating Income": 33,
        "EBIT": 39,
        "Net Income": 28
    },
    "2020-04-30": {
        "Diluted EPS": 0.26,
        "Total Revenue": 266,
        "Gross Profit": 130,
        "Operating Income": 23,
        "EBIT": 29,
        "Net Income": 14
    },
    "2020-01-31": {
        "Diluted EPS": 0.62,
        "Total Revenue": 277,
        "Gross Profit": 139,
        "Operating Income": 41,
        "EBIT": 47,
        "Net Income": 34
    },
    "2019-10-31": {
        "Diluted EPS": 0.68,
        "Total Revenue": 287,
        "Gross Profit": 141,
        "Operating Income": 41,
        "EBIT": 47,
        "Net Income": 37
    },
    "2019-07-31": {
        "Diluted EPS": 0.69,
        "Total Revenue": 295,
        "Gross Profit": 147,
        "Operating Income": 46,
        "EBIT": 52,
        "Net Income": 37
    },
    "2019-04-30": {
        "Diluted EPS": 0.65,
        "Total Revenue": 290,
        "Gross Profit": 146,
        "Operating Income": 40,
        "EBIT": 46,
        "Net Income": 35
    },
    "2019-01-31": {
        "Diluted EPS": 0.55,
        "Total Revenue": 282,
        "Gross Profit": 140,
        "Operating Income": 36,
        "EBIT": 42,
        "Net Income": 29
    },
    "2018-10-31": {
        "Diluted EPS": 0.56,
        "Total Revenue": 293,
        "Gross Profit": 147,
        "Operating Income": 41,
        "EBIT": 47,
        "Net Income": 31
    },
    "2018-07-31": {
        "Diluted EPS": 0.67,
        "Total Revenue": 297,
        "Gross Profit": 147,
        "Operating Income": 45,
        "EBIT": 51,
        "Net Income": 35
    },
    "2018-04-30": {
        "Diluted EPS": 0.49,
        "Total Revenue": 298,
        "Gross Profit": 151,
        "Operating Income": 38,
        "EBIT": 44,
        "Net Income": 26
    },
    "2018-01-31": {
        "Diluted EPS": 0.08,
        "Total Revenue": 288,
        "Gross Profit": 144,
        "Operating Income": 35,
        "EBIT": 41,
        "Net Income": 4
    },
    "2017-10-31": {
        "Diluted EPS": 0.48,
        "Total Revenue": 290,
        "Gross Profit": 146,
        "Operating Income": 35,
        "EBIT": 42,
        "Net Income": 26
    },
    "2017-07-31": {
        "Diluted EPS": 0.49,
        "Total Revenue": 289,
        "Gross Profit": 144,
        "Operating Income": 36,
        "EBIT": 43,
        "Net Income": 25
    },
    "2017-04-30": {
        "Diluted EPS": 0.43,
        "Total Revenue": 276,
        "Gross Profit": 140,
        "Operating Income": 32,
        "EBIT": 38,
        "Net Income": 23
    },
    "2017-01-31": {
        "Diluted EPS": 0.49,
        "Total Revenue": 268,
        "Gross Profit": 134,
        "Operating Income": 30,
        "EBIT": 37,
        "Net Income": 25
    },
    "2016-10-31": {
        "Diluted EPS": 0.42,
        "Total Revenue": 280,
        "Gross Profit": 140,
        "Operating Income": 33,
        "EBIT": 40,
        "Net Income": 23
    },
    "2016-07-31": {
        "Diluted EPS": 0.49,
        "Total Revenue": 282,
        "Gross Profit": 141,
        "Operating Income": 33,
        "EBIT": 41,
        "Net Income": 25
    },
    "2016-04-30": {
        "Diluted EPS": 0.42,
        "Total Revenue": 287,
        "Gross Profit": 145,
        "Operating Income": 31,
        "EBIT": 38,
        "Net Income": 21
    },
    "2016-01-31": {
        "Diluted EPS": 0.3,
        "Total Revenue": 269,
        "Gross Profit": 133,
        "Operating Income": 24,
        "EBIT": 32,
        "Net Income": 15
    },
    "2015-10-31": {
        "Diluted EPS": 0.35,
        "Total Revenue": 283,
        "Gross Profit": 139,
        "Operating Income": 30,
        "EBIT": 39,
        "Net Income": 19
    },
    "2015-07-31": {
        "Diluted EPS": -0.77,
        "Total Revenue": 289,
        "Gross Profit": 129,
        "Operating Income": -33,
        "EBIT": -22,
        "Net Income": -39
    },
    "2015-04-30": {
        "Diluted EPS": 0.33,
        "Total Revenue": 290,
        "Gross Profit": 141,
        "Operating Income": 24,
        "EBIT": 33,
        "Net Income": 17
    },
    "2015-01-31": {
        "Diluted EPS": 0.23,
        "Total Revenue": 283,
        "Gross Profit": 138,
        "Operating Income": 17,
        "EBIT": 27,
        "Net Income": 12
    },
    "2014-10-31": {
        "Diluted EPS": 0.25,
        "Total Revenue": 310,
        "Gross Profit": 150,
        "Operating Income": 27,
        "EBIT": 37,
        "Net Income": 14
    },
    "2014-07-31": {
        "Diluted EPS": -2.11,
        "Total Revenue": 317,
        "Gross Profit": 154,
        "Operating Income": -116,
        "EBIT": -105,
        "Net Income": -110
    },
    "2014-04-30": {
        "Diluted EPS": 0.46,
        "Total Revenue": 310,
        "Gross Profit": 155,
        "Operating Income": 27,
        "EBIT": 38,
        "Net Income": 24
    },
    "2014-01-31": {
        "Diluted EPS": 0.31,
        "Total Revenue": 291,
        "Gross Profit": 143,
        "Operating Income": 18,
        "EBIT": 30,
        "Net Income": 16
    },
    "2013-10-31": {
        "Diluted EPS": 0.44,
        "Total Revenue": 308,
        "Gross Profit": 158,
        "Operating Income": 30,
        "EBIT": 41,
        "Net Income": 24
    },
    "2013-07-31": {
        "Diluted EPS": -3.45,
        "Total Revenue": 312,
        "Gross Profit": 159,
        "Operating Income": -178,
        "EBIT": -165,
        "Net Income": -177
    },
    "2013-04-30": {
        "Diluted EPS": 0.08,
        "Total Revenue": 302,
        "Gross Profit": 159,
        "Operating Income": 31,
        "EBIT": 45,
        "Net Income": 4
    },
    "2013-01-31": {
        "Diluted EPS": -0.17,
        "Total Revenue": 273,
        "Gross Profit": 142,
        "Operating Income": 22,
        "EBIT": 33,
        "Net Income": -9
    },
    "2012-10-31": {
        "Diluted EPS": 0.51,
        "Total Revenue": 271,
        "Gross Profit": 150,
        "Operating Income": 43,
        "EBIT": 53,
        "Net Income": 27
    },
    "2012-07-31": {
        "Diluted EPS": 0.24,
        "Total Revenue": 126,
        "Gross Profit": 118,
        "Operating Income": 143,
        "EBIT": 154,
        "Net Income": 12
    },
    "2012-04-30": {
        "Diluted EPS": 0.52,
        "Total Revenue": 275,
        "Gross Profit": 152,
        "Operating Income": 43,
        "EBIT": 54,
        "Net Income": 28
    },
    "2012-01-31": {
        "Diluted EPS": -1.72,
        "Total Revenue": 321,
        "Gross Profit": 153,
        "Operating Income": -77,
        "EBIT": -66,
        "Net Income": -90
    },
    "2011-10-31": {
        "Diluted EPS": 0.6,
        "Total Revenue": 350,
        "Gross Profit": 168,
        "Operating Income": 49,
        "EBIT": 60,
        "Net Income": 33
    },
    "2011-07-31": {
        "Diluted EPS": 0.56,
        "Total Revenue": 343,
        "Gross Profit": 165,
        "Operating Income": 43,
        "EBIT": 54,
        "Net Income": 30
    },
    "2011-04-30": {
        "Diluted EPS": 0.54,
        "Total Revenue": 338,
        "Gross Profit": 168,
        "Operating Income": 41,
        "EBIT": 53,
        "Net Income": 29
    },
    "2011-01-31": {
        "Diluted EPS": 0.46,
        "Total Revenue": 329,
        "Gross Profit": 159,
        "Operating Income": 37,
        "EBIT": 50,
        "Net Income": 24
    },
    "2010-10-31": {
        "Diluted EPS": 0.48,
        "Total Revenue": 330,
        "Gross Profit": 165,
        "Operating Income": 42,
        "EBIT": 54,
        "Net Income": 26
    },
    "2010-07-31": {
        "Diluted EPS": 0.41,
        "Total Revenue": 323,
        "Gross Profit": 159,
        "Operating Income": 34,
        "EBIT": 47,
        "Net Income": 21
    },
    "2010-04-30": {
        "Diluted EPS": 0.45,
        "Total Revenue": 322,
        "Gross Profit": 160,
        "Operating Income": 36,
        "EBIT": 49,
        "Net Income": 24
    },
    "2010-01-31": {
        "Diluted EPS": 0.28,
        "Total Revenue": 296,
        "Gross Profit": 147,
        "Operating Income": 24,
        "EBIT": 37,
        "Net Income": 15
    },
    "2009-10-31": {
        "Diluted EPS": 0.39,
        "Total Revenue": 318,
        "Gross Profit": 157,
        "Operating Income": 36,
        "EBIT": 49,
        "Net Income": 22
    },
    "2009-07-31": {
        "Diluted EPS": 0.38,
        "Total Revenue": 287,
        "Gross Profit": 136,
        "Operating Income": 30,
        "EBIT": 44,
        "Net Income": 19
    },
    "2009-04-30": {
        "Diluted EPS": 0.34,
        "Total Revenue": 277,
        "Gross Profit": 134,
        "Operating Income": 29,
        "EBIT": 43,
        "Net Income": 18
    },
    "2009-01-31": {
        "Diluted EPS": -0.08,
        "Total Revenue": 266,
        "Gross Profit": 126,
        "Operating Income": 5,
        "EBIT": 18,
        "Net Income": -4
    },
    "2023-07-31": {
        "Tax Effect Of Unusual Items": 548927.261901,
        "Tax Rate For Calcs": 0.226268,
        "Normalized EBITDA": 69893000.0,
        "Total Unusual Items": 2426000.0,
        "Total Unusual Items Excluding Goodwill": 2426000.0,
        "Net Income From Continuing Operation Net Minority Interest": 49378000.0,
        "Reconciled Depreciation": 7848000.0,
        "Reconciled Cost Of Revenue": 170049000.0,
        "EBITDA": 72319000.0,
        "EBIT": 64471000.0,
        "Net Interest Income": -653000.0,
        "Interest Expense": 653000.0,
        "Normalized Income": 47500927.261901,
        "Net Income From Continuing And Discontinued Operation": 49378000.0,
        "Total Expenses": 283884000.0,
        "Total Operating Income As Reported": 62045000.0,
        "Diluted Average Shares": NaN,
        "Basic Average Shares": NaN,
        "Diluted EPS": NaN,
        "Basic EPS": NaN,
        "Diluted NI Availto Com Stockholders": 48606000.0,
        "Net Income Common Stockholders": 48606000.0,
        "Preferred Stock Dividends": NaN,
        "Net Income": 49378000.0,
        "Net Income Including Noncontrolling Interests": 49378000.0,
        "Net Income Continuous Operations": 49378000.0,
        "Tax Provision": 14440000.0,
        "Pretax Income": 63818000.0,
        "Other Income Expense": 2426000.0,
        "Gain On Sale Of Security": 2426000.0,
        "Net Non Operating Interest Income Expense": -653000.0,
        "Interest Expense Non Operating": 653000.0,
        "Operating Income": 62045000.0,
        "Operating Expense": 113835000.0,
        "Research And Development": 16340000.0,
        "Selling General And Administration": 97495000.0,
        "Gross Profit": 175880000.0,
        "Cost Of Revenue": 170049000.0,
        "Total Revenue": 345929000.0,
        "Operating Revenue": 345929000.0
    },
    "2023-10-31": {
        "Tax Effect Of Unusual Items": 89790.0,
        "Tax Rate For Calcs": 0.205,
        "Normalized EBITDA": 67196000.0,
        "Total Unusual Items": 438000.0,
        "Total Unusual Items Excluding Goodwill": 438000.0,
        "Net Income From Continuing Operation Net Minority Interest": 47241000.0,
        "Reconciled Depreciation": 7466000.0,
        "Reconciled Cost Of Revenue": 160264000.0,
        "EBITDA": 67634000.0,
        "EBIT": 60168000.0,
        "Net Interest Income": -766000.0,
        "Interest Expense": 766000.0,
        "Normalized Income": 46892790.0,
        "Net Income From Continuing And Discontinued Operation": 47241000.0,
        "Total Expenses": 272253000.0,
        "Total Operating Income As Reported": 59730000.0,
        "Diluted Average Shares": 48811000.0,
        "Basic Average Shares": 48505000.0,
        "Diluted EPS": 0.97,
        "Basic EPS": 0.97,
        "Diluted NI Availto Com Stockholders": 46488000.0,
        "Net Income Common Stockholders": 46488000.0,
        "Preferred Stock Dividends": 753000.0,
        "Net Income": 47241000.0,
        "Net Income Including Noncontrolling Interests": 47241000.0,
        "Net Income Continuous Operations": 47241000.0,
        "Tax Provision": 12161000.0,
        "Pretax Income": 59402000.0,
        "Other Income Expense": 438000.0,
        "Gain On Sale Of Security": 438000.0,
        "Net Non Operating Interest Income Expense": -766000.0,
        "Interest Expense Non Operating": 766000.0,
        "Operating Income": 59730000.0,
        "Operating Expense": 111989000.0,
        "Research And Development": 15702000.0,
        "Selling General And Administration": 96287000.0,
        "Gross Profit": 171719000.0,
        "Cost Of Revenue": 160264000.0,
        "Total Revenue": 331983000.0,
        "Operating Revenue": 331983000.0
    }
}