{
    "2023-03-31": {
        "Tax Effect Of Unusual Items": 0.0,
        "Tax Rate For Calcs": 0.21,
        "Normalized EBITDA": -15223000.0,
        "Total Unusual Items": 0.0,
        "Total Unusual Items Excluding Goodwill": 0.0,
        "Net Income From Continuing Operation Net Minority Interest": -4800000.0,
        "Reconciled Depreciation": 1719000.0,
        "Reconciled Cost Of Revenue": 55979000.0,
        "EBITDA": -15223000.0,
        "EBIT": -16942000.0,
        "Net Interest Income": -323000.0,
        "Interest Expense": 323000.0,
        "Normalized Income": -4800000.0,
        "Net Income From Continuing And Discontinued Operation": -4800000.0,
        "Total Expenses": 100705000.0,
        "Total Operating Income As Reported": -17215000.0,
        "Diluted Average Shares": 58159223.0,
        "Basic Average Shares": 58159223.0,
        "Diluted EPS": -0.08,
        "Basic EPS": -0.08,
        "Diluted NI Availto Com Stockholders": -4800000.0,
        "Net Income Common Stockholders": -4800000.0,
        "Net Income": -4800000.0,
        "Minority Interests": 12521000.0,
        "Net Income Including Noncontrolling Interests": -17321000.0,
        "Net Income Continuous Operations": -17321000.0,
        "Tax Provision": 56000.0,
        "Pretax Income": -17265000.0,
        "Other Income Expense": 273000.0,
        "Other Non Operating Income Expenses": 273000.0,
        "Special Income Charges": 0.0,
        "Impairment Of Capital Assets": NaN,
        "Restructuring And Mergern Acquisition": 0.0,
        "Net Non Operating Interest Income Expense": -323000.0,
        "Interest Expense Non Operating": 323000.0,
        "Operating Income": -17215000.0,
        "Operating Expense": 44726000.0,
        "Other Operating Expenses": NaN,
        "Selling General And Administration": 44726000.0,
        "Selling And Marketing Expense": 7144000.0,
        "General And Administrative Expense": 37582000.0,
        "Other Gand A": 17758000.0,
        "Salaries And Wages": 19824000.0,
        "Gross Profit": 27511000.0,
        "Cost Of Revenue": 55979000.0,
        "Total Revenue": 83490000.0,
        "Operating Revenue": 83490000.0
    },
    "2022-12-31": {
        "Tax Effect Of Unusual Items": 0.0,
        "Tax Rate For Calcs": 0.21,
        "Normalized EBITDA": -18144000.0,
        "Total Unusual Items": 0.0,
        "Total Unusual Items Excluding Goodwill": 0.0,
        "Net Income From Continuing Operation Net Minority Interest": -5187000.0,
        "Reconciled Depreciation": 1328000.0,
        "Reconciled Cost Of Revenue": 64153000.0,
        "EBITDA": -18144000.0,
        "EBIT": -19472000.0,
        "Net Interest Income": -457000.0,
        "Interest Expense": 457000.0,
        "Normalized Income": -5187000.0,
        "Net Income From Continuing And Discontinued Operation": -5187000.0,
        "Total Expenses": 113079000.0,
        "Total Operating Income As Reported": -19461000.0,
        "Diluted Average Shares": 54814919.0,
        "Basic Average Shares": 54814919.0,
        "Diluted EPS": -0.09,
        "Basic EPS": -0.09,
        "Diluted NI Availto Com Stockholders": -5187000.0,
        "Net Income Common Stockholders": -5187000.0,
        "Net Income": -5187000.0,
        "Minority Interests": 14843000.0,
        "Net Income Including Noncontrolling Interests": -20030000.0,
        "Net Income Continuous Operations": -20030000.0,
        "Tax Provision": 101000.0,
        "Pretax Income": -19929000.0,
        "Other Income Expense": -11000.0,
        "Other Non Operating Income Expenses": -11000.0,
        "Special Income Charges": 0.0,
        "Impairment Of Capital Assets": NaN,
        "Restructuring And Mergern Acquisition": 0.0,
        "Gain On Sale Of Security": 0.0,
        "Net Non Operating Interest Income Expense": -457000.0,
        "Interest Expense Non Operating": 457000.0,
        "Operating Income": -19461000.0,
        "Operating Expense": 48926000.0,
        "Other Operating Expenses": NaN,
        "Selling General And Administration": 48926000.0,
        "Selling And Marketing Expense": 13578000.0,
        "General And Administrative Expense": 35348000.0,
        "Other Gand A": 18467000.0,
        "Salaries And Wages": 16881000.0,
        "Gross Profit": 29465000.0,
        "Cost Of Revenue": 64153000.0,
        "Total Revenue": 93618000.0,
        "Operating Revenue": 93618000.0
    },
    "2022-09-30": {
        "Tax Effect Of Unusual Items": 0.0,
        "Tax Rate For Calcs": 0.4,
        "Normalized EBITDA": -14521000.0,
        "Total Unusual Items": 0.0,
        "Total Unusual Items Excluding Goodwill": 0.0,
        "Net Income From Continuing Operation Net Minority Interest": -4043000.0,
        "Reconciled Depreciation": 1040000.0,
        "Reconciled Cost Of Revenue": 51549000.0,
        "EBITDA": -14521000.0,
        "EBIT": -15561000.0,
        "Net Interest Income": -470000.0,
        "Interest Expense": 470000.0,
        "Normalized Income": -4043000.0,
        "Net Income From Continuing And Discontinued Operation": -4043000.0,
        "Total Expenses": 91112000.0,
        "Total Operating Income As Reported": -15618000.0,
        "Diluted Average Shares": 53013720.0,
        "Basic Average Shares": 53013720.0,
        "Diluted EPS": -0.08,
        "Basic EPS": -0.08,
        "Diluted NI Availto Com Stockholders": -4043000.0,
        "Net Income Common Stockholders": -4043000.0,
        "Net Income": -4043000.0,
        "Minority Interests": 12059000.0,
        "Net Income Including Noncontrolling Interests": -16102000.0,
        "Net Income Continuous Operations": -16102000.0,
        "Tax Provision": 71000.0,
        "Pretax Income": -16031000.0,
        "Other Income Expense": 57000.0,
        "Other Non Operating Income Expenses": 57000.0,
        "Special Income Charges": 0.0,
        "Impairment Of Capital Assets": NaN,
        "Restructuring And Mergern Acquisition": 0.0,
        "Gain On Sale Of Security": NaN,
        "Net Non Operating Interest Income Expense": -470000.0,
        "Interest Expense Non Operating": 470000.0,
        "Operating Income": -15618000.0,
        "Operating Expense": 39563000.0,
        "Other Operating Expenses": NaN,
        "Selling General And Administration": 39563000.0,
        "Selling And Marketing Expense": 7414000.0,
        "General And Administrative Expense": 32149000.0,
        "Other Gand A": 16301000.0,
        "Salaries And Wages": 15848000.0,
        "Gross Profit": 23945000.0,
        "Cost Of Revenue": 51549000.0,
        "Total Revenue": 75494000.0,
        "Operating Revenue": 75494000.0
    },
    "2022-06-30": {
        "Tax Effect Of Unusual Items": -11178400.0,
        "Tax Rate For Calcs": 0.4,
        "Normalized EBITDA": -15870000.0,
        "Total Unusual Items": -27946000.0,
        "Total Unusual Items Excluding Goodwill": -27946000.0,
        "Net Income From Continuing Operation Net Minority Interest": -10755000.0,
        "Reconciled Depreciation": 1026000.0,
        "Reconciled Cost Of Revenue": 43809000.0,
        "EBITDA": -43816000.0,
        "EBIT": -44842000.0,
        "Net Interest Income": -176000.0,
        "Interest Expense": 176000.0,
        "Normalized Income": 6012600.0,
        "Net Income From Continuing And Discontinued Operation": -10755000.0,
        "Total Expenses": 83205000.0,
        "Total Operating Income As Reported": -16840000.0,
        "Diluted Average Shares": 49771104.0,
        "Basic Average Shares": 49771104.0,
        "Diluted EPS": -0.22,
        "Basic EPS": -0.22,
        "Diluted NI Availto Com Stockholders": -10755000.0,
        "Net Income Common Stockholders": -10755000.0,
        "Net Income": -10755000.0,
        "Minority Interests": 34330000.0,
        "Net Income Including Noncontrolling Interests": -45085000.0,
        "Net Income Continuous Operations": -45085000.0,
        "Tax Provision": 67000.0,
        "Pretax Income": -45018000.0,
        "Other Income Expense": -28002000.0,
        "Other Non Operating Income Expenses": -56000.0,
        "Special Income Charges": -38553000.0,
        "Impairment Of Capital Assets": NaN,
        "Restructuring And Mergern Acquisition": 38553000.0,
        "Gain On Sale Of Security": 10607000.0,
        "Net Non Operating Interest Income Expense": -176000.0,
        "Interest Expense Non Operating": 176000.0,
        "Operating Income": -16840000.0,
        "Operating Expense": 39396000.0,
        "Selling General And Administration": 39396000.0,
        "Selling And Marketing Expense": 9026000.0,
        "General And Administrative Expense": 30370000.0,
        "Other Gand A": 14831000.0,
        "Salaries And Wages": 15539000.0,
        "Gross Profit": 22556000.0,
        "Cost Of Revenue": 43809000.0,
        "Total Revenue": 66365000.0,
        "Operating Revenue": 66365000.0
    },
    "2022-03-31": {
        "Diluted EPS": -1.36,
        "Total Revenue": 66,
        "Gross Profit": 23,
        "Operating Income": -16,
        "EBIT": -15,
        "Net Income": -63
    },
    "2021-12-31": {
        "Diluted EPS": 0.0,
        "Total Revenue": 72,
        "Gross Profit": 25,
        "Operating Income": -4,
        "EBIT": -3,
        "Net Income": -5
    },
    "2021-09-30": {
        "Diluted EPS": 0.0,
        "Total Revenue": 60,
        "Gross Profit": 24,
        "Operating Income": -3,
        "EBIT": -2,
        "Net Income": -4
    },
    "2021-06-30": {
        "Diluted EPS": -0.11,
        "Total Revenue": 52,
        "Gross Profit": 21,
        "Operating Income": -5,
        "EBIT": -4,
        "Net Income": -5
    },
    "2021-03-31": {
        "Diluted EPS": 0.0,
        "Total Revenue": 49,
        "Gross Profit": 20,
        "Operating Income": 0,
        "EBIT": 1,
        "Net Income": 0
    },
    "2020-12-31": {
        "Diluted EPS": 0.0,
        "Total Revenue": NaN,
        "Gross Profit": NaN,
        "Operating Income": NaN,
        "EBIT": NaN,
        "Net Income": NaN
    },
    "2019-12-31": {
        "Diluted EPS": 0.0,
        "Total Revenue": NaN,
        "Gross Profit": NaN,
        "Operating Income": NaN,
        "EBIT": NaN,
        "Net Income": NaN
    },
    "2023-06-30": {
        "Tax Effect Of Unusual Items": -252420.0,
        "Tax Rate For Calcs": 0.21,
        "Normalized EBITDA": -10982000.0,
        "Total Unusual Items": -1202000.0,
        "Total Unusual Items Excluding Goodwill": -1202000.0,
        "Net Income From Continuing Operation Net Minority Interest": -4228000.0,
        "Reconciled Depreciation": 1633000.0,
        "Reconciled Cost Of Revenue": 59741000.0,
        "EBITDA": -12184000.0,
        "EBIT": -13817000.0,
        "Net Interest Income": -791000.0,
        "Interest Expense": 791000.0,
        "Normalized Income": -3278420.0,
        "Net Income From Continuing And Discontinued Operation": -4228000.0,
        "Total Expenses": 104406000.0,
        "Total Operating Income As Reported": -13661000.0,
        "Diluted Average Shares": 58741717.0,
        "Basic Average Shares": 58741717.0,
        "Diluted EPS": -0.07,
        "Basic EPS": -0.07,
        "Diluted NI Availto Com Stockholders": -4228000.0,
        "Net Income Common Stockholders": -4228000.0,
        "Net Income": -4228000.0,
        "Minority Interests": 10437000.0,
        "Net Income Including Noncontrolling Interests": -14665000.0,
        "Net Income Continuous Operations": -14665000.0,
        "Tax Provision": 57000.0,
        "Pretax Income": -14608000.0,
        "Other Income Expense": -1358000.0,
        "Other Non Operating Income Expenses": -156000.0,
        "Special Income Charges": -1202000.0,
        "Impairment Of Capital Assets": 1202000.0,
        "Restructuring And Mergern Acquisition": 0.0,
        "Net Non Operating Interest Income Expense": -791000.0,
        "Interest Expense Non Operating": 791000.0,
        "Operating Income": -12459000.0,
        "Operating Expense": 44665000.0,
        "Other Operating Expenses": NaN,
        "Selling General And Administration": 44665000.0,
        "Selling And Marketing Expense": 7013000.0,
        "General And Administrative Expense": 37652000.0,
        "Other Gand A": 19296000.0,
        "Salaries And Wages": 18356000.0,
        "Gross Profit": 32206000.0,
        "Cost Of Revenue": 59741000.0,
        "Total Revenue": 91947000.0,
        "Operating Revenue": 91947000.0
    },
    "2023-09-30": {
        "Tax Effect Of Unusual Items": 0.0,
        "Tax Rate For Calcs": 0.21,
        "Normalized EBITDA": -5092000.0,
        "Total Unusual Items": 0.0,
        "Total Unusual Items Excluding Goodwill": 0.0,
        "Net Income From Continuing Operation Net Minority Interest": -3232000.0,
        "Reconciled Depreciation": 2002000.0,
        "Reconciled Cost Of Revenue": 66477000.0,
        "EBITDA": -5092000.0,
        "EBIT": -7094000.0,
        "Net Interest Income": -3544000.0,
        "Interest Expense": 3544000.0,
        "Normalized Income": -3232000.0,
        "Net Income From Continuing And Discontinued Operation": -3232000.0,
        "Total Expenses": 107522000.0,
        "Total Operating Income As Reported": -6986000.0,
        "Diluted Average Shares": 61964157.0,
        "Basic Average Shares": 61964157.0,
        "Diluted EPS": -0.05,
        "Basic EPS": -0.05,
        "Diluted NI Availto Com Stockholders": -3232000.0,
        "Net Income Common Stockholders": -3232000.0,
        "Net Income": -3232000.0,
        "Minority Interests": 7462000.0,
        "Net Income Including Noncontrolling Interests": -10694000.0,
        "Net Income Continuous Operations": -10694000.0,
        "Tax Provision": 56000.0,
        "Pretax Income": -10638000.0,
        "Other Income Expense": -108000.0,
        "Other Non Operating Income Expenses": -108000.0,
        "Special Income Charges": 0.0,
        "Impairment Of Capital Assets": NaN,
        "Restructuring And Mergern Acquisition": 0.0,
        "Net Non Operating Interest Income Expense": -3544000.0,
        "Interest Expense Non Operating": 3544000.0,
        "Operating Income": -6986000.0,
        "Operating Expense": 41045000.0,
        "Other Operating Expenses": -596000.0,
        "Selling General And Administration": 41641000.0,
        "Selling And Marketing Expense": 8260000.0,
        "General And Administrative Expense": 33381000.0,
        "Other Gand A": 19474000.0,
        "Salaries And Wages": 13907000.0,
        "Gross Profit": 34059000.0,
        "Cost Of Revenue": 66477000.0,
        "Total Revenue": 100536000.0,
        "Operating Revenue": 100536000.0
    },
    "2023-12-31": {
        "Tax Effect Of Unusual Items": 0.0,
        "Tax Rate For Calcs": 0.21,
        "Normalized EBITDA": -10439000.0,
        "Total Unusual Items": 0.0,
        "Total Unusual Items Excluding Goodwill": 0.0,
        "Net Income From Continuing Operation Net Minority Interest": -4485000.0,
        "Reconciled Depreciation": 1909000.0,
        "Reconciled Cost Of Revenue": 87978000.0,
        "EBITDA": -10439000.0,
        "EBIT": -12348000.0,
        "Net Interest Income": -1672000.0,
        "Interest Expense": 1672000.0,
        "Normalized Income": -4485000.0,
        "Net Income From Continuing And Discontinued Operation": -4485000.0,
        "Total Expenses": 131869000.0,
        "Total Operating Income As Reported": -12220000.0,
        "Diluted Average Shares": NaN,
        "Basic Average Shares": NaN,
        "Diluted EPS": NaN,
        "Basic EPS": NaN,
        "Diluted NI Availto Com Stockholders": -4485000.0,
        "Net Income Common Stockholders": -4485000.0,
        "Net Income": -4485000.0,
        "Minority Interests": 9551000.0,
        "Net Income Including Noncontrolling Interests": -14036000.0,
        "Net Income Continuous Operations": -14036000.0,
        "Tax Provision": 16000.0,
        "Pretax Income": -14020000.0,
        "Other Income Expense": -128000.0,
        "Other Non Operating Income Expenses": -128000.0,
        "Special Income Charges": 0.0,
        "Impairment Of Capital Assets": NaN,
        "Restructuring And Mergern Acquisition": 0.0,
        "Net Non Operating Interest Income Expense": -1672000.0,
        "Interest Expense Non Operating": 1672000.0,
        "Operating Income": -12220000.0,
        "Operating Expense": 43891000.0,
        "Other Operating Expenses": 1464000.0,
        "Selling General And Administration": 42427000.0,
        "Selling And Marketing Expense": 8376000.0,
        "General And Administrative Expense": 34051000.0,
        "Other Gand A": 15084000.0,
        "Salaries And Wages": 18967000.0,
        "Gross Profit": 31671000.0,
        "Cost Of Revenue": 87978000.0,
        "Total Revenue": 119649000.0,
        "Operating Revenue": 119649000.0
    },
    "2024-03-31": {
        "Tax Effect Of Unusual Items": 0.0,
        "Tax Rate For Calcs": 0.025735,
        "Normalized EBITDA": 6368000.0,
        "Total Unusual Items": NaN,
        "Total Unusual Items Excluding Goodwill": NaN,
        "Net Income From Continuing Operation Net Minority Interest": 548000.0,
        "Reconciled Depreciation": 2413000.0,
        "Reconciled Cost Of Revenue": 56207000.0,
        "EBITDA": 6368000.0,
        "EBIT": 3955000.0,
        "Net Interest Income": -2051000.0,
        "Interest Expense": 2051000.0,
        "Normalized Income": 548000.0,
        "Net Income From Continuing And Discontinued Operation": 548000.0,
        "Total Expenses": 94437000.0,
        "Total Operating Income As Reported": 3955000.0,
        "Diluted Average Shares": 66597626.0,
        "Basic Average Shares": 66312366.0,
        "Diluted EPS": 0.01,
        "Basic EPS": 0.01,
        "Diluted NI Availto Com Stockholders": 548000.0,
        "Net Income Common Stockholders": 548000.0,
        "Net Income": 548000.0,
        "Minority Interests": -1307000.0,
        "Net Income Including Noncontrolling Interests": 1855000.0,
        "Net Income Continuous Operations": 1855000.0,
        "Tax Provision": 49000.0,
        "Pretax Income": 1904000.0,
        "Other Income Expense": NaN,
        "Other Non Operating Income Expenses": NaN,
        "Special Income Charges": NaN,
        "Impairment Of Capital Assets": NaN,
        "Restructuring And Mergern Acquisition": NaN,
        "Net Non Operating Interest Income Expense": -2051000.0,
        "Interest Expense Non Operating": 2051000.0,
        "Operating Income": 3955000.0,
        "Operating Expense": 38230000.0,
        "Other Operating Expenses": 14000.0,
        "Selling General And Administration": 38216000.0,
        "Selling And Marketing Expense": 7609000.0,
        "General And Administrative Expense": 30607000.0,
        "Other Gand A": 15346000.0,
        "Salaries And Wages": 15261000.0,
        "Gross Profit": 42185000.0,
        "Cost Of Revenue": 56207000.0,
        "Total Revenue": 98392000.0,
        "Operating Revenue": 98392000.0
    }
}