{
    "2023-04-30": {
        "Tax Effect Of Unusual Items": NaN,
        "Tax Rate For Calcs": NaN,
        "Normalized EBITDA": NaN,
        "Total Unusual Items": NaN,
        "Total Unusual Items Excluding Goodwill": NaN,
        "Net Income From Continuing Operation Net Minority Interest": NaN,
        "Reconciled Depreciation": 1579000.0,
        "Reconciled Cost Of Revenue": NaN,
        "EBITDA": NaN,
        "EBIT": NaN,
        "Net Interest Income": NaN,
        "Interest Expense": 100000.0,
        "Interest Income": NaN,
        "Normalized Income": NaN,
        "Net Income From Continuing And Discontinued Operation": NaN,
        "Total Expenses": NaN,
        "Rent Expense Supplemental": NaN,
        "Total Operating Income As Reported": NaN,
        "Diluted Average Shares": NaN,
        "Basic Average Shares": NaN,
        "Diluted EPS": NaN,
        "Basic EPS": NaN,
        "Diluted NI Availto Com Stockholders": NaN,
        "Net Income Common Stockholders": NaN,
        "Net Income": NaN,
        "Net Income Including Noncontrolling Interests": NaN,
        "Net Income Continuous Operations": NaN,
        "Tax Provision": NaN,
        "Pretax Income": NaN,
        "Other Income Expense": NaN,
        "Special Income Charges": NaN,
        "Gain On Sale Of Ppe": NaN,
        "Other Special Charges": NaN,
        "Net Non Operating Interest Income Expense": NaN,
        "Interest Expense Non Operating": 100000.0,
        "Interest Income Non Operating": NaN,
        "Operating Income": NaN,
        "Operating Expense": NaN,
        "Provision For Doubtful Accounts": -112000.0,
        "Selling General And Administration": NaN,
        "Selling And Marketing Expense": NaN,
        "General And Administrative Expense": 15053000.0,
        "Other Gand A": 9016000.0,
        "Insurance And Claims": NaN,
        "Rent And Landing Fees": NaN,
        "Salaries And Wages": 6037000.0,
        "Gross Profit": NaN,
        "Cost Of Revenue": NaN,
        "Total Revenue": NaN,
        "Operating Revenue": NaN
    },
    "2023-01-31": {
        "Tax Effect Of Unusual Items": NaN,
        "Tax Rate For Calcs": NaN,
        "Normalized EBITDA": NaN,
        "Total Unusual Items": NaN,
        "Total Unusual Items Excluding Goodwill": NaN,
        "Net Income From Continuing Operation Net Minority Interest": NaN,
        "Reconciled Depreciation": 1448000.0,
        "Reconciled Cost Of Revenue": NaN,
        "EBITDA": NaN,
        "EBIT": NaN,
        "Net Interest Income": NaN,
        "Interest Expense": NaN,
        "Interest Income": NaN,
        "Normalized Income": NaN,
        "Net Income From Continuing And Discontinued Operation": NaN,
        "Total Expenses": NaN,
        "Rent Expense Supplemental": NaN,
        "Total Operating Income As Reported": NaN,
        "Diluted Average Shares": NaN,
        "Basic Average Shares": NaN,
        "Diluted EPS": NaN,
        "Basic EPS": NaN,
        "Diluted NI Availto Com Stockholders": NaN,
        "Net Income Common Stockholders": NaN,
        "Net Income": NaN,
        "Net Income Including Noncontrolling Interests": NaN,
        "Net Income Continuous Operations": NaN,
        "Tax Provision": NaN,
        "Pretax Income": NaN,
        "Other Income Expense": NaN,
        "Special Income Charges": NaN,
        "Gain On Sale Of Ppe": NaN,
        "Other Special Charges": NaN,
        "Net Non Operating Interest Income Expense": NaN,
        "Interest Expense Non Operating": NaN,
        "Interest Income Non Operating": NaN,
        "Operating Income": NaN,
        "Operating Expense": NaN,
        "Provision For Doubtful Accounts": NaN,
        "Selling General And Administration": NaN,
        "Selling And Marketing Expense": 2455000.0,
        "General And Administrative Expense": NaN,
        "Other Gand A": NaN,
        "Insurance And Claims": 244000.0,
        "Rent And Landing Fees": NaN,
        "Salaries And Wages": NaN,
        "Gross Profit": NaN,
        "Cost Of Revenue": NaN,
        "Total Revenue": NaN,
        "Operating Revenue": NaN
    },
    "2022-10-31": {
        "Tax Effect Of Unusual Items": NaN,
        "Tax Rate For Calcs": NaN,
        "Normalized EBITDA": NaN,
        "Total Unusual Items": NaN,
        "Total Unusual Items Excluding Goodwill": NaN,
        "Net Income From Continuing Operation Net Minority Interest": NaN,
        "Reconciled Depreciation": NaN,
        "Reconciled Cost Of Revenue": NaN,
        "EBITDA": NaN,
        "EBIT": NaN,
        "Net Interest Income": NaN,
        "Interest Expense": NaN,
        "Interest Income": NaN,
        "Normalized Income": NaN,
        "Net Income From Continuing And Discontinued Operation": NaN,
        "Total Expenses": NaN,
        "Rent Expense Supplemental": 812000.0,
        "Total Operating Income As Reported": NaN,
        "Diluted Average Shares": NaN,
        "Basic Average Shares": NaN,
        "Diluted EPS": NaN,
        "Basic EPS": NaN,
        "Diluted NI Availto Com Stockholders": NaN,
        "Net Income Common Stockholders": NaN,
        "Net Income": NaN,
        "Net Income Including Noncontrolling Interests": NaN,
        "Net Income Continuous Operations": NaN,
        "Tax Provision": NaN,
        "Pretax Income": NaN,
        "Other Income Expense": NaN,
        "Special Income Charges": NaN,
        "Gain On Sale Of Ppe": NaN,
        "Other Special Charges": NaN,
        "Net Non Operating Interest Income Expense": NaN,
        "Interest Expense Non Operating": NaN,
        "Interest Income Non Operating": NaN,
        "Operating Income": NaN,
        "Operating Expense": NaN,
        "Other Operating Expenses": 436000.0,
        "Provision For Doubtful Accounts": NaN,
        "Selling General And Administration": NaN,
        "Selling And Marketing Expense": 2580000.0,
        "General And Administrative Expense": NaN,
        "Other Gand A": NaN,
        "Insurance And Claims": NaN,
        "Rent And Landing Fees": 812000.0,
        "Salaries And Wages": NaN,
        "Gross Profit": NaN,
        "Cost Of Revenue": NaN,
        "Total Revenue": NaN,
        "Operating Revenue": NaN
    },
    "2022-07-31": {
        "Tax Effect Of Unusual Items": 16426760.0,
        "Tax Rate For Calcs": 0.29,
        "Normalized EBITDA": 3231000.0,
        "Total Unusual Items": 56644000.0,
        "Total Unusual Items Excluding Goodwill": 56644000.0,
        "Net Income From Continuing Operation Net Minority Interest": 41298000.0,
        "Reconciled Depreciation": 1430000.0,
        "Reconciled Cost Of Revenue": 42498000.0,
        "EBITDA": 59875000.0,
        "EBIT": 58445000.0,
        "Net Interest Income": -261000.0,
        "Interest Expense": 261000.0,
        "Normalized Income": 1080760.0,
        "Net Income From Continuing And Discontinued Operation": 41298000.0,
        "Total Expenses": 57718000.0,
        "Rent Expense Supplemental": NaN,
        "Total Operating Income As Reported": 59446000.0,
        "Diluted Average Shares": 9076832.0,
        "Basic Average Shares": 9076832.0,
        "Diluted EPS": 4.55,
        "Basic EPS": 4.55,
        "Diluted NI Availto Com Stockholders": 41298000.0,
        "Net Income Common Stockholders": 41298000.0,
        "Net Income": 41298000.0,
        "Net Income Including Noncontrolling Interests": 41298000.0,
        "Net Income Continuous Operations": 41298000.0,
        "Tax Provision": 16886000.0,
        "Pretax Income": 58184000.0,
        "Other Income Expense": 56644000.0,
        "Special Income Charges": 56644000.0,
        "Gain On Sale Of Ppe": 57645000.0,
        "Other Special Charges": 1001000.0,
        "Net Non Operating Interest Income Expense": -261000.0,
        "Interest Expense Non Operating": 261000.0,
        "Operating Income": 1801000.0,
        "Operating Expense": 15220000.0,
        "Other Operating Expenses": NaN,
        "Provision For Doubtful Accounts": 111000.0,
        "Selling General And Administration": 15109000.0,
        "Selling And Marketing Expense": 2488000.0,
        "General And Administrative Expense": 12621000.0,
        "Other Gand A": 6447000.0,
        "Insurance And Claims": NaN,
        "Rent And Landing Fees": NaN,
        "Salaries And Wages": 6174000.0,
        "Gross Profit": 17021000.0,
        "Cost Of Revenue": 42498000.0,
        "Total Revenue": 59519000.0,
        "Operating Revenue": 59519000.0
    },
    "2022-04-30": {
        "Diluted EPS": 0.09,
        "Total Revenue": 60,
        "Gross Profit": 17,
        "Operating Income": 2,
        "EBIT": 3,
        "Net Income": 1
    },
    "2022-01-31": {
        "Diluted EPS": 0.03,
        "Total Revenue": 64,
        "Gross Profit": 16,
        "Operating Income": 2,
        "EBIT": 3,
        "Net Income": 0
    },
    "2021-10-31": {
        "Diluted EPS": -0.41,
        "Total Revenue": 79,
        "Gross Profit": 14,
        "Operating Income": -5,
        "EBIT": -2,
        "Net Income": -4
    },
    "2021-07-31": {
        "Diluted EPS": -0.16,
        "Total Revenue": 57,
        "Gross Profit": 12,
        "Operating Income": -2,
        "EBIT": 0,
        "Net Income": -1
    },
    "2021-04-30": {
        "Diluted EPS": -0.2,
        "Total Revenue": 50,
        "Gross Profit": 11,
        "Operating Income": -2,
        "EBIT": -1,
        "Net Income": -2
    },
    "2021-01-31": {
        "Diluted EPS": 0.16,
        "Total Revenue": 55,
        "Gross Profit": 15,
        "Operating Income": 1,
        "EBIT": 2,
        "Net Income": 1
    },
    "2020-10-31": {
        "Diluted EPS": 0.21,
        "Total Revenue": 67,
        "Gross Profit": 20,
        "Operating Income": 1,
        "EBIT": 3,
        "Net Income": 2
    },
    "2020-07-31": {
        "Diluted EPS": 0.35,
        "Total Revenue": 42,
        "Gross Profit": 12,
        "Operating Income": 1,
        "EBIT": 2,
        "Net Income": 3
    },
    "2020-04-30": {
        "Diluted EPS": 0.05,
        "Total Revenue": 43,
        "Gross Profit": 13,
        "Operating Income": 0,
        "EBIT": 1,
        "Net Income": 0
    },
    "2020-01-31": {
        "Diluted EPS": 0.2,
        "Total Revenue": 47,
        "Gross Profit": 15,
        "Operating Income": 2,
        "EBIT": 3,
        "Net Income": 2
    },
    "2019-10-31": {
        "Diluted EPS": 0.14,
        "Total Revenue": 59,
        "Gross Profit": 18,
        "Operating Income": 2,
        "EBIT": 3,
        "Net Income": 1
    },
    "2019-07-31": {
        "Diluted EPS": 0.12,
        "Total Revenue": 43,
        "Gross Profit": 13,
        "Operating Income": 2,
        "EBIT": 2,
        "Net Income": 1
    },
    "2019-04-30": {
        "Diluted EPS": 0.24,
        "Total Revenue": 41,
        "Gross Profit": 14,
        "Operating Income": 3,
        "EBIT": 4,
        "Net Income": 2
    },
    "2019-01-31": {
        "Diluted EPS": 0.21,
        "Total Revenue": 45,
        "Gross Profit": 16,
        "Operating Income": 3,
        "EBIT": 4,
        "Net Income": 2
    },
    "2018-10-31": {
        "Diluted EPS": 0.22,
        "Total Revenue": 57,
        "Gross Profit": 18,
        "Operating Income": 3,
        "EBIT": 4,
        "Net Income": 2
    },
    "2018-07-31": {
        "Diluted EPS": 0.16,
        "Total Revenue": 38,
        "Gross Profit": 12,
        "Operating Income": 2,
        "EBIT": 2,
        "Net Income": 1
    },
    "2018-04-30": {
        "Diluted EPS": 0.52,
        "Total Revenue": 38,
        "Gross Profit": 12,
        "Operating Income": 6,
        "EBIT": 7,
        "Net Income": 5
    },
    "2018-01-31": {
        "Diluted EPS": -0.18,
        "Total Revenue": 41,
        "Gross Profit": 14,
        "Operating Income": 2,
        "EBIT": 3,
        "Net Income": -2
    },
    "2017-10-31": {
        "Diluted EPS": 0.33,
        "Total Revenue": 56,
        "Gross Profit": 20,
        "Operating Income": 4,
        "EBIT": 5,
        "Net Income": 3
    },
    "2017-07-31": {
        "Diluted EPS": 0.22,
        "Total Revenue": 37,
        "Gross Profit": 14,
        "Operating Income": 3,
        "EBIT": 4,
        "Net Income": 2
    },
    "2017-04-30": {
        "Diluted EPS": 0.15,
        "Total Revenue": 34,
        "Gross Profit": 13,
        "Operating Income": 2,
        "EBIT": 3,
        "Net Income": 1
    },
    "2017-01-31": {
        "Diluted EPS": 0.27,
        "Total Revenue": 40,
        "Gross Profit": 15,
        "Operating Income": 3,
        "EBIT": 4,
        "Net Income": 2
    },
    "2016-10-31": {
        "Diluted EPS": 0.29,
        "Total Revenue": 43,
        "Gross Profit": 17,
        "Operating Income": 3,
        "EBIT": 4,
        "Net Income": 3
    },
    "2016-07-31": {
        "Diluted EPS": 0.2,
        "Total Revenue": 30,
        "Gross Profit": 12,
        "Operating Income": 2,
        "EBIT": 3,
        "Net Income": 2
    },
    "2016-04-30": {
        "Diluted EPS": 0.16,
        "Total Revenue": 31,
        "Gross Profit": 12,
        "Operating Income": 2,
        "EBIT": 3,
        "Net Income": 1
    },
    "2016-01-31": {
        "Diluted EPS": 0.21,
        "Total Revenue": 36,
        "Gross Profit": 14,
        "Operating Income": 3,
        "EBIT": 4,
        "Net Income": 2
    },
    "2015-10-31": {
        "Diluted EPS": 1.21,
        "Total Revenue": 43,
        "Gross Profit": 16,
        "Operating Income": 3,
        "EBIT": 4,
        "Net Income": 11
    },
    "2015-07-31": {
        "Diluted EPS": 0.2,
        "Total Revenue": 26,
        "Gross Profit": 11,
        "Operating Income": 2,
        "EBIT": 3,
        "Net Income": 2
    },
    "2015-04-30": {
        "Diluted EPS": 0.24,
        "Total Revenue": 27,
        "Gross Profit": 10,
        "Operating Income": 2,
        "EBIT": 3,
        "Net Income": 2
    },
    "2015-01-31": {
        "Diluted EPS": 0.05,
        "Total Revenue": 35,
        "Gross Profit": 10,
        "Operating Income": 0,
        "EBIT": 1,
        "Net Income": 0
    },
    "2014-10-31": {
        "Diluted EPS": -0.11,
        "Total Revenue": 42,
        "Gross Profit": 12,
        "Operating Income": -1,
        "EBIT": 0,
        "Net Income": -1
    },
    "2014-07-31": {
        "Diluted EPS": -0.26,
        "Total Revenue": 28,
        "Gross Profit": 7,
        "Operating Income": -2,
        "EBIT": -2,
        "Net Income": -2
    },
    "2014-04-30": {
        "Diluted EPS": -0.14,
        "Total Revenue": 31,
        "Gross Profit": 9,
        "Operating Income": -1,
        "EBIT": -1,
        "Net Income": -1
    },
    "2014-01-31": {
        "Diluted EPS": 0.03,
        "Total Revenue": 32,
        "Gross Profit": 10,
        "Operating Income": 0,
        "EBIT": 1,
        "Net Income": 0
    },
    "2013-10-31": {
        "Diluted EPS": 0.12,
        "Total Revenue": 40,
        "Gross Profit": 14,
        "Operating Income": 1,
        "EBIT": 2,
        "Net Income": 1
    },
    "2013-07-31": {
        "Diluted EPS": 0.0,
        "Total Revenue": 29,
        "Gross Profit": 9,
        "Operating Income": 0,
        "EBIT": 0,
        "Net Income": 0
    },
    "2013-04-30": {
        "Diluted EPS": 0.01,
        "Total Revenue": 29,
        "Gross Profit": 10,
        "Operating Income": 0,
        "EBIT": 1,
        "Net Income": 0
    },
    "2013-01-31": {
        "Diluted EPS": 0.19,
        "Total Revenue": 31,
        "Gross Profit": 12,
        "Operating Income": 2,
        "EBIT": 2,
        "Net Income": 2
    },
    "2012-10-31": {
        "Diluted EPS": 0.23,
        "Total Revenue": 42,
        "Gross Profit": 16,
        "Operating Income": 2,
        "EBIT": 3,
        "Net Income": 2
    },
    "2012-07-31": {
        "Diluted EPS": 0.09,
        "Total Revenue": 28,
        "Gross Profit": 10,
        "Operating Income": 1,
        "EBIT": 1,
        "Net Income": 1
    },
    "2012-04-30": {
        "Diluted EPS": 0.11,
        "Total Revenue": 27,
        "Gross Profit": 10,
        "Operating Income": 1,
        "EBIT": 1,
        "Net Income": 1
    },
    "2012-01-31": {
        "Diluted EPS": -0.03,
        "Total Revenue": 30,
        "Gross Profit": 9,
        "Operating Income": 0,
        "EBIT": 0,
        "Net Income": 0
    },
    "2011-10-31": {
        "Diluted EPS": -0.11,
        "Total Revenue": 38,
        "Gross Profit": 11,
        "Operating Income": -1,
        "EBIT": -1,
        "Net Income": -1
    },
    "2011-07-31": {
        "Diluted EPS": -0.05,
        "Total Revenue": 27,
        "Gross Profit": 8,
        "Operating Income": -1,
        "EBIT": 0,
        "Net Income": 0
    },
    "2011-04-30": {
        "Diluted EPS": -0.02,
        "Total Revenue": 25,
        "Gross Profit": 8,
        "Operating Income": 0,
        "EBIT": 0,
        "Net Income": 0
    },
    "2011-01-31": {
        "Diluted EPS": 0.13,
        "Total Revenue": 29,
        "Gross Profit": 10,
        "Operating Income": 1,
        "EBIT": 1,
        "Net Income": 1
    },
    "2010-10-31": {
        "Diluted EPS": 0.19,
        "Total Revenue": 35,
        "Gross Profit": 13,
        "Operating Income": 1,
        "EBIT": 2,
        "Net Income": 2
    },
    "2010-07-31": {
        "Diluted EPS": -0.08,
        "Total Revenue": 27,
        "Gross Profit": 10,
        "Operating Income": 0,
        "EBIT": 0,
        "Net Income": -1
    },
    "2010-04-30": {
        "Diluted EPS": 0.2,
        "Total Revenue": 27,
        "Gross Profit": 12,
        "Operating Income": 2,
        "EBIT": 3,
        "Net Income": 2
    },
    "2010-01-31": {
        "Diluted EPS": 0.15,
        "Total Revenue": 29,
        "Gross Profit": 12,
        "Operating Income": 2,
        "EBIT": 2,
        "Net Income": 1
    },
    "2009-10-31": {
        "Diluted EPS": 0.34,
        "Total Revenue": 39,
        "Gross Profit": 17,
        "Operating Income": 3,
        "EBIT": 4,
        "Net Income": 3
    },
    "2009-07-31": {
        "Diluted EPS": 0.11,
        "Total Revenue": 26,
        "Gross Profit": 11,
        "Operating Income": 1,
        "EBIT": 2,
        "Net Income": 1
    },
    "2009-04-30": {
        "Diluted EPS": 0.11,
        "Total Revenue": 26,
        "Gross Profit": 10,
        "Operating Income": 1,
        "EBIT": 2,
        "Net Income": 1
    },
    "2009-01-31": {
        "Diluted EPS": 0.16,
        "Total Revenue": 32,
        "Gross Profit": 12,
        "Operating Income": 1,
        "EBIT": 2,
        "Net Income": 1
    },
    "2023-07-31": {
        "Tax Effect Of Unusual Items": 109052.0,
        "Tax Rate For Calcs": 0.274,
        "Normalized EBITDA": 1985000.0,
        "Total Unusual Items": 398000.0,
        "Total Unusual Items Excluding Goodwill": 398000.0,
        "Net Income From Continuing Operation Net Minority Interest": 684000.0,
        "Reconciled Depreciation": 1351000.0,
        "Reconciled Cost Of Revenue": 38898000.0,
        "EBITDA": 2383000.0,
        "EBIT": 1032000.0,
        "Net Interest Income": -90000.0,
        "Interest Expense": 90000.0,
        "Interest Income": NaN,
        "Normalized Income": 395052.0,
        "Net Income From Continuing And Discontinued Operation": 684000.0,
        "Total Expenses": 53555000.0,
        "Rent Expense Supplemental": NaN,
        "Total Operating Income As Reported": 597000.0,
        "Diluted Average Shares": 9076832.0,
        "Basic Average Shares": 9076832.0,
        "Diluted EPS": 0.08,
        "Basic EPS": 0.08,
        "Diluted NI Availto Com Stockholders": 684000.0,
        "Net Income Common Stockholders": 684000.0,
        "Net Income": 684000.0,
        "Net Income Including Noncontrolling Interests": 684000.0,
        "Net Income Continuous Operations": 684000.0,
        "Tax Provision": 258000.0,
        "Pretax Income": 942000.0,
        "Other Income Expense": 398000.0,
        "Special Income Charges": 398000.0,
        "Gain On Sale Of Ppe": -37000.0,
        "Other Special Charges": -435000.0,
        "Net Non Operating Interest Income Expense": -90000.0,
        "Interest Expense Non Operating": 90000.0,
        "Interest Income Non Operating": NaN,
        "Operating Income": 634000.0,
        "Operating Expense": 14657000.0,
        "Provision For Doubtful Accounts": -129000.0,
        "Selling General And Administration": 14786000.0,
        "Selling And Marketing Expense": 2134000.0,
        "General And Administrative Expense": 12652000.0,
        "Other Gand A": 5979000.0,
        "Insurance And Claims": 765000.0,
        "Rent And Landing Fees": NaN,
        "Salaries And Wages": 5908000.0,
        "Gross Profit": 15291000.0,
        "Cost Of Revenue": 38898000.0,
        "Total Revenue": 54189000.0,
        "Operating Revenue": 54189000.0
    },
    "2023-06-30": {
        "Tax Effect Of Unusual Items": 109052.0,
        "Tax Rate For Calcs": 0.274,
        "Normalized EBITDA": 634000.0,
        "Total Unusual Items": 398000.0,
        "Total Unusual Items Excluding Goodwill": 398000.0,
        "Net Income From Continuing Operation Net Minority Interest": 684000.0,
        "Reconciled Depreciation": NaN,
        "Reconciled Cost Of Revenue": 38898000.0,
        "EBITDA": 1032000.0,
        "EBIT": 1032000.0,
        "Net Interest Income": -90000.0,
        "Interest Expense": 90000.0,
        "Interest Income": NaN,
        "Normalized Income": 395052.0,
        "Net Income From Continuing And Discontinued Operation": 684000.0,
        "Total Expenses": 53555000.0,
        "Rent Expense Supplemental": 665000.0,
        "Total Operating Income As Reported": 597000.0,
        "Diluted Average Shares": 9076832.0,
        "Basic Average Shares": 9076832.0,
        "Diluted EPS": 0.08,
        "Basic EPS": 0.08,
        "Diluted NI Availto Com Stockholders": 684000.0,
        "Net Income Common Stockholders": 684000.0,
        "Net Income": 684000.0,
        "Net Income Including Noncontrolling Interests": 684000.0,
        "Net Income Continuous Operations": 684000.0,
        "Tax Provision": 258000.0,
        "Pretax Income": 942000.0,
        "Other Income Expense": 398000.0,
        "Special Income Charges": 398000.0,
        "Gain On Sale Of Ppe": -37000.0,
        "Other Special Charges": -435000.0,
        "Net Non Operating Interest Income Expense": -90000.0,
        "Interest Expense Non Operating": 90000.0,
        "Interest Income Non Operating": NaN,
        "Operating Income": 634000.0,
        "Operating Expense": 14657000.0,
        "Provision For Doubtful Accounts": -129000.0,
        "Selling General And Administration": 14786000.0,
        "Selling And Marketing Expense": 2134000.0,
        "General And Administrative Expense": 14786000.0,
        "Other Gand A": 7448000.0,
        "Insurance And Claims": 765000.0,
        "Rent And Landing Fees": 665000.0,
        "Salaries And Wages": 5908000.0,
        "Gross Profit": 15291000.0,
        "Cost Of Revenue": 38898000.0,
        "Total Revenue": 54189000.0,
        "Operating Revenue": 54189000.0
    },
    "2022-06-30": {
        "Tax Effect Of Unusual Items": 16439065.447546,
        "Tax Rate For Calcs": 0.290217,
        "Normalized EBITDA": 1801000.0,
        "Total Unusual Items": 56644000.0,
        "Total Unusual Items Excluding Goodwill": 56644000.0,
        "Net Income From Continuing Operation Net Minority Interest": 41298000.0,
        "Reconciled Depreciation": NaN,
        "Reconciled Cost Of Revenue": 42498000.0,
        "EBITDA": 58445000.0,
        "EBIT": 58445000.0,
        "Net Interest Income": -261000.0,
        "Interest Expense": 261000.0,
        "Normalized Income": 1093065.447546,
        "Net Income From Continuing And Discontinued Operation": 41298000.0,
        "Total Expenses": 57718000.0,
        "Rent Expense Supplemental": NaN,
        "Total Operating Income As Reported": 59446000.0,
        "Diluted Average Shares": 9076832.0,
        "Basic Average Shares": 9076832.0,
        "Diluted EPS": 4.55,
        "Basic EPS": 4.55,
        "Diluted NI Availto Com Stockholders": 41298000.0,
        "Net Income Common Stockholders": 41298000.0,
        "Net Income": 41298000.0,
        "Net Income Including Noncontrolling Interests": 41298000.0,
        "Net Income Continuous Operations": 41298000.0,
        "Tax Provision": 16886000.0,
        "Pretax Income": 58184000.0,
        "Other Income Expense": 56644000.0,
        "Special Income Charges": 56644000.0,
        "Gain On Sale Of Ppe": 57645000.0,
        "Other Special Charges": 1001000.0,
        "Net Non Operating Interest Income Expense": -261000.0,
        "Interest Expense Non Operating": 261000.0,
        "Operating Income": 1801000.0,
        "Operating Expense": 15220000.0,
        "Other Operating Expenses": NaN,
        "Provision For Doubtful Accounts": 111000.0,
        "Selling General And Administration": 15109000.0,
        "Selling And Marketing Expense": 2488000.0,
        "General And Administrative Expense": 12621000.0,
        "Other Gand A": 6001000.0,
        "Insurance And Claims": 375000.0,
        "Rent And Landing Fees": NaN,
        "Salaries And Wages": 6245000.0,
        "Gross Profit": 17021000.0,
        "Cost Of Revenue": 42498000.0,
        "Total Revenue": 59519000.0,
        "Operating Revenue": 59519000.0
    },
    "2024-01-31": {
        "Tax Effect Of Unusual Items": 264260.0,
        "Tax Rate For Calcs": 0.292,
        "Normalized EBITDA": 2556000.0,
        "Total Unusual Items": 905000.0,
        "Total Unusual Items Excluding Goodwill": 905000.0,
        "Net Income From Continuing Operation Net Minority Interest": 1235000.0,
        "Reconciled Depreciation": 1545000.0,
        "Reconciled Cost Of Revenue": 38804000.0,
        "EBITDA": 3461000.0,
        "EBIT": 1916000.0,
        "Net Interest Income": -171000.0,
        "Interest Expense": 171000.0,
        "Interest Income": NaN,
        "Normalized Income": 594260.0,
        "Net Income From Continuing And Discontinued Operation": 1235000.0,
        "Total Expenses": 53831000.0,
        "Rent Expense Supplemental": NaN,
        "Total Operating Income As Reported": 1011000.0,
        "Diluted Average Shares": 9076832.0,
        "Basic Average Shares": 9076832.0,
        "Diluted EPS": 0.14,
        "Basic EPS": 0.14,
        "Diluted NI Availto Com Stockholders": 1235000.0,
        "Net Income Common Stockholders": 1235000.0,
        "Net Income": 1235000.0,
        "Net Income Including Noncontrolling Interests": 1235000.0,
        "Net Income Continuous Operations": 1235000.0,
        "Tax Provision": 510000.0,
        "Pretax Income": 1745000.0,
        "Other Income Expense": 905000.0,
        "Special Income Charges": 905000.0,
        "Gain On Sale Of Ppe": 0.0,
        "Other Special Charges": -905000.0,
        "Net Non Operating Interest Income Expense": -171000.0,
        "Interest Expense Non Operating": 171000.0,
        "Interest Income Non Operating": NaN,
        "Operating Income": 1011000.0,
        "Operating Expense": 15027000.0,
        "Provision For Doubtful Accounts": -7000.0,
        "Selling General And Administration": 15034000.0,
        "Selling And Marketing Expense": 2235000.0,
        "General And Administrative Expense": 12799000.0,
        "Other Gand A": 6407000.0,
        "Insurance And Claims": 459000.0,
        "Rent And Landing Fees": NaN,
        "Salaries And Wages": 5933000.0,
        "Gross Profit": 16038000.0,
        "Cost Of Revenue": 38804000.0,
        "Total Revenue": 54842000.0,
        "Operating Revenue": 54842000.0
    },
    "2024-04-30": {
        "Tax Effect Of Unusual Items": 43941.0,
        "Tax Rate For Calcs": 0.291,
        "Normalized EBITDA": -1838000.0,
        "Total Unusual Items": 151000.0,
        "Total Unusual Items Excluding Goodwill": 151000.0,
        "Net Income From Continuing Operation Net Minority Interest": -2195000.0,
        "Reconciled Depreciation": 1561000.0,
        "Reconciled Cost Of Revenue": 36588000.0,
        "EBITDA": -1687000.0,
        "EBIT": -3248000.0,
        "Net Interest Income": 25000.0,
        "Interest Expense": NaN,
        "Interest Income": 25000.0,
        "Normalized Income": -2302059.0,
        "Net Income From Continuing And Discontinued Operation": -2195000.0,
        "Total Expenses": 50562000.0,
        "Rent Expense Supplemental": NaN,
        "Total Operating Income As Reported": -3246000.0,
        "Diluted Average Shares": 9076832.0,
        "Basic Average Shares": 9076832.0,
        "Diluted EPS": -0.24,
        "Basic EPS": -0.24,
        "Diluted NI Availto Com Stockholders": -2195000.0,
        "Net Income Common Stockholders": -2195000.0,
        "Net Income": -2195000.0,
        "Net Income Including Noncontrolling Interests": -2195000.0,
        "Net Income Continuous Operations": -2195000.0,
        "Tax Provision": -877000.0,
        "Pretax Income": -3072000.0,
        "Other Income Expense": 151000.0,
        "Special Income Charges": 151000.0,
        "Gain On Sale Of Ppe": 2000.0,
        "Other Special Charges": -149000.0,
        "Net Non Operating Interest Income Expense": 25000.0,
        "Interest Expense Non Operating": NaN,
        "Interest Income Non Operating": 25000.0,
        "Operating Income": -3248000.0,
        "Operating Expense": 13974000.0,
        "Provision For Doubtful Accounts": NaN,
        "Selling General And Administration": 13974000.0,
        "Selling And Marketing Expense": NaN,
        "General And Administrative Expense": NaN,
        "Other Gand A": NaN,
        "Insurance And Claims": NaN,
        "Rent And Landing Fees": NaN,
        "Salaries And Wages": NaN,
        "Gross Profit": 10726000.0,
        "Cost Of Revenue": 36588000.0,
        "Total Revenue": 47314000.0,
        "Operating Revenue": 47314000.0
    },
    "2024-06-30": {
        "Tax Effect Of Unusual Items": 230652.0,
        "Tax Rate For Calcs": 0.298,
        "Normalized EBITDA": -3221000.0,
        "Total Unusual Items": 774000.0,
        "Total Unusual Items Excluding Goodwill": 774000.0,
        "Net Income From Continuing Operation Net Minority Interest": -1770000.0,
        "Reconciled Depreciation": NaN,
        "Reconciled Cost Of Revenue": 38039000.0,
        "EBITDA": -2447000.0,
        "EBIT": -2447000.0,
        "Net Interest Income": -75000.0,
        "Interest Expense": 75000.0,
        "Interest Income": NaN,
        "Normalized Income": -2313348.0,
        "Net Income From Continuing And Discontinued Operation": -1770000.0,
        "Total Expenses": 52484000.0,
        "Rent Expense Supplemental": 445000.0,
        "Total Operating Income As Reported": -3384000.0,
        "Diluted Average Shares": 9076832.0,
        "Basic Average Shares": 9076832.0,
        "Diluted EPS": -0.2,
        "Basic EPS": -0.2,
        "Diluted NI Availto Com Stockholders": -1770000.0,
        "Net Income Common Stockholders": -1770000.0,
        "Net Income": -1770000.0,
        "Net Income Including Noncontrolling Interests": -1770000.0,
        "Net Income Continuous Operations": -1770000.0,
        "Tax Provision": -752000.0,
        "Pretax Income": -2522000.0,
        "Other Income Expense": 774000.0,
        "Special Income Charges": 774000.0,
        "Gain On Sale Of Ppe": -163000.0,
        "Other Special Charges": -937000.0,
        "Net Non Operating Interest Income Expense": -75000.0,
        "Interest Expense Non Operating": 75000.0,
        "Interest Income Non Operating": NaN,
        "Operating Income": -3221000.0,
        "Operating Expense": 14445000.0,
        "Provision For Doubtful Accounts": 347000.0,
        "Selling General And Administration": 14098000.0,
        "Selling And Marketing Expense": NaN,
        "General And Administrative Expense": 14098000.0,
        "Other Gand A": 7820000.0,
        "Insurance And Claims": 475000.0,
        "Rent And Landing Fees": 445000.0,
        "Salaries And Wages": 5358000.0,
        "Gross Profit": 11224000.0,
        "Cost Of Revenue": 38039000.0,
        "Total Revenue": 49263000.0,
        "Operating Revenue": 49263000.0
    }
}