{
    "2023-06-30": {
        "Tax Effect Of Unusual Items": -214428.0,
        "Tax Rate For Calcs": 0.214,
        "Total Unusual Items": -1002000.0,
        "Total Unusual Items Excluding Goodwill": -1002000.0,
        "Net Income From Continuing Operation Net Minority Interest": 21850000.0,
        "Reconciled Depreciation": 3913000.0,
        "Net Interest Income": 86037000.0,
        "Interest Expense": 59320000.0,
        "Interest Income": 145357000.0,
        "Normalized Income": 22637572.0,
        "Net Income From Continuing And Discontinued Operation": 21850000.0,
        "Diluted Average Shares": 88926543.0,
        "Basic Average Shares": 88665135.0,
        "Diluted EPS": 0.25,
        "Basic EPS": 0.25,
        "Diluted NI Availto Com Stockholders": 21850000.0,
        "Net Income Common Stockholders": 21850000.0,
        "Net Income": 21850000.0,
        "Net Income Including Noncontrolling Interests": 21850000.0,
        "Net Income Continuous Operations": 21850000.0,
        "Tax Provision": 5965000.0,
        "Pretax Income": 27815000.0,
        "Special Income Charges": -1002000.0,
        "Restructuring And Mergern Acquisition": 1002000.0,
        "Gain On Sale Of Security": 233000.0,
        "Depreciation Amortization Depletion Income Statement": 1954000.0,
        "Depreciation And Amortization In Income Statement": 1954000.0,
        "Amortization": 1954000.0,
        "Amortization Of Intangibles Income Statement": 1954000.0,
        "Selling General And Administration": 37429000.0,
        "Selling And Marketing Expense": 1382000.0,
        "General And Administrative Expense": 36047000.0,
        "Insurance And Claims": 2609000.0,
        "Salaries And Wages": 33438000.0,
        "Total Revenue": 91366000.0,
        "Operating Revenue": 91366000.0,
        "Occupancy And Equipment": 11401000.0,
        "Professional Expense And Contract Services Expense": 1986000.0,
        "Other Non Interest Expense": 4053000.0
    },
    "2023-03-31": {
        "Tax Effect Of Unusual Items": -820352.0,
        "Tax Rate For Calcs": 0.128,
        "Total Unusual Items": -6409000.0,
        "Total Unusual Items Excluding Goodwill": -6409000.0,
        "Net Income From Continuing Operation Net Minority Interest": 7560000.0,
        "Reconciled Depreciation": 3933000.0,
        "Net Interest Income": 86049000.0,
        "Interest Expense": 46502000.0,
        "Interest Income": 132551000.0,
        "Normalized Income": 13148648.0,
        "Net Income From Continuing And Discontinued Operation": 7560000.0,
        "Diluted Average Shares": 86837806.0,
        "Basic Average Shares": 86563641.0,
        "Diluted EPS": 0.09,
        "Basic EPS": 0.09,
        "Diluted NI Availto Com Stockholders": 7560000.0,
        "Net Income Common Stockholders": 7560000.0,
        "Net Income": 7560000.0,
        "Net Income Including Noncontrolling Interests": 7560000.0,
        "Net Income Continuous Operations": 7560000.0,
        "Tax Provision": 1108000.0,
        "Pretax Income": 8668000.0,
        "Special Income Charges": -6409000.0,
        "Restructuring And Mergern Acquisition": 6409000.0,
        "Gain On Sale Of Security": 3876000.0,
        "Depreciation Amortization Depletion Income Statement": 1966000.0,
        "Depreciation And Amortization In Income Statement": 1966000.0,
        "Amortization": 1966000.0,
        "Amortization Of Intangibles Income Statement": 1966000.0,
        "Selling General And Administration": 39219000.0,
        "Selling And Marketing Expense": 1410000.0,
        "General And Administrative Expense": 37809000.0,
        "Insurance And Claims": 1244000.0,
        "Salaries And Wages": 36565000.0,
        "Total Revenue": 98788000.0,
        "Operating Revenue": 98788000.0,
        "Occupancy And Equipment": 11685000.0,
        "Professional Expense And Contract Services Expense": 1430000.0,
        "Other Non Interest Expense": 4067000.0
    },
    "2022-12-31": {
        "Tax Effect Of Unusual Items": -114253.957273,
        "Tax Rate For Calcs": 0.178243,
        "Total Unusual Items": -641000.0,
        "Total Unusual Items Excluding Goodwill": -641000.0,
        "Net Income From Continuing Operation Net Minority Interest": 29695000.0,
        "Reconciled Depreciation": 1713000.0,
        "Net Interest Income": 80030000.0,
        "Interest Expense": 23373000.0,
        "Interest Income": 103403000.0,
        "Normalized Income": 30221746.042727,
        "Net Income From Continuing And Discontinued Operation": 29695000.0,
        "Diluted Average Shares": 77065076.0,
        "Basic Average Shares": 76841655.0,
        "Diluted EPS": 0.39,
        "Basic EPS": 0.39,
        "Diluted NI Availto Com Stockholders": 29695000.0,
        "Net Income Common Stockholders": 29695000.0,
        "Net Income": 29695000.0,
        "Net Income Including Noncontrolling Interests": 29695000.0,
        "Net Income Continuous Operations": 29695000.0,
        "Tax Provision": 6441000.0,
        "Pretax Income": 36136000.0,
        "Special Income Charges": -641000.0,
        "Restructuring And Mergern Acquisition": 641000.0,
        "Gain On Sale Of Security": 991000.0,
        "Depreciation Amortization Depletion Income Statement": 120000.0,
        "Depreciation And Amortization In Income Statement": 120000.0,
        "Amortization": 120000.0,
        "Amortization Of Intangibles Income Statement": 120000.0,
        "Selling General And Administration": 31578000.0,
        "Selling And Marketing Expense": 1052000.0,
        "General And Administrative Expense": 30526000.0,
        "Insurance And Claims": 1001000.0,
        "Salaries And Wages": 29525000.0,
        "Total Revenue": 89086000.0,
        "Operating Revenue": 89086000.0
    },
    "2022-09-30": {
        "Tax Effect Of Unusual Items": -200651.0,
        "Tax Rate For Calcs": 0.187,
        "Total Unusual Items": -1073000.0,
        "Total Unusual Items Excluding Goodwill": -1073000.0,
        "Net Income From Continuing Operation Net Minority Interest": 30149000.0,
        "Reconciled Depreciation": 120000.0,
        "Net Interest Income": 78026000.0,
        "Interest Expense": 10617000.0,
        "Interest Income": 88643000.0,
        "Normalized Income": 31021349.0,
        "Net Income From Continuing And Discontinued Operation": 30149000.0,
        "Diluted Average Shares": 77007971.0,
        "Basic Average Shares": 76779038.0,
        "Diluted EPS": 0.39,
        "Basic EPS": 0.39,
        "Diluted NI Availto Com Stockholders": 30149000.0,
        "Net Income Common Stockholders": 30149000.0,
        "Net Income": 30149000.0,
        "Net Income Including Noncontrolling Interests": 30149000.0,
        "Net Income Continuous Operations": 30149000.0,
        "Tax Provision": 6917000.0,
        "Pretax Income": 37066000.0,
        "Special Income Charges": -1073000.0,
        "Restructuring And Mergern Acquisition": 1073000.0,
        "Gain On Sale Of Security": 1275000.0,
        "Depreciation Amortization Depletion Income Statement": 120000.0,
        "Depreciation And Amortization In Income Statement": 120000.0,
        "Amortization": 120000.0,
        "Amortization Of Intangibles Income Statement": 120000.0,
        "Selling General And Administration": 30352000.0,
        "Selling And Marketing Expense": 1337000.0,
        "General And Administrative Expense": 29015000.0,
        "Insurance And Claims": 709000.0,
        "Salaries And Wages": 28306000.0,
        "Total Revenue": 84860000.0,
        "Operating Revenue": 84860000.0
    },
    "2022-06-30": {
        "Tax Effect Of Unusual Items": -134820.0,
        "Tax Rate For Calcs": 0.252,
        "Total Unusual Items": -535000.0,
        "Total Unusual Items Excluding Goodwill": -535000.0,
        "Net Income From Continuing Operation Net Minority Interest": 25195000.0,
        "Reconciled Depreciation": 120000.0,
        "Net Interest Income": 71867000.0,
        "Interest Expense": 6162000.0,
        "Interest Income": 78029000.0,
        "Normalized Income": 25595180.0,
        "Net Income From Continuing And Discontinued Operation": 25195000.0,
        "Diluted Average Shares": 77419288.0,
        "Basic Average Shares": 77091013.0,
        "Diluted EPS": 0.33,
        "Basic EPS": 0.33,
        "Diluted NI Availto Com Stockholders": 25195000.0,
        "Net Income Common Stockholders": 25195000.0,
        "Net Income": 25195000.0,
        "Net Income Including Noncontrolling Interests": 25195000.0,
        "Net Income Continuous Operations": 25195000.0,
        "Tax Provision": 8502000.0,
        "Pretax Income": 33697000.0,
        "Special Income Charges": -535000.0,
        "Restructuring And Mergern Acquisition": 535000.0,
        "Gain On Sale Of Security": 1561000.0,
        "Depreciation Amortization Depletion Income Statement": 120000.0,
        "Depreciation And Amortization In Income Statement": 120000.0,
        "Amortization": 120000.0,
        "Amortization Of Intangibles Income Statement": 120000.0,
        "Selling General And Administration": 30830000.0,
        "Selling And Marketing Expense": 1319000.0,
        "General And Administrative Expense": 29511000.0,
        "Insurance And Claims": 739000.0,
        "Salaries And Wages": 28772000.0,
        "Total Revenue": 78741000.0,
        "Operating Revenue": 78741000.0
    },
    "2022-03-31": {
        "Diluted EPS": 0.32,
        "Total Revenue": 81,
        "Gross Profit": 75,
        "Operating Income": 33,
        "EBIT": NaN,
        "Net Income": 25
    },
    "2021-12-31": {
        "Diluted EPS": 0.37,
        "Total Revenue": 88,
        "Gross Profit": 82,
        "Operating Income": 39,
        "EBIT": NaN,
        "Net Income": 29
    },
    "2021-09-30": {
        "Diluted EPS": 0.37,
        "Total Revenue": 83,
        "Gross Profit": 76,
        "Operating Income": 38,
        "EBIT": NaN,
        "Net Income": 29
    },
    "2021-06-30": {
        "Diluted EPS": 0.4,
        "Total Revenue": 84,
        "Gross Profit": 77,
        "Operating Income": 42,
        "EBIT": NaN,
        "Net Income": 32
    },
    "2021-03-31": {
        "Diluted EPS": 0.34,
        "Total Revenue": 83,
        "Gross Profit": 74,
        "Operating Income": 35,
        "EBIT": NaN,
        "Net Income": 26
    },
    "2020-12-31": {
        "Diluted EPS": 0.33,
        "Total Revenue": 85,
        "Gross Profit": 72,
        "Operating Income": 35,
        "EBIT": NaN,
        "Net Income": 27
    },
    "2020-09-30": {
        "Diluted EPS": 0.24,
        "Total Revenue": 86,
        "Gross Profit": 71,
        "Operating Income": 25,
        "EBIT": NaN,
        "Net Income": 19
    },
    "2020-06-30": {
        "Diluted EPS": 0.25,
        "Total Revenue": 88,
        "Gross Profit": 71,
        "Operating Income": 26,
        "EBIT": NaN,
        "Net Income": 20
    },
    "2020-03-31": {
        "Diluted EPS": -0.22,
        "Total Revenue": 93,
        "Gross Profit": 71,
        "Operating Income": -24,
        "EBIT": NaN,
        "Net Income": -17
    },
    "2019-12-31": {
        "Diluted EPS": 0.28,
        "Total Revenue": 95,
        "Gross Profit": 72,
        "Operating Income": 29,
        "EBIT": NaN,
        "Net Income": 22
    },
    "2019-09-30": {
        "Diluted EPS": 0.28,
        "Total Revenue": 96,
        "Gross Profit": 71,
        "Operating Income": 31,
        "EBIT": NaN,
        "Net Income": 23
    },
    "2019-06-30": {
        "Diluted EPS": 0.26,
        "Total Revenue": 95,
        "Gross Profit": 71,
        "Operating Income": 27,
        "EBIT": NaN,
        "Net Income": 20
    },
    "2019-03-31": {
        "Diluted EPS": 0.28,
        "Total Revenue": 92,
        "Gross Profit": 70,
        "Operating Income": 29,
        "EBIT": NaN,
        "Net Income": 22
    },
    "2018-12-31": {
        "Diluted EPS": 0.26,
        "Total Revenue": 90,
        "Gross Profit": 70,
        "Operating Income": 30,
        "EBIT": NaN,
        "Net Income": 21
    },
    "2018-09-30": {
        "Diluted EPS": 0.28,
        "Total Revenue": 88,
        "Gross Profit": 69,
        "Operating Income": 29,
        "EBIT": NaN,
        "Net Income": 22
    },
    "2018-06-30": {
        "Diluted EPS": 0.26,
        "Total Revenue": 84,
        "Gross Profit": 68,
        "Operating Income": 29,
        "EBIT": NaN,
        "Net Income": 21
    },
    "2018-03-31": {
        "Diluted EPS": 0.24,
        "Total Revenue": 78,
        "Gross Profit": 66,
        "Operating Income": 28,
        "EBIT": NaN,
        "Net Income": 19
    },
    "2017-12-31": {
        "Diluted EPS": 0.09,
        "Total Revenue": 74,
        "Gross Profit": 63,
        "Operating Income": 27,
        "EBIT": NaN,
        "Net Income": 7
    },
    "2017-09-30": {
        "Diluted EPS": 0.2,
        "Total Revenue": 73,
        "Gross Profit": 63,
        "Operating Income": 25,
        "EBIT": NaN,
        "Net Income": 15
    },
    "2017-06-30": {
        "Diluted EPS": 0.2,
        "Total Revenue": 70,
        "Gross Profit": 60,
        "Operating Income": 24,
        "EBIT": NaN,
        "Net Income": 15
    },
    "2017-03-31": {
        "Diluted EPS": 0.19,
        "Total Revenue": 78,
        "Gross Profit": 69,
        "Operating Income": 22,
        "EBIT": NaN,
        "Net Income": 13
    },
    "2016-12-31": {
        "Diluted EPS": 0.19,
        "Total Revenue": 66,
        "Gross Profit": 57,
        "Operating Income": 21,
        "EBIT": NaN,
        "Net Income": 13
    },
    "2016-09-30": {
        "Diluted EPS": 0.19,
        "Total Revenue": 67,
        "Gross Profit": 58,
        "Operating Income": 22,
        "EBIT": NaN,
        "Net Income": 14
    },
    "2016-06-30": {
        "Diluted EPS": 0.18,
        "Total Revenue": 65,
        "Gross Profit": 56,
        "Operating Income": 21,
        "EBIT": NaN,
        "Net Income": 13
    },
    "2016-03-31": {
        "Diluted EPS": 0.18,
        "Total Revenue": 64,
        "Gross Profit": 56,
        "Operating Income": 21,
        "EBIT": NaN,
        "Net Income": 13
    },
    "2015-12-31": {
        "Diluted EPS": 0.19,
        "Total Revenue": 65,
        "Gross Profit": 56,
        "Operating Income": 22,
        "EBIT": NaN,
        "Net Income": 13
    },
    "2015-09-30": {
        "Diluted EPS": 0.18,
        "Total Revenue": 61,
        "Gross Profit": 53,
        "Operating Income": 20,
        "EBIT": NaN,
        "Net Income": 13
    },
    "2015-06-30": {
        "Diluted EPS": 0.17,
        "Total Revenue": 60,
        "Gross Profit": 52,
        "Operating Income": 20,
        "EBIT": NaN,
        "Net Income": 12
    },
    "2015-03-31": {
        "Diluted EPS": 0.17,
        "Total Revenue": 61,
        "Gross Profit": 53,
        "Operating Income": 19,
        "EBIT": NaN,
        "Net Income": 12
    },
    "2014-12-31": {
        "Diluted EPS": 0.16,
        "Total Revenue": 60,
        "Gross Profit": 52,
        "Operating Income": 18,
        "EBIT": NaN,
        "Net Income": 11
    },
    "2014-09-30": {
        "Diluted EPS": 0.17,
        "Total Revenue": 61,
        "Gross Profit": 54,
        "Operating Income": 20,
        "EBIT": NaN,
        "Net Income": 12
    },
    "2014-06-30": {
        "Diluted EPS": 0.14,
        "Total Revenue": 57,
        "Gross Profit": 50,
        "Operating Income": 17,
        "EBIT": NaN,
        "Net Income": 10
    },
    "2014-03-31": {
        "Diluted EPS": 0.15,
        "Total Revenue": 60,
        "Gross Profit": 53,
        "Operating Income": 17,
        "EBIT": NaN,
        "Net Income": 11
    },
    "2013-12-31": {
        "Diluted EPS": 0.12,
        "Total Revenue": 57,
        "Gross Profit": 49,
        "Operating Income": 14,
        "EBIT": NaN,
        "Net Income": 8
    },
    "2013-09-30": {
        "Diluted EPS": 0.13,
        "Total Revenue": 54,
        "Gross Profit": 47,
        "Operating Income": 15,
        "EBIT": NaN,
        "Net Income": 9
    },
    "2013-06-30": {
        "Diluted EPS": 0.14,
        "Total Revenue": 56,
        "Gross Profit": 49,
        "Operating Income": 15,
        "EBIT": NaN,
        "Net Income": 9
    },
    "2013-03-31": {
        "Diluted EPS": 0.13,
        "Total Revenue": 55,
        "Gross Profit": 47,
        "Operating Income": 14,
        "EBIT": NaN,
        "Net Income": 9
    },
    "2012-12-31": {
        "Diluted EPS": 0.17,
        "Total Revenue": 59,
        "Gross Profit": 51,
        "Operating Income": 19,
        "EBIT": NaN,
        "Net Income": 12
    },
    "2012-09-30": {
        "Diluted EPS": 0.16,
        "Total Revenue": 59,
        "Gross Profit": 50,
        "Operating Income": 17,
        "EBIT": NaN,
        "Net Income": 11
    },
    "2012-06-30": {
        "Diluted EPS": 0.11,
        "Total Revenue": 57,
        "Gross Profit": 47,
        "Operating Income": 12,
        "EBIT": NaN,
        "Net Income": 8
    },
    "2012-03-31": {
        "Diluted EPS": 0.09,
        "Total Revenue": 57,
        "Gross Profit": 47,
        "Operating Income": 12,
        "EBIT": NaN,
        "Net Income": 6
    },
    "2011-12-31": {
        "Diluted EPS": 0.12,
        "Total Revenue": 37,
        "Gross Profit": 30,
        "Operating Income": 13,
        "EBIT": NaN,
        "Net Income": 7
    },
    "2011-09-30": {
        "Diluted EPS": 0.11,
        "Total Revenue": 37,
        "Gross Profit": 29,
        "Operating Income": 11,
        "EBIT": NaN,
        "Net Income": 6
    },
    "2011-06-30": {
        "Diluted EPS": 0.12,
        "Total Revenue": 37,
        "Gross Profit": 29,
        "Operating Income": 13,
        "EBIT": NaN,
        "Net Income": 7
    },
    "2011-03-31": {
        "Diluted EPS": 0.12,
        "Total Revenue": 35,
        "Gross Profit": 27,
        "Operating Income": 13,
        "EBIT": NaN,
        "Net Income": 7
    },
    "2010-12-31": {
        "Diluted EPS": 0.11,
        "Total Revenue": 33,
        "Gross Profit": 25,
        "Operating Income": 12,
        "EBIT": NaN,
        "Net Income": 6
    },
    "2010-09-30": {
        "Diluted EPS": 0.12,
        "Total Revenue": 33,
        "Gross Profit": 25,
        "Operating Income": 12,
        "EBIT": NaN,
        "Net Income": 7
    },
    "2010-06-30": {
        "Diluted EPS": 0.12,
        "Total Revenue": 34,
        "Gross Profit": 25,
        "Operating Income": 12,
        "EBIT": NaN,
        "Net Income": 7
    },
    "2010-03-31": {
        "Diluted EPS": 0.11,
        "Total Revenue": 34,
        "Gross Profit": 24,
        "Operating Income": 11,
        "EBIT": NaN,
        "Net Income": 6
    },
    "2009-12-31": {
        "Diluted EPS": 0.1,
        "Total Revenue": 34,
        "Gross Profit": 23,
        "Operating Income": 10,
        "EBIT": NaN,
        "Net Income": 6
    },
    "2009-09-30": {
        "Diluted EPS": 0.09,
        "Total Revenue": 35,
        "Gross Profit": 23,
        "Operating Income": 9,
        "EBIT": NaN,
        "Net Income": 5
    },
    "2009-06-30": {
        "Diluted EPS": 0.08,
        "Total Revenue": 37,
        "Gross Profit": 22,
        "Operating Income": 8,
        "EBIT": NaN,
        "Net Income": 5
    },
    "2009-03-31": {
        "Diluted EPS": 0.06,
        "Total Revenue": 35,
        "Gross Profit": 19,
        "Operating Income": 6,
        "EBIT": NaN,
        "Net Income": 3
    },
    "2023-09-30": {
        "Tax Effect Of Unusual Items": 0.0,
        "Tax Rate For Calcs": 0.214,
        "Total Unusual Items": 0.0,
        "Total Unusual Items Excluding Goodwill": 0.0,
        "Net Income From Continuing Operation Net Minority Interest": 22701000.0,
        "Reconciled Depreciation": 4059000.0,
        "Net Interest Income": 84070000.0,
        "Interest Expense": 62990000.0,
        "Interest Income": 147060000.0,
        "Normalized Income": 22701000.0,
        "Net Income From Continuing And Discontinued Operation": 22701000.0,
        "Diluted Average Shares": 88971210.0,
        "Basic Average Shares": 88795270.0,
        "Diluted EPS": 0.26,
        "Basic EPS": 0.26,
        "Diluted NI Availto Com Stockholders": 22701000.0,
        "Net Income Common Stockholders": 22701000.0,
        "Net Income": 22701000.0,
        "Net Income Including Noncontrolling Interests": 22701000.0,
        "Net Income Continuous Operations": 22701000.0,
        "Tax Provision": 6167000.0,
        "Pretax Income": 28868000.0,
        "Special Income Charges": 0.0,
        "Restructuring And Mergern Acquisition": 0.0,
        "Gain On Sale Of Security": 292000.0,
        "Depreciation Amortization Depletion Income Statement": 1955000.0,
        "Depreciation And Amortization In Income Statement": 1955000.0,
        "Amortization": 1955000.0,
        "Amortization Of Intangibles Income Statement": 1955000.0,
        "Selling General And Administration": 36817000.0,
        "Selling And Marketing Expense": 1174000.0,
        "General And Administrative Expense": 35643000.0,
        "Insurance And Claims": 2152000.0,
        "Salaries And Wages": 33491000.0,
        "Total Revenue": 89494000.0,
        "Operating Revenue": 89494000.0,
        "Occupancy And Equipment": 11749000.0,
        "Professional Expense And Contract Services Expense": 2368000.0,
        "Other Non Interest Expense": 4790000.0
    },
    "2023-12-31": {
        "Tax Effect Of Unusual Items": 0.0,
        "Tax Rate For Calcs": 0.198684,
        "Total Unusual Items": 0.0,
        "Total Unusual Items Excluding Goodwill": 0.0,
        "Net Income From Continuing Operation Net Minority Interest": 22888000.0,
        "Reconciled Depreciation": 4094000.0,
        "Net Interest Income": 83555000.0,
        "Interest Expense": 68764000.0,
        "Interest Income": 152319000.0,
        "Normalized Income": 22888000.0,
        "Net Income From Continuing And Discontinued Operation": 22888000.0,
        "Diluted Average Shares": 89035505.0,
        "Basic Average Shares": 88867159.0,
        "Diluted EPS": 0.26,
        "Basic EPS": 0.26,
        "Diluted NI Availto Com Stockholders": 22888000.0,
        "Net Income Common Stockholders": 22888000.0,
        "Net Income": 22888000.0,
        "Net Income Including Noncontrolling Interests": 22888000.0,
        "Net Income Continuous Operations": 22888000.0,
        "Tax Provision": 5675000.0,
        "Pretax Income": 28563000.0,
        "Special Income Charges": 0.0,
        "Restructuring And Mergern Acquisition": 0.0,
        "Gain On Sale Of Security": 854000.0,
        "Depreciation Amortization Depletion Income Statement": 1965000.0,
        "Depreciation And Amortization In Income Statement": 1965000.0,
        "Amortization": 1965000.0,
        "Amortization Of Intangibles Income Statement": 1965000.0,
        "Selling General And Administration": 37998000.0,
        "Selling And Marketing Expense": 758000.0,
        "General And Administrative Expense": 37240000.0,
        "Insurance And Claims": 1839000.0,
        "Salaries And Wages": 35401000.0,
        "Total Revenue": 91658000.0,
        "Operating Revenue": 91658000.0,
        "Occupancy And Equipment": 12372000.0,
        "Professional Expense And Contract Services Expense": 1442000.0,
        "Other Non Interest Expense": 5467000.0
    },
    "2024-03-31": {
        "Tax Effect Of Unusual Items": 0.0,
        "Tax Rate For Calcs": 0.24,
        "Total Unusual Items": 0.0,
        "Total Unusual Items Excluding Goodwill": 0.0,
        "Net Income From Continuing Operation Net Minority Interest": 14665000.0,
        "Reconciled Depreciation": 3826000.0,
        "Net Interest Income": 81588000.0,
        "Interest Expense": 73871000.0,
        "Interest Income": 155459000.0,
        "Normalized Income": 14665000.0,
        "Net Income From Continuing And Discontinued Operation": 14665000.0,
        "Diluted Average Shares": 89181508.0,
        "Basic Average Shares": 88894577.0,
        "Diluted EPS": 0.16,
        "Basic EPS": 0.16,
        "Diluted NI Availto Com Stockholders": 14665000.0,
        "Net Income Common Stockholders": 14665000.0,
        "Net Income": 14665000.0,
        "Net Income Including Noncontrolling Interests": 14665000.0,
        "Net Income Continuous Operations": 14665000.0,
        "Tax Provision": 4814000.0,
        "Pretax Income": 19479000.0,
        "Special Income Charges": 0.0,
        "Restructuring And Mergern Acquisition": 0.0,
        "Gain On Sale Of Security": 481000.0,
        "Depreciation Amortization Depletion Income Statement": 1708000.0,
        "Depreciation And Amortization In Income Statement": 1708000.0,
        "Amortization": 1708000.0,
        "Amortization Of Intangibles Income Statement": 1708000.0,
        "Selling General And Administration": 40087000.0,
        "Selling And Marketing Expense": 1574000.0,
        "General And Administrative Expense": 38513000.0,
        "Insurance And Claims": 1884000.0,
        "Salaries And Wages": 36629000.0,
        "Total Revenue": 87916000.0,
        "Operating Revenue": 87916000.0,
        "Occupancy And Equipment": 12800000.0,
        "Professional Expense And Contract Services Expense": 1900000.0,
        "Other Non Interest Expense": 4519000.0
    },
    "2024-06-30": {
        "Tax Effect Of Unusual Items": -200812.0,
        "Tax Rate For Calcs": 0.244,
        "Total Unusual Items": -823000.0,
        "Total Unusual Items Excluding Goodwill": -823000.0,
        "Net Income From Continuing Operation Net Minority Interest": 16372000.0,
        "Reconciled Depreciation": 3627000.0,
        "Net Interest Income": 80001000.0,
        "Interest Expense": 75354000.0,
        "Interest Income": 155355000.0,
        "Normalized Income": 16994188.0,
        "Net Income From Continuing And Discontinued Operation": 16372000.0,
        "Diluted Average Shares": 89222315.0,
        "Basic Average Shares": 88904692.0,
        "Diluted EPS": 0.18,
        "Basic EPS": 0.18,
        "Diluted NI Availto Com Stockholders": 16372000.0,
        "Net Income Common Stockholders": 16372000.0,
        "Net Income": 16372000.0,
        "Net Income Including Noncontrolling Interests": 16372000.0,
        "Net Income Continuous Operations": 16372000.0,
        "Tax Provision": 5273000.0,
        "Pretax Income": 21645000.0,
        "Special Income Charges": -823000.0,
        "Restructuring And Mergern Acquisition": 823000.0,
        "Gain On Sale Of Security": 145000.0,
        "Depreciation Amortization Depletion Income Statement": 1669000.0,
        "Depreciation And Amortization In Income Statement": 1669000.0,
        "Amortization": 1669000.0,
        "Amortization Of Intangibles Income Statement": 1669000.0,
        "Selling General And Administration": 38291000.0,
        "Selling And Marketing Expense": 1504000.0,
        "General And Administrative Expense": 36787000.0,
        "Insurance And Claims": 2025000.0,
        "Salaries And Wages": 34762000.0,
        "Total Revenue": 86436000.0,
        "Operating Revenue": 86436000.0,
        "Occupancy And Equipment": 12283000.0,
        "Professional Expense And Contract Services Expense": 1745000.0,
        "Other Non Interest Expense": 4373000.0
    },
    "2024-09-30": {
        "Tax Effect Of Unusual Items": 0.0,
        "Tax Rate For Calcs": 0.247,
        "Total Unusual Items": 0.0,
        "Total Unusual Items Excluding Goodwill": 0.0,
        "Net Income From Continuing Operation Net Minority Interest": 20142000.0,
        "Reconciled Depreciation": 3604000.0,
        "Net Interest Income": 83008000.0,
        "Interest Expense": 76552000.0,
        "Interest Income": 159560000.0,
        "Normalized Income": 20142000.0,
        "Net Income From Continuing And Discontinued Operation": 20142000.0,
        "Diluted Average Shares": 89319611.0,
        "Basic Average Shares": 89033463.0,
        "Diluted EPS": 0.23,
        "Basic EPS": 0.23,
        "Diluted NI Availto Com Stockholders": 20142000.0,
        "Net Income Common Stockholders": 20142000.0,
        "Net Income": 20142000.0,
        "Net Income Including Noncontrolling Interests": 20142000.0,
        "Net Income Continuous Operations": 20142000.0,
        "Tax Provision": 6606000.0,
        "Pretax Income": 26748000.0,
        "Special Income Charges": 0.0,
        "Restructuring And Mergern Acquisition": 0.0,
        "Gain On Sale Of Security": 172000.0,
        "Depreciation Amortization Depletion Income Statement": 1668000.0,
        "Depreciation And Amortization In Income Statement": 1668000.0,
        "Amortization": 1668000.0,
        "Amortization Of Intangibles Income Statement": 1668000.0,
        "Selling General And Administration": 38107000.0,
        "Selling And Marketing Expense": 859000.0,
        "General And Administrative Expense": 37248000.0,
        "Insurance And Claims": 2118000.0,
        "Salaries And Wages": 35130000.0,
        "Total Revenue": 89528000.0,
        "Operating Revenue": 89528000.0,
        "Occupancy And Equipment": 12174000.0,
        "Professional Expense And Contract Services Expense": 2143000.0,
        "Other Non Interest Expense": 3856000.0
    }
}