{
    "2023-03-31": {
        "Tax Effect Of Unusual Items": NaN,
        "Tax Rate For Calcs": NaN,
        "Normalized EBITDA": NaN,
        "Total Unusual Items": NaN,
        "Total Unusual Items Excluding Goodwill": NaN,
        "Net Income From Continuing Operation Net Minority Interest": NaN,
        "Reconciled Depreciation": NaN,
        "Reconciled Cost Of Revenue": NaN,
        "EBITDA": NaN,
        "EBIT": NaN,
        "Net Interest Income": NaN,
        "Interest Expense": NaN,
        "Interest Income": NaN,
        "Normalized Income": NaN,
        "Net Income From Continuing And Discontinued Operation": NaN,
        "Total Expenses": NaN,
        "Total Operating Income As Reported": NaN,
        "Diluted Average Shares": NaN,
        "Basic Average Shares": NaN,
        "Diluted EPS": NaN,
        "Basic EPS": NaN,
        "Diluted NI Availto Com Stockholders": NaN,
        "Net Income Common Stockholders": NaN,
        "Net Income": NaN,
        "Minority Interests": NaN,
        "Net Income Including Noncontrolling Interests": NaN,
        "Net Income Continuous Operations": NaN,
        "Earnings From Equity Interest Net Of Tax": NaN,
        "Tax Provision": NaN,
        "Pretax Income": NaN,
        "Other Income Expense": NaN,
        "Other Non Operating Income Expenses": NaN,
        "Special Income Charges": NaN,
        "Write Off": NaN,
        "Restructuring And Mergern Acquisition": NaN,
        "Gain On Sale Of Security": NaN,
        "Net Non Operating Interest Income Expense": NaN,
        "Total Other Finance Cost": 3000000.0,
        "Interest Expense Non Operating": NaN,
        "Interest Income Non Operating": NaN,
        "Operating Income": NaN,
        "Operating Expense": NaN,
        "Other Operating Expenses": 500000.0,
        "Research And Development": NaN,
        "Selling General And Administration": NaN,
        "General And Administrative Expense": NaN,
        "Other Gand A": NaN,
        "Salaries And Wages": NaN,
        "Gross Profit": NaN,
        "Cost Of Revenue": NaN,
        "Total Revenue": NaN,
        "Operating Revenue": NaN
    },
    "2022-12-31": {
        "Tax Effect Of Unusual Items": NaN,
        "Tax Rate For Calcs": NaN,
        "Normalized EBITDA": NaN,
        "Total Unusual Items": NaN,
        "Total Unusual Items Excluding Goodwill": NaN,
        "Net Income From Continuing Operation Net Minority Interest": NaN,
        "Reconciled Depreciation": NaN,
        "Reconciled Cost Of Revenue": NaN,
        "EBITDA": NaN,
        "EBIT": NaN,
        "Net Interest Income": NaN,
        "Interest Expense": NaN,
        "Interest Income": NaN,
        "Normalized Income": NaN,
        "Net Income From Continuing And Discontinued Operation": NaN,
        "Total Expenses": NaN,
        "Total Operating Income As Reported": NaN,
        "Diluted Average Shares": NaN,
        "Basic Average Shares": NaN,
        "Diluted EPS": NaN,
        "Basic EPS": NaN,
        "Diluted NI Availto Com Stockholders": NaN,
        "Net Income Common Stockholders": NaN,
        "Net Income": NaN,
        "Minority Interests": NaN,
        "Net Income Including Noncontrolling Interests": NaN,
        "Net Income Continuous Operations": NaN,
        "Earnings From Equity Interest Net Of Tax": NaN,
        "Tax Provision": NaN,
        "Pretax Income": NaN,
        "Other Income Expense": NaN,
        "Other Non Operating Income Expenses": NaN,
        "Special Income Charges": NaN,
        "Write Off": NaN,
        "Restructuring And Mergern Acquisition": NaN,
        "Gain On Sale Of Security": NaN,
        "Net Non Operating Interest Income Expense": NaN,
        "Total Other Finance Cost": NaN,
        "Interest Expense Non Operating": NaN,
        "Interest Income Non Operating": NaN,
        "Operating Income": NaN,
        "Operating Expense": NaN,
        "Other Operating Expenses": 900000.0,
        "Research And Development": NaN,
        "Selling General And Administration": NaN,
        "General And Administrative Expense": NaN,
        "Other Gand A": NaN,
        "Salaries And Wages": NaN,
        "Gross Profit": NaN,
        "Cost Of Revenue": NaN,
        "Total Revenue": NaN,
        "Operating Revenue": NaN
    },
    "2022-09-30": {
        "Tax Effect Of Unusual Items": NaN,
        "Tax Rate For Calcs": NaN,
        "Normalized EBITDA": NaN,
        "Total Unusual Items": NaN,
        "Total Unusual Items Excluding Goodwill": NaN,
        "Net Income From Continuing Operation Net Minority Interest": NaN,
        "Reconciled Depreciation": NaN,
        "Reconciled Cost Of Revenue": NaN,
        "EBITDA": NaN,
        "EBIT": NaN,
        "Net Interest Income": NaN,
        "Interest Expense": NaN,
        "Interest Income": NaN,
        "Normalized Income": NaN,
        "Net Income From Continuing And Discontinued Operation": NaN,
        "Total Expenses": NaN,
        "Total Operating Income As Reported": NaN,
        "Diluted Average Shares": NaN,
        "Basic Average Shares": NaN,
        "Diluted EPS": NaN,
        "Basic EPS": NaN,
        "Diluted NI Availto Com Stockholders": NaN,
        "Net Income Common Stockholders": NaN,
        "Net Income": NaN,
        "Minority Interests": NaN,
        "Net Income Including Noncontrolling Interests": NaN,
        "Net Income Continuous Operations": NaN,
        "Earnings From Equity Interest Net Of Tax": NaN,
        "Tax Provision": NaN,
        "Pretax Income": NaN,
        "Other Income Expense": NaN,
        "Other Non Operating Income Expenses": NaN,
        "Special Income Charges": NaN,
        "Write Off": NaN,
        "Restructuring And Mergern Acquisition": NaN,
        "Gain On Sale Of Security": NaN,
        "Net Non Operating Interest Income Expense": NaN,
        "Total Other Finance Cost": 100000.0,
        "Interest Expense Non Operating": NaN,
        "Interest Income Non Operating": NaN,
        "Operating Income": NaN,
        "Operating Expense": NaN,
        "Other Operating Expenses": NaN,
        "Research And Development": NaN,
        "Selling General And Administration": NaN,
        "General And Administrative Expense": NaN,
        "Other Gand A": NaN,
        "Salaries And Wages": NaN,
        "Gross Profit": NaN,
        "Cost Of Revenue": NaN,
        "Total Revenue": NaN,
        "Operating Revenue": NaN
    },
    "2022-06-30": {
        "Tax Effect Of Unusual Items": 0.0,
        "Tax Rate For Calcs": 0.286,
        "Normalized EBITDA": 108000000.0,
        "Total Unusual Items": -10800000.0,
        "Total Unusual Items Excluding Goodwill": -10800000.0,
        "Net Income From Continuing Operation Net Minority Interest": 49500000.0,
        "Reconciled Depreciation": 21600000.0,
        "Reconciled Cost Of Revenue": 290200000.0,
        "EBITDA": 108000000.0,
        "EBIT": 86400000.0,
        "Net Interest Income": -4300000.0,
        "Interest Expense": NaN,
        "Interest Income": NaN,
        "Normalized Income": 49500000.0,
        "Net Income From Continuing And Discontinued Operation": 49500000.0,
        "Total Expenses": 502000000.0,
        "Total Operating Income As Reported": 73900000.0,
        "Diluted Average Shares": 149800000.0,
        "Basic Average Shares": 149000000.0,
        "Diluted EPS": 0.33,
        "Basic EPS": 0.33,
        "Diluted NI Availto Com Stockholders": 49500000.0,
        "Net Income Common Stockholders": 49500000.0,
        "Net Income": 49500000.0,
        "Minority Interests": -200000.0,
        "Net Income Including Noncontrolling Interests": 49700000.0,
        "Net Income Continuous Operations": 49700000.0,
        "Earnings From Equity Interest Net Of Tax": NaN,
        "Tax Provision": 19900000.0,
        "Pretax Income": 69600000.0,
        "Other Income Expense": -12500000.0,
        "Other Non Operating Income Expenses": -12500000.0,
        "Special Income Charges": -10800000.0,
        "Write Off": NaN,
        "Restructuring And Mergern Acquisition": 10800000.0,
        "Gain On Sale Of Security": NaN,
        "Net Non Operating Interest Income Expense": -4300000.0,
        "Total Other Finance Cost": 4300000.0,
        "Interest Expense Non Operating": NaN,
        "Interest Income Non Operating": NaN,
        "Operating Income": 86400000.0,
        "Operating Expense": 211800000.0,
        "Other Operating Expenses": 1500000.0,
        "Research And Development": 59600000.0,
        "Selling General And Administration": 152200000.0,
        "General And Administrative Expense": 152200000.0,
        "Other Gand A": 152200000.0,
        "Salaries And Wages": NaN,
        "Gross Profit": 298200000.0,
        "Cost Of Revenue": 290200000.0,
        "Total Revenue": 588400000.0,
        "Operating Revenue": 588400000.0
    },
    "2023-06-30": {
        "Tax Effect Of Unusual Items": -4317600.0,
        "Tax Rate For Calcs": 0.257,
        "Normalized EBITDA": 124100000.0,
        "Total Unusual Items": -16800000.0,
        "Total Unusual Items Excluding Goodwill": -16800000.0,
        "Net Income From Continuing Operation Net Minority Interest": 57100000.0,
        "Reconciled Depreciation": 25900000.0,
        "Reconciled Cost Of Revenue": 341400000.0,
        "EBITDA": 107300000.0,
        "EBIT": 81400000.0,
        "Net Interest Income": 4900000.0,
        "Interest Expense": 3900000.0,
        "Interest Income": 8800000.0,
        "Normalized Income": 69582400.0,
        "Net Income From Continuing And Discontinued Operation": 57100000.0,
        "Total Expenses": 590300000.0,
        "Total Operating Income As Reported": 86200000.0,
        "Diluted Average Shares": 147700000.0,
        "Basic Average Shares": 146800000.0,
        "Diluted EPS": 0.39,
        "Basic EPS": 0.39,
        "Diluted NI Availto Com Stockholders": 57100000.0,
        "Net Income Common Stockholders": 57100000.0,
        "Net Income": 57100000.0,
        "Minority Interests": -700000.0,
        "Net Income Including Noncontrolling Interests": 57800000.0,
        "Net Income Continuous Operations": 57800000.0,
        "Earnings From Equity Interest Net Of Tax": 200000.0,
        "Tax Provision": 19900000.0,
        "Pretax Income": 77500000.0,
        "Other Income Expense": -19000000.0,
        "Other Non Operating Income Expenses": -2200000.0,
        "Special Income Charges": -14600000.0,
        "Write Off": 11400000.0,
        "Restructuring And Mergern Acquisition": 3200000.0,
        "Gain On Sale Of Security": -2200000.0,
        "Net Non Operating Interest Income Expense": 4900000.0,
        "Total Other Finance Cost": -6900000.0,
        "Interest Expense Non Operating": 3900000.0,
        "Interest Income Non Operating": 8800000.0,
        "Operating Income": 91600000.0,
        "Operating Expense": 248900000.0,
        "Other Operating Expenses": 600000.0,
        "Research And Development": 71000000.0,
        "Selling General And Administration": 177900000.0,
        "General And Administrative Expense": 177900000.0,
        "Other Gand A": 177900000.0,
        "Salaries And Wages": 0.0,
        "Gross Profit": 340500000.0,
        "Cost Of Revenue": 341400000.0,
        "Total Revenue": 681900000.0,
        "Operating Revenue": 681900000.0
    },
    "2022-03-31": {
        "Diluted EPS": 0.41,
        "Total Revenue": 595,
        "Gross Profit": 306,
        "Operating Income": 97,
        "EBIT": 118,
        "Net Income": 62
    },
    "2021-12-31": {
        "Diluted EPS": 0.49,
        "Total Revenue": 684,
        "Gross Profit": 342,
        "Operating Income": 125,
        "EBIT": 148,
        "Net Income": 76
    },
    "2021-09-30": {
        "Diluted EPS": 0.57,
        "Total Revenue": 609,
        "Gross Profit": 309,
        "Operating Income": 113,
        "EBIT": 135,
        "Net Income": 87
    },
    "2021-06-30": {
        "Diluted EPS": 0.38,
        "Total Revenue": 571,
        "Gross Profit": 281,
        "Operating Income": 86,
        "EBIT": 107,
        "Net Income": 58
    },
    "2021-03-31": {
        "Diluted EPS": 0.37,
        "Total Revenue": 555,
        "Gross Profit": 279,
        "Operating Income": 89,
        "EBIT": 111,
        "Net Income": 57
    },
    "2020-12-31": {
        "Diluted EPS": 0.44,
        "Total Revenue": 628,
        "Gross Profit": 313,
        "Operating Income": 113,
        "EBIT": 135,
        "Net Income": 69
    },
    "2020-09-30": {
        "Diluted EPS": 0.35,
        "Total Revenue": 511,
        "Gross Profit": 248,
        "Operating Income": 81,
        "EBIT": 102,
        "Net Income": 54
    },
    "2020-06-30": {
        "Diluted EPS": 0.16,
        "Total Revenue": 425,
        "Gross Profit": 186,
        "Operating Income": 38,
        "EBIT": 57,
        "Net Income": 24
    },
    "2020-03-31": {
        "Diluted EPS": 0.07,
        "Total Revenue": 424,
        "Gross Profit": 192,
        "Operating Income": 16,
        "EBIT": 35,
        "Net Income": 11
    },
    "2019-12-31": {
        "Diluted EPS": 0.44,
        "Total Revenue": 600,
        "Gross Profit": 296,
        "Operating Income": 118,
        "EBIT": 136,
        "Net Income": 69
    },
    "2019-09-30": {
        "Diluted EPS": 0.39,
        "Total Revenue": 521,
        "Gross Profit": 254,
        "Operating Income": 88,
        "EBIT": 107,
        "Net Income": 61
    },
    "2019-06-30": {
        "Diluted EPS": 0.23,
        "Total Revenue": 490,
        "Gross Profit": 230,
        "Operating Income": 54,
        "EBIT": 73,
        "Net Income": 37
    },
    "2019-03-31": {
        "Diluted EPS": 0.2,
        "Total Revenue": 461,
        "Gross Profit": 215,
        "Operating Income": 42,
        "EBIT": 61,
        "Net Income": 31
    },
    "2018-12-31": {
        "Diluted EPS": 0.49,
        "Total Revenue": 554,
        "Gross Profit": 273,
        "Operating Income": 106,
        "EBIT": 123,
        "Net Income": 78
    },
    "2018-09-30": {
        "Diluted EPS": 0.28,
        "Total Revenue": 467,
        "Gross Profit": 223,
        "Operating Income": 69,
        "EBIT": 85,
        "Net Income": 43
    },
    "2018-06-30": {
        "Diluted EPS": 0.2,
        "Total Revenue": 444,
        "Gross Profit": 205,
        "Operating Income": 49,
        "EBIT": 65,
        "Net Income": 31
    },
    "2018-03-31": {
        "Diluted EPS": 0.17,
        "Total Revenue": 432,
        "Gross Profit": 199,
        "Operating Income": 38,
        "EBIT": 54,
        "Net Income": 27
    },
    "2017-12-31": {
        "Diluted EPS": -0.02,
        "Total Revenue": 531,
        "Gross Profit": 256,
        "Operating Income": 95,
        "EBIT": 111,
        "Net Income": -3
    },
    "2017-09-30": {
        "Diluted EPS": 0.23,
        "Total Revenue": 436,
        "Gross Profit": 199,
        "Operating Income": 51,
        "EBIT": 68,
        "Net Income": 37
    },
    "2017-06-30": {
        "Diluted EPS": 0.15,
        "Total Revenue": 415,
        "Gross Profit": 185,
        "Operating Income": 35,
        "EBIT": 51,
        "Net Income": 23
    },
    "2017-03-31": {
        "Diluted EPS": 0.13,
        "Total Revenue": 385,
        "Gross Profit": 176,
        "Operating Income": 38,
        "EBIT": 53,
        "Net Income": 22
    },
    "2016-12-31": {
        "Diluted EPS": 0.43,
        "Total Revenue": 470,
        "Gross Profit": 223,
        "Operating Income": 82,
        "EBIT": 95,
        "Net Income": 69
    },
    "2016-09-30": {
        "Diluted EPS": 0.29,
        "Total Revenue": 394,
        "Gross Profit": 185,
        "Operating Income": 46,
        "EBIT": 60,
        "Net Income": 47
    },
    "2016-06-30": {
        "Diluted EPS": 0.09,
        "Total Revenue": 372,
        "Gross Profit": 170,
        "Operating Income": 20,
        "EBIT": 34,
        "Net Income": 15
    },
    "2016-03-31": {
        "Diluted EPS": 0.14,
        "Total Revenue": 375,
        "Gross Profit": 167,
        "Operating Income": 34,
        "EBIT": 47,
        "Net Income": 24
    },
    "2015-12-31": {
        "Diluted EPS": 0.36,
        "Total Revenue": 478,
        "Gross Profit": 212,
        "Operating Income": 71,
        "EBIT": 84,
        "Net Income": 61
    },
    "2015-09-30": {
        "Diluted EPS": 0.07,
        "Total Revenue": 396,
        "Gross Profit": 168,
        "Operating Income": 28,
        "EBIT": 42,
        "Net Income": 12
    },
    "2015-06-30": {
        "Diluted EPS": 0.13,
        "Total Revenue": 396,
        "Gross Profit": 169,
        "Operating Income": 32,
        "EBIT": 45,
        "Net Income": 22
    },
    "2015-03-31": {
        "Diluted EPS": 0.04,
        "Total Revenue": 354,
        "Gross Profit": 160,
        "Operating Income": 15,
        "EBIT": 29,
        "Net Income": 7
    },
    "2014-12-31": {
        "Diluted EPS": 0.15,
        "Total Revenue": 508,
        "Gross Profit": 216,
        "Operating Income": 45,
        "EBIT": 57,
        "Net Income": 26
    },
    "2014-09-30": {
        "Diluted EPS": 0.03,
        "Total Revenue": 420,
        "Gross Profit": 167,
        "Operating Income": 5,
        "EBIT": 23,
        "Net Income": 6
    },
    "2014-06-30": {
        "Diluted EPS": 0.1,
        "Total Revenue": 457,
        "Gross Profit": 201,
        "Operating Income": 35,
        "EBIT": 50,
        "Net Income": 16
    },
    "2014-03-31": {
        "Diluted EPS": 0.05,
        "Total Revenue": 424,
        "Gross Profit": 180,
        "Operating Income": 21,
        "EBIT": 36,
        "Net Income": 9
    },
    "2013-12-31": {
        "Diluted EPS": 0.21,
        "Total Revenue": 552,
        "Gross Profit": 236,
        "Operating Income": 61,
        "EBIT": 77,
        "Net Income": 35
    },
    "2013-09-30": {
        "Diluted EPS": 0.1,
        "Total Revenue": 439,
        "Gross Profit": 193,
        "Operating Income": 32,
        "EBIT": 47,
        "Net Income": 17
    },
    "2013-06-30": {
        "Diluted EPS": 0.14,
        "Total Revenue": 455,
        "Gross Profit": 202,
        "Operating Income": 44,
        "EBIT": 59,
        "Net Income": 23
    },
    "2013-03-31": {
        "Diluted EPS": 0.03,
        "Total Revenue": 393,
        "Gross Profit": 175,
        "Operating Income": 12,
        "EBIT": 27,
        "Net Income": 5
    },
    "2012-12-31": {
        "Diluted EPS": 0.07,
        "Total Revenue": 517,
        "Gross Profit": 241,
        "Operating Income": 39,
        "EBIT": 56,
        "Net Income": 13
    },
    "2012-09-30": {
        "Diluted EPS": 0.24,
        "Total Revenue": 448,
        "Gross Profit": 210,
        "Operating Income": 60,
        "EBIT": 74,
        "Net Income": 40
    },
    "2012-06-30": {
        "Diluted EPS": 0.06,
        "Total Revenue": 421,
        "Gross Profit": 188,
        "Operating Income": 22,
        "EBIT": 37,
        "Net Income": 10
    },
    "2012-03-31": {
        "Diluted EPS": 0.09,
        "Total Revenue": 406,
        "Gross Profit": 190,
        "Operating Income": 34,
        "EBIT": 48,
        "Net Income": 15
    },
    "2011-12-31": {
        "Diluted EPS": 0.23,
        "Total Revenue": 475,
        "Gross Profit": 218,
        "Operating Income": 54,
        "EBIT": 67,
        "Net Income": 39
    },
    "2011-09-30": {
        "Diluted EPS": 0.12,
        "Total Revenue": 418,
        "Gross Profit": 189,
        "Operating Income": 38,
        "EBIT": 51,
        "Net Income": 20
    },
    "2011-06-30": {
        "Diluted EPS": 0.13,
        "Total Revenue": 401,
        "Gross Profit": 184,
        "Operating Income": 39,
        "EBIT": 53,
        "Net Income": 22
    },
    "2011-03-31": {
        "Diluted EPS": 0.07,
        "Total Revenue": 357,
        "Gross Profit": 162,
        "Operating Income": 26,
        "EBIT": 38,
        "Net Income": 11
    },
    "2010-12-31": {
        "Diluted EPS": 0.17,
        "Total Revenue": 416,
        "Gross Profit": 196,
        "Operating Income": 52,
        "EBIT": 63,
        "Net Income": 29
    },
    "2010-09-30": {
        "Diluted EPS": 0.17,
        "Total Revenue": 310,
        "Gross Profit": 147,
        "Operating Income": 39,
        "EBIT": 49,
        "Net Income": 27
    },
    "2010-06-30": {
        "Diluted EPS": 0.14,
        "Total Revenue": 301,
        "Gross Profit": 135,
        "Operating Income": 38,
        "EBIT": 45,
        "Net Income": 23
    },
    "2010-03-31": {
        "Diluted EPS": 0.1,
        "Total Revenue": 278,
        "Gross Profit": 126,
        "Operating Income": 27,
        "EBIT": 35,
        "Net Income": 16
    },
    "2009-12-31": {
        "Diluted EPS": 0.26,
        "Total Revenue": 366,
        "Gross Profit": 184,
        "Operating Income": 76,
        "EBIT": 86,
        "Net Income": 44
    },
    "2009-09-30": {
        "Diluted EPS": 0.1,
        "Total Revenue": 265,
        "Gross Profit": 119,
        "Operating Income": 26,
        "EBIT": 33,
        "Net Income": 16
    },
    "2009-06-30": {
        "Diluted EPS": 0.08,
        "Total Revenue": 253,
        "Gross Profit": 111,
        "Operating Income": 20,
        "EBIT": 27,
        "Net Income": 13
    },
    "2009-03-31": {
        "Diluted EPS": 0.05,
        "Total Revenue": 231,
        "Gross Profit": 103,
        "Operating Income": 14,
        "EBIT": 21,
        "Net Income": 8
    },
    "2023-09-30": {
        "Tax Effect Of Unusual Items": -2218800.0,
        "Tax Rate For Calcs": 0.258,
        "Normalized EBITDA": 158300000.0,
        "Total Unusual Items": -8600000.0,
        "Total Unusual Items Excluding Goodwill": -8600000.0,
        "Net Income From Continuing Operation Net Minority Interest": 88100000.0,
        "Reconciled Depreciation": 26600000.0,
        "Reconciled Cost Of Revenue": 360000000.0,
        "EBITDA": 149700000.0,
        "EBIT": 123100000.0,
        "Net Interest Income": -2000000.0,
        "Interest Expense": 3900000.0,
        "Interest Income": 2000000.0,
        "Normalized Income": 94481200.0,
        "Net Income From Continuing And Discontinued Operation": 88100000.0,
        "Total Expenses": 608900000.0,
        "Total Operating Income As Reported": 124500000.0,
        "Diluted Average Shares": 147300000.0,
        "Basic Average Shares": 146600000.0,
        "Diluted EPS": 0.6,
        "Basic EPS": 0.6,
        "Diluted NI Availto Com Stockholders": 88100000.0,
        "Net Income Common Stockholders": 88100000.0,
        "Net Income": 88100000.0,
        "Minority Interests": -600000.0,
        "Net Income Including Noncontrolling Interests": 88700000.0,
        "Net Income Continuous Operations": 88700000.0,
        "Earnings From Equity Interest Net Of Tax": 300000.0,
        "Tax Provision": 30800000.0,
        "Pretax Income": 119200000.0,
        "Other Income Expense": -12700000.0,
        "Other Non Operating Income Expenses": -4100000.0,
        "Special Income Charges": -5300000.0,
        "Write Off": 0.0,
        "Restructuring And Mergern Acquisition": 5300000.0,
        "Gain On Sale Of Security": -3300000.0,
        "Net Non Operating Interest Income Expense": -2000000.0,
        "Total Other Finance Cost": 100000.0,
        "Interest Expense Non Operating": 3900000.0,
        "Interest Income Non Operating": 2000000.0,
        "Operating Income": 133900000.0,
        "Operating Expense": 248900000.0,
        "Other Operating Expenses": 2200000.0,
        "Research And Development": 71300000.0,
        "Selling General And Administration": 177600000.0,
        "General And Administrative Expense": 177600000.0,
        "Other Gand A": 177600000.0,
        "Salaries And Wages": 0.0,
        "Gross Profit": 382800000.0,
        "Cost Of Revenue": 360000000.0,
        "Total Revenue": 742800000.0,
        "Operating Revenue": 742800000.0
    },
    "2023-12-31": {
        "Tax Effect Of Unusual Items": 16956039.85056,
        "Tax Rate For Calcs": 0.154006,
        "Normalized EBITDA": 172500000.0,
        "Total Unusual Items": 110100000.0,
        "Total Unusual Items Excluding Goodwill": 110100000.0,
        "Net Income From Continuing Operation Net Minority Interest": 205500000.0,
        "Reconciled Depreciation": 37300000.0,
        "Reconciled Cost Of Revenue": 424200000.0,
        "EBITDA": 282600000.0,
        "EBIT": 245300000.0,
        "Net Interest Income": -2300000.0,
        "Interest Expense": 4400000.0,
        "Interest Income": 5900000.0,
        "Normalized Income": 112356039.85056,
        "Net Income From Continuing And Discontinued Operation": 205500000.0,
        "Total Expenses": 719500000.0,
        "Total Operating Income As Reported": 103500000.0,
        "Diluted Average Shares": 146000000.0,
        "Basic Average Shares": 145500000.0,
        "Diluted EPS": 1.41,
        "Basic EPS": 1.41,
        "Diluted NI Availto Com Stockholders": 205500000.0,
        "Net Income Common Stockholders": 205500000.0,
        "Net Income": 205500000.0,
        "Minority Interests": 900000.0,
        "Net Income Including Noncontrolling Interests": 204600000.0,
        "Net Income Continuous Operations": 204600000.0,
        "Earnings From Equity Interest Net Of Tax": 800000.0,
        "Tax Provision": 37100000.0,
        "Pretax Income": 240900000.0,
        "Other Income Expense": 108200000.0,
        "Other Non Operating Income Expenses": -1900000.0,
        "Special Income Charges": 114600000.0,
        "Write Off": -100000.0,
        "Restructuring And Mergern Acquisition": -120200000.0,
        "Gain On Sale Of Security": -4500000.0,
        "Net Non Operating Interest Income Expense": -2300000.0,
        "Total Other Finance Cost": NaN,
        "Interest Expense Non Operating": 4400000.0,
        "Interest Income Non Operating": 5900000.0,
        "Operating Income": 135000000.0,
        "Operating Expense": 295300000.0,
        "Other Operating Expenses": 1700000.0,
        "Research And Development": 83500000.0,
        "Selling General And Administration": 211800000.0,
        "General And Administrative Expense": 211800000.0,
        "Other Gand A": 211800000.0,
        "Salaries And Wages": 0.0,
        "Gross Profit": 430300000.0,
        "Cost Of Revenue": 424200000.0,
        "Total Revenue": 854500000.0,
        "Operating Revenue": 841400000.0
    },
    "2024-03-31": {
        "Tax Effect Of Unusual Items": 360100.0,
        "Tax Rate For Calcs": 0.277,
        "Normalized EBITDA": 110000000.0,
        "Total Unusual Items": 1300000.0,
        "Total Unusual Items Excluding Goodwill": 1300000.0,
        "Net Income From Continuing Operation Net Minority Interest": 50900000.0,
        "Reconciled Depreciation": 34700000.0,
        "Reconciled Cost Of Revenue": 368900000.0,
        "EBITDA": 111300000.0,
        "EBIT": 76600000.0,
        "Net Interest Income": -2400000.0,
        "Interest Expense": 5000000.0,
        "Interest Income": 2600000.0,
        "Normalized Income": 49960100.0,
        "Net Income From Continuing And Discontinued Operation": 50900000.0,
        "Total Expenses": 645700000.0,
        "Total Operating Income As Reported": 64800000.0,
        "Diluted Average Shares": 145900000.0,
        "Basic Average Shares": 145200000.0,
        "Diluted EPS": 0.35,
        "Basic EPS": 0.35,
        "Diluted NI Availto Com Stockholders": 50900000.0,
        "Net Income Common Stockholders": 50900000.0,
        "Net Income": 50900000.0,
        "Minority Interests": -1100000.0,
        "Net Income Including Noncontrolling Interests": 52000000.0,
        "Net Income Continuous Operations": 52000000.0,
        "Earnings From Equity Interest Net Of Tax": 200000.0,
        "Tax Provision": 19800000.0,
        "Pretax Income": 71600000.0,
        "Other Income Expense": -2000000.0,
        "Other Non Operating Income Expenses": -3300000.0,
        "Special Income Charges": -7600000.0,
        "Write Off": 0.0,
        "Restructuring And Mergern Acquisition": 7600000.0,
        "Gain On Sale Of Security": 8900000.0,
        "Net Non Operating Interest Income Expense": -2400000.0,
        "Total Other Finance Cost": NaN,
        "Interest Expense Non Operating": 5000000.0,
        "Interest Income Non Operating": 2600000.0,
        "Operating Income": 76000000.0,
        "Operating Expense": 276800000.0,
        "Other Operating Expenses": NaN,
        "Research And Development": 81800000.0,
        "Selling General And Administration": 195000000.0,
        "General And Administrative Expense": 195000000.0,
        "Other Gand A": 195300000.0,
        "Salaries And Wages": -300000.0,
        "Gross Profit": 352800000.0,
        "Cost Of Revenue": 368900000.0,
        "Total Revenue": 721700000.0,
        "Operating Revenue": 721700000.0
    },
    "2024-06-30": {
        "Tax Effect Of Unusual Items": -6279000.0,
        "Tax Rate For Calcs": 0.21,
        "Normalized EBITDA": 114700000.0,
        "Total Unusual Items": -29900000.0,
        "Total Unusual Items Excluding Goodwill": -29900000.0,
        "Net Income From Continuing Operation Net Minority Interest": 7600000.0,
        "Reconciled Depreciation": 45200000.0,
        "Reconciled Cost Of Revenue": 416100000.0,
        "EBITDA": 84800000.0,
        "EBIT": 39600000.0,
        "Net Interest Income": -13300000.0,
        "Interest Expense": 15700000.0,
        "Interest Income": 2400000.0,
        "Normalized Income": 31221000.0,
        "Net Income From Continuing And Discontinued Operation": 7600000.0,
        "Total Expenses": 729300000.0,
        "Total Operating Income As Reported": 48100000.0,
        "Diluted Average Shares": 148000000.0,
        "Basic Average Shares": 147400000.0,
        "Diluted EPS": 0.05,
        "Basic EPS": 0.05,
        "Diluted NI Availto Com Stockholders": 7600000.0,
        "Net Income Common Stockholders": 7600000.0,
        "Net Income": 7600000.0,
        "Minority Interests": 0.0,
        "Net Income Including Noncontrolling Interests": 7600000.0,
        "Net Income Continuous Operations": 7600000.0,
        "Earnings From Equity Interest Net Of Tax": -200000.0,
        "Tax Provision": 16100000.0,
        "Pretax Income": 23900000.0,
        "Other Income Expense": -34200000.0,
        "Other Non Operating Income Expenses": -4300000.0,
        "Special Income Charges": -38900000.0,
        "Write Off": 20200000.0,
        "Restructuring And Mergern Acquisition": 18700000.0,
        "Gain On Sale Of Security": 9000000.0,
        "Net Non Operating Interest Income Expense": -13300000.0,
        "Total Other Finance Cost": NaN,
        "Interest Expense Non Operating": 15700000.0,
        "Interest Income Non Operating": 2400000.0,
        "Operating Income": 71400000.0,
        "Operating Expense": 313200000.0,
        "Other Operating Expenses": NaN,
        "Research And Development": 92200000.0,
        "Selling General And Administration": 221000000.0,
        "General And Administrative Expense": 221000000.0,
        "Other Gand A": 221300000.0,
        "Salaries And Wages": -300000.0,
        "Gross Profit": 384600000.0,
        "Cost Of Revenue": 416100000.0,
        "Total Revenue": 800700000.0,
        "Operating Revenue": 800700000.0
    }
}