{
    "2023-03-31": {
        "Tax Effect Of Unusual Items": NaN,
        "Tax Rate For Calcs": NaN,
        "Normalized EBITDA": NaN,
        "Total Unusual Items": NaN,
        "Total Unusual Items Excluding Goodwill": NaN,
        "Net Income From Continuing Operation Net Minority Interest": NaN,
        "Reconciled Depreciation": NaN,
        "Reconciled Cost Of Revenue": NaN,
        "EBITDA": NaN,
        "EBIT": NaN,
        "Net Interest Income": NaN,
        "Interest Expense": NaN,
        "Normalized Income": NaN,
        "Net Income From Continuing And Discontinued Operation": NaN,
        "Total Expenses": NaN,
        "Total Operating Income As Reported": NaN,
        "Diluted Average Shares": 11387936.0,
        "Basic Average Shares": 11387936.0,
        "Diluted EPS": -0.004566,
        "Basic EPS": -0.004566,
        "Diluted NI Availto Com Stockholders": NaN,
        "Average Dilution Earnings": NaN,
        "Net Income Common Stockholders": NaN,
        "Net Income": NaN,
        "Minority Interests": NaN,
        "Net Income Including Noncontrolling Interests": NaN,
        "Net Income Continuous Operations": NaN,
        "Tax Provision": NaN,
        "Pretax Income": NaN,
        "Other Income Expense": NaN,
        "Other Non Operating Income Expenses": NaN,
        "Special Income Charges": NaN,
        "Net Non Operating Interest Income Expense": NaN,
        "Interest Expense Non Operating": NaN,
        "Operating Income": NaN,
        "Operating Expense": NaN,
        "Selling General And Administration": NaN,
        "General And Administrative Expense": NaN,
        "Other Gand A": NaN,
        "Salaries And Wages": NaN,
        "Gross Profit": NaN,
        "Cost Of Revenue": NaN,
        "Total Revenue": NaN,
        "Operating Revenue": NaN
    },
    "2022-12-31": {
        "Tax Effect Of Unusual Items": NaN,
        "Tax Rate For Calcs": NaN,
        "Normalized EBITDA": NaN,
        "Total Unusual Items": 0.0,
        "Total Unusual Items Excluding Goodwill": 0.0,
        "Net Income From Continuing Operation Net Minority Interest": NaN,
        "Reconciled Depreciation": NaN,
        "Reconciled Cost Of Revenue": NaN,
        "EBITDA": NaN,
        "EBIT": NaN,
        "Net Interest Income": NaN,
        "Interest Expense": NaN,
        "Normalized Income": NaN,
        "Net Income From Continuing And Discontinued Operation": NaN,
        "Total Expenses": NaN,
        "Total Operating Income As Reported": NaN,
        "Diluted Average Shares": NaN,
        "Basic Average Shares": NaN,
        "Diluted EPS": NaN,
        "Basic EPS": NaN,
        "Diluted NI Availto Com Stockholders": NaN,
        "Average Dilution Earnings": NaN,
        "Net Income Common Stockholders": NaN,
        "Net Income": NaN,
        "Minority Interests": NaN,
        "Net Income Including Noncontrolling Interests": NaN,
        "Net Income Continuous Operations": NaN,
        "Tax Provision": NaN,
        "Pretax Income": NaN,
        "Other Income Expense": NaN,
        "Other Non Operating Income Expenses": NaN,
        "Special Income Charges": 0.0,
        "Other Special Charges": 0.0,
        "Net Non Operating Interest Income Expense": NaN,
        "Interest Expense Non Operating": NaN,
        "Operating Income": NaN,
        "Operating Expense": NaN,
        "Selling General And Administration": NaN,
        "General And Administrative Expense": NaN,
        "Other Gand A": NaN,
        "Salaries And Wages": NaN,
        "Gross Profit": NaN,
        "Cost Of Revenue": NaN,
        "Total Revenue": NaN,
        "Operating Revenue": NaN
    },
    "2022-09-30": {
        "Tax Effect Of Unusual Items": NaN,
        "Tax Rate For Calcs": NaN,
        "Normalized EBITDA": NaN,
        "Total Unusual Items": 0.0,
        "Total Unusual Items Excluding Goodwill": 0.0,
        "Net Income From Continuing Operation Net Minority Interest": NaN,
        "Reconciled Depreciation": NaN,
        "Reconciled Cost Of Revenue": NaN,
        "EBITDA": NaN,
        "EBIT": NaN,
        "Net Interest Income": NaN,
        "Interest Expense": NaN,
        "Normalized Income": NaN,
        "Net Income From Continuing And Discontinued Operation": NaN,
        "Total Expenses": NaN,
        "Total Operating Income As Reported": NaN,
        "Diluted Average Shares": 96574462.0,
        "Basic Average Shares": 10884306.0,
        "Diluted EPS": 0.05,
        "Basic EPS": 0.06,
        "Diluted NI Availto Com Stockholders": NaN,
        "Average Dilution Earnings": NaN,
        "Net Income Common Stockholders": NaN,
        "Net Income": NaN,
        "Minority Interests": NaN,
        "Net Income Including Noncontrolling Interests": NaN,
        "Net Income Continuous Operations": NaN,
        "Tax Provision": NaN,
        "Pretax Income": NaN,
        "Other Income Expense": NaN,
        "Other Non Operating Income Expenses": NaN,
        "Special Income Charges": 0.0,
        "Other Special Charges": NaN,
        "Net Non Operating Interest Income Expense": NaN,
        "Interest Expense Non Operating": NaN,
        "Operating Income": NaN,
        "Operating Expense": NaN,
        "Selling General And Administration": NaN,
        "General And Administrative Expense": NaN,
        "Other Gand A": NaN,
        "Salaries And Wages": NaN,
        "Gross Profit": NaN,
        "Cost Of Revenue": NaN,
        "Total Revenue": NaN,
        "Operating Revenue": NaN
    },
    "2022-06-30": {
        "Tax Effect Of Unusual Items": -18043.73706,
        "Tax Rate For Calcs": 0.029244,
        "Normalized EBITDA": 6025000.0,
        "Total Unusual Items": -617000.0,
        "Total Unusual Items Excluding Goodwill": -617000.0,
        "Net Income From Continuing Operation Net Minority Interest": 424000.0,
        "Reconciled Depreciation": 398000.0,
        "Reconciled Cost Of Revenue": 50988000.0,
        "EBITDA": 5408000.0,
        "EBIT": 5010000.0,
        "Net Interest Income": -1146000.0,
        "Interest Expense": 1146000.0,
        "Normalized Income": 1022956.26294,
        "Net Income From Continuing And Discontinued Operation": 424000.0,
        "Total Expenses": 103133000.0,
        "Total Operating Income As Reported": 5676000.0,
        "Diluted Average Shares": 96208702.0,
        "Basic Average Shares": 10810627.0,
        "Diluted EPS": 0.03,
        "Basic EPS": 0.04,
        "Diluted NI Availto Com Stockholders": 2901000.0,
        "Average Dilution Earnings": 2477000.0,
        "Net Income Common Stockholders": 424000.0,
        "Net Income": 424000.0,
        "Minority Interests": -3327000.0,
        "Net Income Including Noncontrolling Interests": 3751000.0,
        "Net Income Continuous Operations": 3751000.0,
        "Tax Provision": 113000.0,
        "Pretax Income": 3864000.0,
        "Other Income Expense": -666000.0,
        "Other Non Operating Income Expenses": -49000.0,
        "Special Income Charges": -617000.0,
        "Other Special Charges": 617000.0,
        "Net Non Operating Interest Income Expense": -1146000.0,
        "Interest Expense Non Operating": 1146000.0,
        "Operating Income": 5676000.0,
        "Operating Expense": 52145000.0,
        "Selling General And Administration": 52145000.0,
        "General And Administrative Expense": NaN,
        "Other Gand A": NaN,
        "Salaries And Wages": NaN,
        "Gross Profit": 57821000.0,
        "Cost Of Revenue": 50988000.0,
        "Total Revenue": 108809000.0,
        "Operating Revenue": 108809000.0
    },
    "2022-03-31": {
        "Diluted EPS": 0.03,
        "Total Revenue": 100,
        "Gross Profit": 50,
        "Operating Income": 5,
        "EBIT": 6,
        "Net Income": 0
    },
    "2021-12-31": {
        "Diluted EPS": 0.09,
        "Total Revenue": 122,
        "Gross Profit": 62,
        "Operating Income": 13,
        "EBIT": 14,
        "Net Income": -1
    },
    "2021-09-30": {
        "Diluted EPS": 0.01,
        "Total Revenue": 95,
        "Gross Profit": 48,
        "Operating Income": 10,
        "EBIT": 11,
        "Net Income": 0
    },
    "2021-06-30": {
        "Diluted EPS": 0.0,
        "Total Revenue": 92,
        "Gross Profit": 45,
        "Operating Income": 12,
        "EBIT": 13,
        "Net Income": NaN
    },
    "2021-03-31": {
        "Diluted EPS": 0.0,
        "Total Revenue": 71,
        "Gross Profit": 32,
        "Operating Income": 5,
        "EBIT": 6,
        "Net Income": 2
    },
    "2020-12-31": {
        "Diluted EPS": 0.0,
        "Total Revenue": NaN,
        "Gross Profit": NaN,
        "Operating Income": NaN,
        "EBIT": NaN,
        "Net Income": NaN
    },
    "2020-09-30": {
        "Diluted EPS": 0.0,
        "Total Revenue": 71,
        "Gross Profit": 31,
        "Operating Income": 9,
        "EBIT": 9,
        "Net Income": 8
    },
    "2019-12-31": {
        "Diluted EPS": 0.0,
        "Total Revenue": NaN,
        "Gross Profit": NaN,
        "Operating Income": NaN,
        "EBIT": NaN,
        "Net Income": NaN
    },
    "2023-06-30": {
        "Tax Effect Of Unusual Items": NaN,
        "Tax Rate For Calcs": NaN,
        "Normalized EBITDA": NaN,
        "Total Unusual Items": 0.0,
        "Total Unusual Items Excluding Goodwill": 0.0,
        "Net Income From Continuing Operation Net Minority Interest": NaN,
        "Reconciled Depreciation": NaN,
        "Reconciled Cost Of Revenue": NaN,
        "EBITDA": NaN,
        "EBIT": NaN,
        "Net Interest Income": NaN,
        "Interest Expense": NaN,
        "Normalized Income": NaN,
        "Net Income From Continuing And Discontinued Operation": NaN,
        "Total Expenses": NaN,
        "Total Operating Income As Reported": NaN,
        "Diluted Average Shares": 96889854.0,
        "Basic Average Shares": 11796639.0,
        "Diluted EPS": 0.01,
        "Basic EPS": 0.01,
        "Diluted NI Availto Com Stockholders": NaN,
        "Average Dilution Earnings": NaN,
        "Net Income Common Stockholders": NaN,
        "Net Income": NaN,
        "Minority Interests": NaN,
        "Net Income Including Noncontrolling Interests": NaN,
        "Net Income Continuous Operations": NaN,
        "Tax Provision": NaN,
        "Pretax Income": NaN,
        "Other Income Expense": NaN,
        "Other Non Operating Income Expenses": NaN,
        "Special Income Charges": 0.0,
        "Net Non Operating Interest Income Expense": NaN,
        "Interest Expense Non Operating": NaN,
        "Operating Income": NaN,
        "Operating Expense": NaN,
        "Selling General And Administration": NaN,
        "General And Administrative Expense": 62129000.0,
        "Other Gand A": 59729000.0,
        "Salaries And Wages": 2400000.0,
        "Gross Profit": NaN,
        "Cost Of Revenue": NaN,
        "Total Revenue": NaN,
        "Operating Revenue": NaN
    },
    "2023-09-30": {
        "Tax Effect Of Unusual Items": 0.0,
        "Tax Rate For Calcs": 0.045389,
        "Normalized EBITDA": 4520000.0,
        "Total Unusual Items": 0.0,
        "Total Unusual Items Excluding Goodwill": 0.0,
        "Net Income From Continuing Operation Net Minority Interest": 245000.0,
        "Reconciled Depreciation": 1105000.0,
        "Reconciled Cost Of Revenue": 47327000.0,
        "EBITDA": 4520000.0,
        "EBIT": 3415000.0,
        "Net Interest Income": -1322000.0,
        "Interest Expense": 1322000.0,
        "Normalized Income": 245000.0,
        "Net Income From Continuing And Discontinued Operation": 245000.0,
        "Total Expenses": 112140000.0,
        "Total Operating Income As Reported": 2014000.0,
        "Diluted Average Shares": 97194920.0,
        "Basic Average Shares": 12149770.0,
        "Diluted EPS": 0.02,
        "Basic EPS": 0.02,
        "Diluted NI Availto Com Stockholders": 1544000.0,
        "Average Dilution Earnings": 1299000.0,
        "Net Income Common Stockholders": 245000.0,
        "Net Income": 245000.0,
        "Minority Interests": -1753000.0,
        "Net Income Including Noncontrolling Interests": 1998000.0,
        "Net Income Continuous Operations": 1998000.0,
        "Tax Provision": 95000.0,
        "Pretax Income": 2093000.0,
        "Other Income Expense": 1401000.0,
        "Other Non Operating Income Expenses": 1401000.0,
        "Special Income Charges": 0.0,
        "Net Non Operating Interest Income Expense": -1322000.0,
        "Interest Expense Non Operating": 1322000.0,
        "Operating Income": 2014000.0,
        "Operating Expense": 64813000.0,
        "Selling General And Administration": 64813000.0,
        "General And Administrative Expense": NaN,
        "Other Gand A": NaN,
        "Salaries And Wages": NaN,
        "Gross Profit": 66827000.0,
        "Cost Of Revenue": 47327000.0,
        "Total Revenue": 114154000.0,
        "Operating Revenue": 114154000.0
    },
    "2023-12-31": {
        "Tax Effect Of Unusual Items": 0.0,
        "Tax Rate For Calcs": 0.21,
        "Normalized EBITDA": 3915000.0,
        "Total Unusual Items": 0.0,
        "Total Unusual Items Excluding Goodwill": 0.0,
        "Net Income From Continuing Operation Net Minority Interest": 243000.0,
        "Reconciled Depreciation": 1204000.0,
        "Reconciled Cost Of Revenue": 51338000.0,
        "EBITDA": 3915000.0,
        "EBIT": 2711000.0,
        "Net Interest Income": -1320000.0,
        "Interest Expense": 1320000.0,
        "Normalized Income": 243000.0,
        "Net Income From Continuing And Discontinued Operation": 243000.0,
        "Total Expenses": 123148000.0,
        "Total Operating Income As Reported": 1198000.0,
        "Diluted Average Shares": NaN,
        "Basic Average Shares": NaN,
        "Diluted EPS": NaN,
        "Basic EPS": NaN,
        "Diluted NI Availto Com Stockholders": 1494000.0,
        "Average Dilution Earnings": 1251000.0,
        "Net Income Common Stockholders": 243000.0,
        "Net Income": 243000.0,
        "Minority Interests": -1698000.0,
        "Net Income Including Noncontrolling Interests": 1941000.0,
        "Net Income Continuous Operations": 1941000.0,
        "Tax Provision": -550000.0,
        "Pretax Income": 1391000.0,
        "Other Income Expense": 1513000.0,
        "Other Non Operating Income Expenses": 1513000.0,
        "Special Income Charges": 0.0,
        "Net Non Operating Interest Income Expense": -1320000.0,
        "Interest Expense Non Operating": 1320000.0,
        "Operating Income": 1198000.0,
        "Operating Expense": 71810000.0,
        "Selling General And Administration": 71810000.0,
        "General And Administrative Expense": NaN,
        "Other Gand A": NaN,
        "Salaries And Wages": NaN,
        "Gross Profit": 73008000.0,
        "Cost Of Revenue": 51338000.0,
        "Total Revenue": 124346000.0,
        "Operating Revenue": 124346000.0
    },
    "2024-03-31": {
        "Tax Effect Of Unusual Items": 0.0,
        "Tax Rate For Calcs": 0.064,
        "Normalized EBITDA": 3557000.0,
        "Total Unusual Items": NaN,
        "Total Unusual Items Excluding Goodwill": NaN,
        "Net Income From Continuing Operation Net Minority Interest": 139000.0,
        "Reconciled Depreciation": 1203000.0,
        "Reconciled Cost Of Revenue": 39031000.0,
        "EBITDA": 3557000.0,
        "EBIT": 2354000.0,
        "Net Interest Income": -1214000.0,
        "Interest Expense": 1214000.0,
        "Normalized Income": 139000.0,
        "Net Income From Continuing And Discontinued Operation": 139000.0,
        "Total Expenses": 96460000.0,
        "Total Operating Income As Reported": 877000.0,
        "Diluted Average Shares": 97850288.0,
        "Basic Average Shares": 12736014.0,
        "Diluted EPS": 0.01,
        "Basic EPS": 0.01,
        "Diluted NI Availto Com Stockholders": 830000.0,
        "Average Dilution Earnings": 691000.0,
        "Net Income Common Stockholders": 139000.0,
        "Net Income": 139000.0,
        "Minority Interests": -928000.0,
        "Net Income Including Noncontrolling Interests": 1067000.0,
        "Net Income Continuous Operations": 1067000.0,
        "Tax Provision": 73000.0,
        "Pretax Income": 1140000.0,
        "Other Income Expense": 1477000.0,
        "Other Non Operating Income Expenses": 1477000.0,
        "Special Income Charges": NaN,
        "Net Non Operating Interest Income Expense": -1214000.0,
        "Interest Expense Non Operating": 1214000.0,
        "Operating Income": 877000.0,
        "Operating Expense": 57429000.0,
        "Selling General And Administration": 57429000.0,
        "General And Administrative Expense": NaN,
        "Other Gand A": NaN,
        "Salaries And Wages": NaN,
        "Gross Profit": 58306000.0,
        "Cost Of Revenue": 39031000.0,
        "Total Revenue": 97337000.0,
        "Operating Revenue": 97337000.0
    },
    "2024-06-30": {
        "Tax Effect Of Unusual Items": 0.0,
        "Tax Rate For Calcs": 0.21,
        "Normalized EBITDA": 3908000.0,
        "Total Unusual Items": NaN,
        "Total Unusual Items Excluding Goodwill": NaN,
        "Net Income From Continuing Operation Net Minority Interest": 185000.0,
        "Reconciled Depreciation": 1302000.0,
        "Reconciled Cost Of Revenue": 41349000.0,
        "EBITDA": 3908000.0,
        "EBIT": 2606000.0,
        "Net Interest Income": -1293000.0,
        "Interest Expense": 1293000.0,
        "Normalized Income": 185000.0,
        "Net Income From Continuing And Discontinued Operation": 185000.0,
        "Total Expenses": 104294000.0,
        "Total Operating Income As Reported": 1132000.0,
        "Diluted Average Shares": 98228854.0,
        "Basic Average Shares": 13182880.0,
        "Diluted EPS": 0.01,
        "Basic EPS": 0.01,
        "Diluted NI Availto Com Stockholders": 1071000.0,
        "Average Dilution Earnings": 886000.0,
        "Net Income Common Stockholders": 185000.0,
        "Net Income": 185000.0,
        "Minority Interests": -1190000.0,
        "Net Income Including Noncontrolling Interests": 1375000.0,
        "Net Income Continuous Operations": 1375000.0,
        "Tax Provision": -62000.0,
        "Pretax Income": 1313000.0,
        "Other Income Expense": 1474000.0,
        "Other Non Operating Income Expenses": 1474000.0,
        "Special Income Charges": NaN,
        "Net Non Operating Interest Income Expense": -1293000.0,
        "Interest Expense Non Operating": 1293000.0,
        "Operating Income": 1132000.0,
        "Operating Expense": 62945000.0,
        "Selling General And Administration": 62945000.0,
        "General And Administrative Expense": NaN,
        "Other Gand A": NaN,
        "Salaries And Wages": NaN,
        "Gross Profit": 64077000.0,
        "Cost Of Revenue": 41349000.0,
        "Total Revenue": 105426000.0,
        "Operating Revenue": 105426000.0
    },
    "2024-09-30": {
        "Tax Effect Of Unusual Items": 0.0,
        "Tax Rate For Calcs": 0.21,
        "Normalized EBITDA": 1797000.0,
        "Total Unusual Items": NaN,
        "Total Unusual Items Excluding Goodwill": NaN,
        "Net Income From Continuing Operation Net Minority Interest": -141000.0,
        "Reconciled Depreciation": 1341000.0,
        "Reconciled Cost Of Revenue": 39103000.0,
        "EBITDA": 1797000.0,
        "EBIT": 456000.0,
        "Net Interest Income": -1320000.0,
        "Interest Expense": 1320000.0,
        "Normalized Income": -141000.0,
        "Net Income From Continuing And Discontinued Operation": -141000.0,
        "Total Expenses": 100942000.0,
        "Total Operating Income As Reported": -1069000.0,
        "Diluted Average Shares": 13545256.0,
        "Basic Average Shares": 13545256.0,
        "Diluted EPS": -0.01,
        "Basic EPS": -0.01,
        "Diluted NI Availto Com Stockholders": -836000.0,
        "Average Dilution Earnings": -695000.0,
        "Net Income Common Stockholders": -141000.0,
        "Net Income": -141000.0,
        "Minority Interests": 934000.0,
        "Net Income Including Noncontrolling Interests": -1075000.0,
        "Net Income Continuous Operations": -1075000.0,
        "Tax Provision": 211000.0,
        "Pretax Income": -864000.0,
        "Other Income Expense": 1525000.0,
        "Other Non Operating Income Expenses": 1525000.0,
        "Special Income Charges": NaN,
        "Net Non Operating Interest Income Expense": -1320000.0,
        "Interest Expense Non Operating": 1320000.0,
        "Operating Income": -1069000.0,
        "Operating Expense": 61839000.0,
        "Selling General And Administration": 61839000.0,
        "General And Administrative Expense": NaN,
        "Other Gand A": NaN,
        "Salaries And Wages": NaN,
        "Gross Profit": 60770000.0,
        "Cost Of Revenue": 39103000.0,
        "Total Revenue": 99873000.0,
        "Operating Revenue": 99873000.0
    }
}