{
    "2023-03-31": {
        "Tax Effect Of Unusual Items": 0.0,
        "Tax Rate For Calcs": 0.4,
        "Normalized EBITDA": 1075000.0,
        "Net Income From Continuing Operation Net Minority Interest": -3842000.0,
        "Reconciled Depreciation": 14779000.0,
        "Reconciled Cost Of Revenue": 151523000.0,
        "EBITDA": 1075000.0,
        "EBIT": 1075000.0,
        "Net Interest Income": -7886000.0,
        "Interest Expense": 7886000.0,
        "Normalized Income": -3842000.0,
        "Net Income From Continuing And Discontinued Operation": -3842000.0,
        "Total Expenses": 197499000.0,
        "Total Operating Income As Reported": -232000.0,
        "Diluted Average Shares": 56664000.0,
        "Basic Average Shares": 56664000.0,
        "Diluted EPS": -0.07,
        "Basic EPS": -0.07,
        "Diluted NI Availto Com Stockholders": -3842000.0,
        "Net Income Common Stockholders": -3842000.0,
        "Otherunder Preferred Stock Dividend": NaN,
        "Net Income": -3842000.0,
        "Minority Interests": 5549000.0,
        "Net Income Including Noncontrolling Interests": -9391000.0,
        "Net Income Continuous Operations": -9391000.0,
        "Tax Provision": 2580000.0,
        "Pretax Income": -6811000.0,
        "Other Income Expense": 1307000.0,
        "Other Non Operating Income Expenses": 1307000.0,
        "Net Non Operating Interest Income Expense": -7886000.0,
        "Interest Expense Non Operating": 7886000.0,
        "Operating Income": -232000.0,
        "Operating Expense": 45976000.0,
        "Selling General And Administration": 45976000.0,
        "Gross Profit": 45744000.0,
        "Cost Of Revenue": 151523000.0,
        "Total Revenue": 197267000.0,
        "Operating Revenue": 197267000.0
    },
    "2022-12-31": {
        "Tax Effect Of Unusual Items": 0.0,
        "Tax Rate For Calcs": 0.4,
        "Normalized EBITDA": 9404000.0,
        "Net Income From Continuing Operation Net Minority Interest": -663000.0,
        "Reconciled Depreciation": 13197000.0,
        "Reconciled Cost Of Revenue": 147467000.0,
        "EBITDA": 9404000.0,
        "EBIT": 9404000.0,
        "Net Interest Income": -6922000.0,
        "Interest Expense": 6922000.0,
        "Normalized Income": -663000.0,
        "Net Income From Continuing And Discontinued Operation": -663000.0,
        "Total Expenses": 198061000.0,
        "Total Operating Income As Reported": 3766000.0,
        "Diluted Average Shares": 55327000.0,
        "Basic Average Shares": 55327000.0,
        "Diluted EPS": -0.01,
        "Basic EPS": -0.01,
        "Diluted NI Availto Com Stockholders": -663000.0,
        "Net Income Common Stockholders": -663000.0,
        "Otherunder Preferred Stock Dividend": 0.0,
        "Net Income": -663000.0,
        "Minority Interests": 2154000.0,
        "Net Income Including Noncontrolling Interests": -2817000.0,
        "Net Income Continuous Operations": -2817000.0,
        "Tax Provision": 5299000.0,
        "Pretax Income": 2482000.0,
        "Other Income Expense": 5638000.0,
        "Other Non Operating Income Expenses": 5638000.0,
        "Net Non Operating Interest Income Expense": -6922000.0,
        "Interest Expense Non Operating": 6922000.0,
        "Operating Income": 3766000.0,
        "Operating Expense": 50594000.0,
        "Selling General And Administration": 50594000.0,
        "Gross Profit": 54360000.0,
        "Cost Of Revenue": 147467000.0,
        "Total Revenue": 201827000.0,
        "Operating Revenue": 201827000.0
    },
    "2022-09-30": {
        "Tax Effect Of Unusual Items": 0.0,
        "Tax Rate For Calcs": 0.4,
        "Normalized EBITDA": 3234000.0,
        "Net Income From Continuing Operation Net Minority Interest": 1763000.0,
        "Reconciled Depreciation": 11810000.0,
        "Reconciled Cost Of Revenue": 148092000.0,
        "EBITDA": 3234000.0,
        "EBIT": 3234000.0,
        "Net Interest Income": -5011000.0,
        "Interest Expense": 5011000.0,
        "Normalized Income": 1763000.0,
        "Net Income From Continuing And Discontinued Operation": 1763000.0,
        "Total Expenses": 193470000.0,
        "Total Operating Income As Reported": 5178000.0,
        "Diluted Average Shares": 54418000.0,
        "Basic Average Shares": 53118000.0,
        "Diluted EPS": 0.03,
        "Basic EPS": 0.03,
        "Diluted NI Availto Com Stockholders": 1763000.0,
        "Net Income Common Stockholders": 1763000.0,
        "Otherunder Preferred Stock Dividend": 0.0,
        "Net Income": 1763000.0,
        "Minority Interests": 169000.0,
        "Net Income Including Noncontrolling Interests": 1594000.0,
        "Net Income Continuous Operations": 1594000.0,
        "Tax Provision": -3371000.0,
        "Pretax Income": -1777000.0,
        "Other Income Expense": -1944000.0,
        "Other Non Operating Income Expenses": -1944000.0,
        "Net Non Operating Interest Income Expense": -5011000.0,
        "Interest Expense Non Operating": 5011000.0,
        "Operating Income": 5178000.0,
        "Operating Expense": 45378000.0,
        "Selling General And Administration": 45378000.0,
        "Gross Profit": 50556000.0,
        "Cost Of Revenue": 148092000.0,
        "Total Revenue": 198648000.0,
        "Operating Revenue": 198648000.0
    },
    "2022-06-30": {
        "Tax Effect Of Unusual Items": 0.0,
        "Tax Rate For Calcs": 0.4,
        "Normalized EBITDA": 2730000.0,
        "Net Income From Continuing Operation Net Minority Interest": -906000.0,
        "Reconciled Depreciation": 10539000.0,
        "Reconciled Cost Of Revenue": 141370000.0,
        "EBITDA": 2730000.0,
        "EBIT": 2730000.0,
        "Net Interest Income": -3596000.0,
        "Interest Expense": 3596000.0,
        "Normalized Income": -906000.0,
        "Net Income From Continuing And Discontinued Operation": -906000.0,
        "Total Expenses": 183712000.0,
        "Total Operating Income As Reported": 2669000.0,
        "Diluted Average Shares": 50926000.0,
        "Basic Average Shares": 50926000.0,
        "Diluted EPS": -0.02,
        "Basic EPS": -0.02,
        "Diluted NI Availto Com Stockholders": -906000.0,
        "Net Income Common Stockholders": -906000.0,
        "Otherunder Preferred Stock Dividend": 0.0,
        "Net Income": -906000.0,
        "Minority Interests": 845000.0,
        "Net Income Including Noncontrolling Interests": -1751000.0,
        "Net Income Continuous Operations": -1751000.0,
        "Tax Provision": 885000.0,
        "Pretax Income": -866000.0,
        "Other Income Expense": 61000.0,
        "Other Non Operating Income Expenses": 61000.0,
        "Net Non Operating Interest Income Expense": -3596000.0,
        "Interest Expense Non Operating": 3596000.0,
        "Operating Income": 2669000.0,
        "Operating Expense": 42342000.0,
        "Selling General And Administration": 42342000.0,
        "Gross Profit": 45011000.0,
        "Cost Of Revenue": 141370000.0,
        "Total Revenue": 186381000.0,
        "Operating Revenue": 186381000.0
    },
    "2022-03-31": {
        "Diluted EPS": -0.1,
        "Total Revenue": 152,
        "Gross Profit": 31,
        "Operating Income": -14,
        "EBIT": -5,
        "Net Income": -5
    },
    "2021-12-31": {
        "Diluted EPS": -0.04,
        "Total Revenue": 140,
        "Gross Profit": 34,
        "Operating Income": -7,
        "EBIT": 0,
        "Net Income": -2
    },
    "2021-09-30": {
        "Diluted EPS": -0.24,
        "Total Revenue": 130,
        "Gross Profit": 39,
        "Operating Income": -115,
        "EBIT": -108,
        "Net Income": -11
    },
    "2021-06-30": {
        "Diluted EPS": 0.0,
        "Total Revenue": 129,
        "Gross Profit": 48,
        "Operating Income": 14,
        "EBIT": 20,
        "Net Income": NaN
    },
    "2021-03-31": {
        "Diluted EPS": 0.0,
        "Total Revenue": 99,
        "Gross Profit": 32,
        "Operating Income": -4,
        "EBIT": 2,
        "Net Income": NaN
    },
    "2020-12-31": {
        "Diluted EPS": 0.0,
        "Total Revenue": NaN,
        "Gross Profit": NaN,
        "Operating Income": NaN,
        "EBIT": NaN,
        "Net Income": NaN
    },
    "2020-09-30": {
        "Diluted EPS": 0.0,
        "Total Revenue": 87,
        "Gross Profit": 34,
        "Operating Income": 8,
        "EBIT": 12,
        "Net Income": 7
    },
    "2020-06-30": {
        "Diluted EPS": 0.0,
        "Total Revenue": NaN,
        "Gross Profit": NaN,
        "Operating Income": NaN,
        "EBIT": NaN,
        "Net Income": NaN
    },
    "2019-12-31": {
        "Diluted EPS": 0.0,
        "Total Revenue": NaN,
        "Gross Profit": NaN,
        "Operating Income": NaN,
        "EBIT": NaN,
        "Net Income": NaN
    },
    "2023-06-30": {
        "Tax Effect Of Unusual Items": 0.0,
        "Tax Rate For Calcs": 0.160093,
        "Normalized EBITDA": 20620000.0,
        "Net Income From Continuing Operation Net Minority Interest": 2752000.0,
        "Reconciled Depreciation": 16516000.0,
        "Reconciled Cost Of Revenue": 178636000.0,
        "EBITDA": 20620000.0,
        "EBIT": 20620000.0,
        "Net Interest Income": -9058000.0,
        "Interest Expense": 9058000.0,
        "Normalized Income": 2752000.0,
        "Net Income From Continuing And Discontinued Operation": 2752000.0,
        "Total Expenses": 230298000.0,
        "Total Operating Income As Reported": 19581000.0,
        "Diluted Average Shares": 57428000.0,
        "Basic Average Shares": 56734000.0,
        "Diluted EPS": 0.05,
        "Basic EPS": 0.05,
        "Diluted NI Availto Com Stockholders": 2752000.0,
        "Net Income Common Stockholders": 2752000.0,
        "Otherunder Preferred Stock Dividend": NaN,
        "Net Income": 2752000.0,
        "Minority Interests": -6959000.0,
        "Net Income Including Noncontrolling Interests": 9711000.0,
        "Net Income Continuous Operations": 9711000.0,
        "Tax Provision": 1851000.0,
        "Pretax Income": 11562000.0,
        "Other Income Expense": 1039000.0,
        "Other Non Operating Income Expenses": 1039000.0,
        "Net Non Operating Interest Income Expense": -9058000.0,
        "Interest Expense Non Operating": 9058000.0,
        "Operating Income": 19581000.0,
        "Operating Expense": 51662000.0,
        "Selling General And Administration": 51662000.0,
        "Gross Profit": 71243000.0,
        "Cost Of Revenue": 178636000.0,
        "Total Revenue": 249879000.0,
        "Operating Revenue": 249879000.0
    }
}