{
    "2022-06-30": {
        "Diluted EPS": 0.0,
        "Total Revenue": NaN,
        "Gross Profit": NaN,
        "Operating Income": NaN,
        "Net Income": NaN
    },
    "2018-12-31": {
        "Diluted EPS": -37.12,
        "Total Revenue": -14,
        "Gross Profit": -26,
        "Operating Income": -71,
        "EBIT": -71,
        "Net Income": -72
    },
    "2018-09-30": {
        "Diluted EPS": -1.44,
        "Total Revenue": 28,
        "Gross Profit": 4,
        "Operating Income": -1,
        "EBIT": -1,
        "Net Income": -3
    },
    "2018-06-30": {
        "Diluted EPS": 1.12,
        "Total Revenue": 56,
        "Gross Profit": 8,
        "Operating Income": 2,
        "EBIT": 2,
        "Net Income": 2
    },
    "2018-03-31": {
        "Diluted EPS": 0.64,
        "Total Revenue": 58,
        "Gross Profit": 9,
        "Operating Income": 3,
        "EBIT": 3,
        "Net Income": 1
    },
    "2017-12-31": {
        "Diluted EPS": 0.8,
        "Total Revenue": 25,
        "Gross Profit": 1,
        "Operating Income": 2,
        "EBIT": 2,
        "Net Income": 0
    },
    "2017-09-30": {
        "Diluted EPS": -19.36,
        "Total Revenue": 44,
        "Gross Profit": 8,
        "Operating Income": -11,
        "EBIT": -11,
        "Net Income": -18
    },
    "2017-06-30": {
        "Diluted EPS": -4.96,
        "Total Revenue": 22,
        "Gross Profit": 6,
        "Operating Income": 0,
        "EBIT": 0,
        "Net Income": -1
    },
    "2017-03-31": {
        "Diluted EPS": -0.8,
        "Total Revenue": 31,
        "Gross Profit": 4,
        "Operating Income": 1,
        "EBIT": 1,
        "Net Income": 0
    },
    "2016-12-31": {
        "Diluted EPS": 0.0,
        "Total Revenue": NaN,
        "Gross Profit": NaN,
        "Operating Income": NaN,
        "EBIT": NaN,
        "Net Income": NaN
    },
    "2016-09-30": {
        "Diluted EPS": -7.84,
        "Total Revenue": 27,
        "Gross Profit": 5,
        "Operating Income": -1,
        "EBIT": -1,
        "Net Income": -2
    }
}