{
    "2023-06-30": {
        "Tax Effect Of Unusual Items": 0.0,
        "Tax Rate For Calcs": 0.199137,
        "Net Income From Continuing Operation Net Minority Interest": 856641.0,
        "Reconciled Depreciation": 95988.0,
        "Net Interest Income": 4293380.0,
        "Interest Expense": 5113823.0,
        "Interest Income": 9407203.0,
        "Normalized Income": 856641.0,
        "Net Income From Continuing And Discontinued Operation": 856641.0,
        "Diluted Average Shares": 13081158.0,
        "Basic Average Shares": 13079302.0,
        "Diluted EPS": 0.07,
        "Basic EPS": 0.07,
        "Diluted NI Availto Com Stockholders": 856641.0,
        "Net Income Common Stockholders": 856641.0,
        "Net Income": 856641.0,
        "Net Income Including Noncontrolling Interests": 856641.0,
        "Net Income Continuous Operations": 856641.0,
        "Tax Provision": 213007.0,
        "Pretax Income": 1069648.0,
        "Selling General And Administration": 2683776.0,
        "Selling And Marketing Expense": 96083.0,
        "General And Administrative Expense": 2587693.0,
        "Insurance And Claims": 127119.0,
        "Salaries And Wages": 2460574.0,
        "Total Revenue": 4576856.0,
        "Operating Revenue": 4576856.0,
        "Occupancy And Equipment": 358757.0,
        "Professional Expense And Contract Services Expense": 114018.0,
        "Other Non Interest Expense": 475657.0
    },
    "2023-03-31": {
        "Tax Effect Of Unusual Items": 0.0,
        "Tax Rate For Calcs": 0.230918,
        "Total Unusual Items": NaN,
        "Total Unusual Items Excluding Goodwill": NaN,
        "Net Income From Continuing Operation Net Minority Interest": 992707.0,
        "Reconciled Depreciation": 96181.0,
        "Net Interest Income": 4524838.0,
        "Interest Expense": 4492351.0,
        "Interest Income": 9017189.0,
        "Normalized Income": 992707.0,
        "Net Income From Continuing And Discontinued Operation": 992707.0,
        "Diluted Average Shares": 13055533.0,
        "Basic Average Shares": 13013492.0,
        "Diluted EPS": 0.08,
        "Basic EPS": 0.08,
        "Diluted NI Availto Com Stockholders": 992707.0,
        "Net Income Common Stockholders": 992707.0,
        "Net Income": 992707.0,
        "Net Income Including Noncontrolling Interests": 992707.0,
        "Net Income Continuous Operations": 992707.0,
        "Tax Provision": 298062.0,
        "Pretax Income": 1290769.0,
        "Special Income Charges": NaN,
        "Restructuring And Mergern Acquisition": NaN,
        "Selling General And Administration": 2529006.0,
        "Selling And Marketing Expense": 147300.0,
        "General And Administrative Expense": 2381706.0,
        "Insurance And Claims": 60000.0,
        "Salaries And Wages": 2321706.0,
        "Total Revenue": 4808117.0,
        "Operating Revenue": 4808117.0,
        "Occupancy And Equipment": 382787.0,
        "Professional Expense And Contract Services Expense": 149250.0,
        "Other Non Interest Expense": 456305.0
    },
    "2022-12-31": {
        "Tax Effect Of Unusual Items": NaN,
        "Tax Rate For Calcs": NaN,
        "Total Unusual Items": 0.0,
        "Total Unusual Items Excluding Goodwill": 0.0,
        "Net Income From Continuing Operation Net Minority Interest": NaN,
        "Reconciled Depreciation": NaN,
        "Net Interest Income": NaN,
        "Interest Expense": NaN,
        "Interest Income": NaN,
        "Normalized Income": NaN,
        "Net Income From Continuing And Discontinued Operation": NaN,
        "Diluted Average Shares": NaN,
        "Basic Average Shares": NaN,
        "Diluted EPS": NaN,
        "Basic EPS": NaN,
        "Diluted NI Availto Com Stockholders": NaN,
        "Net Income Common Stockholders": NaN,
        "Net Income": NaN,
        "Net Income Including Noncontrolling Interests": NaN,
        "Net Income Continuous Operations": NaN,
        "Tax Provision": NaN,
        "Pretax Income": NaN,
        "Special Income Charges": 0.0,
        "Restructuring And Mergern Acquisition": 0.0,
        "Selling General And Administration": NaN,
        "Selling And Marketing Expense": NaN,
        "General And Administrative Expense": NaN,
        "Insurance And Claims": NaN,
        "Salaries And Wages": NaN,
        "Total Revenue": NaN,
        "Operating Revenue": NaN,
        "Occupancy And Equipment": NaN,
        "Professional Expense And Contract Services Expense": NaN,
        "Other Non Interest Expense": NaN
    },
    "2022-09-30": {
        "Tax Effect Of Unusual Items": NaN,
        "Tax Rate For Calcs": NaN,
        "Total Unusual Items": 0.0,
        "Total Unusual Items Excluding Goodwill": 0.0,
        "Net Income From Continuing Operation Net Minority Interest": NaN,
        "Reconciled Depreciation": NaN,
        "Net Interest Income": NaN,
        "Interest Expense": NaN,
        "Interest Income": NaN,
        "Normalized Income": NaN,
        "Net Income From Continuing And Discontinued Operation": NaN,
        "Diluted Average Shares": NaN,
        "Basic Average Shares": NaN,
        "Diluted EPS": NaN,
        "Basic EPS": NaN,
        "Diluted NI Availto Com Stockholders": NaN,
        "Net Income Common Stockholders": NaN,
        "Net Income": NaN,
        "Net Income Including Noncontrolling Interests": NaN,
        "Net Income Continuous Operations": NaN,
        "Tax Provision": NaN,
        "Pretax Income": NaN,
        "Special Income Charges": 0.0,
        "Restructuring And Mergern Acquisition": 0.0,
        "Selling General And Administration": NaN,
        "Selling And Marketing Expense": NaN,
        "General And Administrative Expense": NaN,
        "Other Gand A": 311106.0,
        "Insurance And Claims": NaN,
        "Salaries And Wages": NaN,
        "Total Revenue": NaN,
        "Operating Revenue": NaN
    },
    "2022-06-30": {
        "Tax Effect Of Unusual Items": 0.0,
        "Tax Rate For Calcs": 0.275063,
        "Total Unusual Items": 0.0,
        "Total Unusual Items Excluding Goodwill": 0.0,
        "Net Income From Continuing Operation Net Minority Interest": 1642007.0,
        "Reconciled Depreciation": 36943.0,
        "Net Interest Income": 5705189.0,
        "Interest Expense": 1206011.0,
        "Interest Income": 6911200.0,
        "Normalized Income": 1642007.0,
        "Net Income From Continuing And Discontinued Operation": 1642007.0,
        "Diluted Average Shares": 13701674.0,
        "Basic Average Shares": 13662222.0,
        "Diluted EPS": 0.12,
        "Basic EPS": 0.12,
        "Diluted NI Availto Com Stockholders": 1642007.0,
        "Net Income Common Stockholders": 1642007.0,
        "Net Income": 1642007.0,
        "Net Income Including Noncontrolling Interests": 1642007.0,
        "Net Income Continuous Operations": 1642007.0,
        "Tax Provision": 623027.0,
        "Pretax Income": 2265034.0,
        "Special Income Charges": 0.0,
        "Restructuring And Mergern Acquisition": 0.0,
        "Selling General And Administration": 2447576.0,
        "Selling And Marketing Expense": 91145.0,
        "General And Administrative Expense": 2356431.0,
        "Other Gand A": 330840.0,
        "Insurance And Claims": 54000.0,
        "Salaries And Wages": 2302431.0,
        "Total Revenue": 5958906.0,
        "Operating Revenue": 5958906.0
    },
    "2022-03-31": {
        "Diluted EPS": 0.1,
        "Total Revenue": 7,
        "Gross Profit": 5,
        "Operating Income": 2,
        "EBIT": NaN,
        "Net Income": 1
    },
    "2021-12-31": {
        "Diluted EPS": 0.14,
        "Total Revenue": 7,
        "Gross Profit": 6,
        "Operating Income": 2,
        "EBIT": NaN,
        "Net Income": 2
    },
    "2021-09-30": {
        "Diluted EPS": 0.07,
        "Total Revenue": 7,
        "Gross Profit": 5,
        "Operating Income": 2,
        "EBIT": NaN,
        "Net Income": 1
    },
    "2021-06-30": {
        "Diluted EPS": 0.1,
        "Total Revenue": 7,
        "Gross Profit": 5,
        "Operating Income": 2,
        "EBIT": NaN,
        "Net Income": 1
    },
    "2021-03-31": {
        "Diluted EPS": 0.23,
        "Total Revenue": 9,
        "Gross Profit": 7,
        "Operating Income": 4,
        "EBIT": NaN,
        "Net Income": 3
    },
    "2020-12-31": {
        "Diluted EPS": 0.11,
        "Total Revenue": 6,
        "Gross Profit": 4,
        "Operating Income": 1,
        "EBIT": NaN,
        "Net Income": 1
    },
    "2020-09-30": {
        "Diluted EPS": 0.08,
        "Total Revenue": 6,
        "Gross Profit": 4,
        "Operating Income": 1,
        "EBIT": NaN,
        "Net Income": 1
    },
    "2020-06-30": {
        "Diluted EPS": 0.11,
        "Total Revenue": 7,
        "Gross Profit": 4,
        "Operating Income": 2,
        "EBIT": NaN,
        "Net Income": 1
    },
    "2020-03-31": {
        "Diluted EPS": -0.13,
        "Total Revenue": 6,
        "Gross Profit": 3,
        "Operating Income": -2,
        "EBIT": NaN,
        "Net Income": -1
    },
    "2019-12-31": {
        "Diluted EPS": 0.0,
        "Total Revenue": NaN,
        "Gross Profit": NaN,
        "Operating Income": NaN,
        "EBIT": NaN,
        "Net Income": NaN
    },
    "2019-09-30": {
        "Diluted EPS": 0.0,
        "Total Revenue": 6,
        "Gross Profit": 3,
        "Operating Income": 1,
        "EBIT": NaN,
        "Net Income": 1
    },
    "2023-09-30": {
        "Tax Effect Of Unusual Items": 0.0,
        "Tax Rate For Calcs": 0.21,
        "Net Income From Continuing Operation Net Minority Interest": -29053.0,
        "Reconciled Depreciation": 137886.0,
        "Net Interest Income": 3217327.0,
        "Interest Expense": 6072092.0,
        "Interest Income": 9289419.0,
        "Normalized Income": -29053.0,
        "Net Income From Continuing And Discontinued Operation": -29053.0,
        "Diluted Average Shares": 13037903.0,
        "Basic Average Shares": 12702683.0,
        "Diluted EPS": -0.002287,
        "Basic EPS": -0.002287,
        "Diluted NI Availto Com Stockholders": -29053.0,
        "Net Income Common Stockholders": -29053.0,
        "Net Income": -29053.0,
        "Net Income Including Noncontrolling Interests": -29053.0,
        "Net Income Continuous Operations": -29053.0,
        "Tax Provision": -125268.0,
        "Pretax Income": -154321.0,
        "Selling General And Administration": 2692254.0,
        "Selling And Marketing Expense": 126000.0,
        "General And Administrative Expense": 2566254.0,
        "Insurance And Claims": 132571.0,
        "Salaries And Wages": 2433683.0,
        "Total Revenue": 3507061.0,
        "Operating Revenue": 3507061.0,
        "Occupancy And Equipment": 372626.0,
        "Professional Expense And Contract Services Expense": 149251.0,
        "Other Non Interest Expense": 447251.0
    },
    "2023-12-31": {
        "Tax Effect Of Unusual Items": 0.0,
        "Tax Rate For Calcs": 0.317525,
        "Net Income From Continuing Operation Net Minority Interest": -1177760.0,
        "Reconciled Depreciation": 128345.0,
        "Net Interest Income": 2937925.0,
        "Interest Expense": 6628109.0,
        "Interest Income": 9566034.0,
        "Normalized Income": -1177760.0,
        "Net Income From Continuing And Discontinued Operation": -1177760.0,
        "Diluted Average Shares": 12766872.0,
        "Basic Average Shares": 12766872.0,
        "Diluted EPS": -0.09,
        "Basic EPS": -0.09,
        "Diluted NI Availto Com Stockholders": -1177760.0,
        "Net Income Common Stockholders": -1177760.0,
        "Net Income": -1177760.0,
        "Net Income Including Noncontrolling Interests": -1177760.0,
        "Net Income Continuous Operations": -1177760.0,
        "Tax Provision": -547958.0,
        "Pretax Income": -1725718.0,
        "Selling General And Administration": 3418021.0,
        "Selling And Marketing Expense": 95681.0,
        "General And Administrative Expense": 3322340.0,
        "Insurance And Claims": 98525.0,
        "Salaries And Wages": 3223815.0,
        "Total Revenue": 3220471.0,
        "Operating Revenue": 3220471.0,
        "Occupancy And Equipment": 359937.0,
        "Professional Expense And Contract Services Expense": 248526.0,
        "Other Non Interest Expense": 919705.0
    },
    "2024-03-31": {
        "Tax Effect Of Unusual Items": 0.0,
        "Tax Rate For Calcs": 0.394072,
        "Net Income From Continuing Operation Net Minority Interest": -440980.0,
        "Reconciled Depreciation": 96169.0,
        "Net Interest Income": 2651237.0,
        "Interest Expense": 7409950.0,
        "Interest Income": 10061187.0,
        "Normalized Income": -440980.0,
        "Net Income From Continuing And Discontinued Operation": -440980.0,
        "Diluted Average Shares": 12852930.0,
        "Basic Average Shares": 12852930.0,
        "Diluted EPS": -0.03,
        "Basic EPS": -0.03,
        "Diluted NI Availto Com Stockholders": -440980.0,
        "Net Income Common Stockholders": -440980.0,
        "Net Income": -440980.0,
        "Net Income Including Noncontrolling Interests": -440980.0,
        "Net Income Continuous Operations": -440980.0,
        "Tax Provision": -286796.0,
        "Pretax Income": -727776.0,
        "Selling General And Administration": 2524962.0,
        "Selling And Marketing Expense": 110100.0,
        "General And Administrative Expense": 2414862.0,
        "Insurance And Claims": 100597.0,
        "Salaries And Wages": 2314265.0,
        "Total Revenue": 2950315.0,
        "Operating Revenue": 2950315.0,
        "Occupancy And Equipment": 371117.0,
        "Professional Expense And Contract Services Expense": 196785.0,
        "Other Non Interest Expense": 550227.0
    },
    "2024-06-30": {
        "Tax Effect Of Unusual Items": 0.0,
        "Tax Rate For Calcs": 0.394173,
        "Net Income From Continuing Operation Net Minority Interest": -432479.0,
        "Reconciled Depreciation": 157400.0,
        "Net Interest Income": 2743714.0,
        "Interest Expense": 7730495.0,
        "Interest Income": 10474209.0,
        "Normalized Income": -432479.0,
        "Net Income From Continuing And Discontinued Operation": -432479.0,
        "Diluted Average Shares": 12803925.0,
        "Basic Average Shares": 12803925.0,
        "Diluted EPS": -0.03,
        "Basic EPS": -0.03,
        "Diluted NI Availto Com Stockholders": -432479.0,
        "Net Income Common Stockholders": -432479.0,
        "Net Income": -432479.0,
        "Net Income Including Noncontrolling Interests": -432479.0,
        "Net Income Continuous Operations": -432479.0,
        "Tax Provision": -281386.0,
        "Pretax Income": -713865.0,
        "Selling General And Administration": 2516753.0,
        "Selling And Marketing Expense": 115100.0,
        "General And Administrative Expense": 2401653.0,
        "Insurance And Claims": 106716.0,
        "Salaries And Wages": 2294937.0,
        "Total Revenue": 3046918.0,
        "Operating Revenue": 3046918.0,
        "Occupancy And Equipment": 366908.0,
        "Professional Expense And Contract Services Expense": 260112.0,
        "Other Non Interest Expense": 582010.0
    },
    "2024-09-30": {
        "Tax Effect Of Unusual Items": 0.0,
        "Tax Rate For Calcs": 0.21,
        "Net Income From Continuing Operation Net Minority Interest": -366960.0,
        "Reconciled Depreciation": 168107.0,
        "Net Interest Income": 2657328.0,
        "Interest Expense": 7962934.0,
        "Interest Income": 10620262.0,
        "Normalized Income": -366960.0,
        "Net Income From Continuing And Discontinued Operation": -366960.0,
        "Diluted Average Shares": 12702683.0,
        "Basic Average Shares": 12702683.0,
        "Diluted EPS": -0.03,
        "Basic EPS": -0.03,
        "Diluted NI Availto Com Stockholders": -366960.0,
        "Net Income Common Stockholders": -366960.0,
        "Net Income": -366960.0,
        "Net Income Including Noncontrolling Interests": -366960.0,
        "Net Income Continuous Operations": -366960.0,
        "Tax Provision": -253221.0,
        "Pretax Income": -620181.0,
        "Selling General And Administration": 2454907.0,
        "Selling And Marketing Expense": 85750.0,
        "General And Administrative Expense": 2369157.0,
        "Insurance And Claims": 106313.0,
        "Salaries And Wages": 2262844.0,
        "Total Revenue": 2984713.0,
        "Operating Revenue": 2984713.0,
        "Occupancy And Equipment": 380714.0,
        "Professional Expense And Contract Services Expense": 248420.0,
        "Other Non Interest Expense": 520853.0
    }
}