{
    "2023-03-31": {
        "Tax Effect Of Unusual Items": NaN,
        "Tax Rate For Calcs": NaN,
        "Normalized EBITDA": NaN,
        "Total Unusual Items": NaN,
        "Total Unusual Items Excluding Goodwill": NaN,
        "Net Income From Continuing Operation Net Minority Interest": NaN,
        "Reconciled Depreciation": NaN,
        "Reconciled Cost Of Revenue": NaN,
        "EBITDA": NaN,
        "EBIT": NaN,
        "Net Interest Income": NaN,
        "Interest Expense": NaN,
        "Interest Income": NaN,
        "Normalized Income": NaN,
        "Net Income From Continuing And Discontinued Operation": NaN,
        "Total Expenses": NaN,
        "Total Operating Income As Reported": NaN,
        "Diluted Average Shares": 42710577.0,
        "Basic Average Shares": 41444200.0,
        "Diluted EPS": 0.28,
        "Basic EPS": 0.29,
        "Diluted NI Availto Com Stockholders": NaN,
        "Net Income Common Stockholders": NaN,
        "Net Income": NaN,
        "Minority Interests": NaN,
        "Net Income Including Noncontrolling Interests": NaN,
        "Net Income Continuous Operations": NaN,
        "Tax Provision": NaN,
        "Pretax Income": NaN,
        "Other Income Expense": NaN,
        "Special Income Charges": 0.0,
        "Gain On Sale Of Security": NaN,
        "Net Non Operating Interest Income Expense": NaN,
        "Interest Expense Non Operating": NaN,
        "Interest Income Non Operating": NaN,
        "Operating Income": NaN,
        "Operating Expense": NaN,
        "Depreciation Amortization Depletion Income Statement": NaN,
        "Depreciation And Amortization In Income Statement": NaN,
        "Amortization": NaN,
        "Amortization Of Intangibles Income Statement": NaN,
        "Depreciation Income Statement": NaN,
        "Selling General And Administration": NaN,
        "General And Administrative Expense": NaN,
        "Other Gand A": NaN,
        "Gross Profit": NaN,
        "Cost Of Revenue": NaN,
        "Total Revenue": NaN,
        "Operating Revenue": NaN
    },
    "2022-12-31": {
        "Tax Effect Of Unusual Items": NaN,
        "Tax Rate For Calcs": NaN,
        "Normalized EBITDA": NaN,
        "Total Unusual Items": NaN,
        "Total Unusual Items Excluding Goodwill": NaN,
        "Net Income From Continuing Operation Net Minority Interest": NaN,
        "Reconciled Depreciation": NaN,
        "Reconciled Cost Of Revenue": NaN,
        "EBITDA": NaN,
        "EBIT": NaN,
        "Net Interest Income": NaN,
        "Interest Expense": NaN,
        "Interest Income": NaN,
        "Normalized Income": NaN,
        "Net Income From Continuing And Discontinued Operation": NaN,
        "Total Expenses": NaN,
        "Total Operating Income As Reported": NaN,
        "Diluted Average Shares": NaN,
        "Basic Average Shares": NaN,
        "Diluted EPS": NaN,
        "Basic EPS": NaN,
        "Diluted NI Availto Com Stockholders": NaN,
        "Net Income Common Stockholders": NaN,
        "Net Income": NaN,
        "Minority Interests": NaN,
        "Net Income Including Noncontrolling Interests": NaN,
        "Net Income Discontinuous Operations": 0.0,
        "Net Income Continuous Operations": NaN,
        "Tax Provision": NaN,
        "Pretax Income": NaN,
        "Other Income Expense": NaN,
        "Special Income Charges": 0.0,
        "Gain On Sale Of Business": 0.0,
        "Other Special Charges": 0.0,
        "Earnings From Equity Interest": 0.0,
        "Gain On Sale Of Security": NaN,
        "Net Non Operating Interest Income Expense": NaN,
        "Interest Expense Non Operating": NaN,
        "Interest Income Non Operating": NaN,
        "Operating Income": NaN,
        "Operating Expense": NaN,
        "Depreciation Amortization Depletion Income Statement": NaN,
        "Depreciation And Amortization In Income Statement": NaN,
        "Amortization": 0.0,
        "Amortization Of Intangibles Income Statement": 0.0,
        "Depreciation Income Statement": 3700000.0,
        "Selling General And Administration": NaN,
        "General And Administrative Expense": NaN,
        "Other Gand A": NaN,
        "Gross Profit": NaN,
        "Cost Of Revenue": NaN,
        "Total Revenue": NaN,
        "Operating Revenue": NaN
    },
    "2022-09-30": {
        "Tax Effect Of Unusual Items": NaN,
        "Tax Rate For Calcs": NaN,
        "Normalized EBITDA": NaN,
        "Total Unusual Items": NaN,
        "Total Unusual Items Excluding Goodwill": NaN,
        "Net Income From Continuing Operation Net Minority Interest": NaN,
        "Reconciled Depreciation": NaN,
        "Reconciled Cost Of Revenue": NaN,
        "EBITDA": NaN,
        "EBIT": NaN,
        "Net Interest Income": NaN,
        "Interest Expense": NaN,
        "Interest Income": NaN,
        "Normalized Income": NaN,
        "Net Income From Continuing And Discontinued Operation": NaN,
        "Total Expenses": NaN,
        "Total Operating Income As Reported": NaN,
        "Diluted Average Shares": 42353442.0,
        "Basic Average Shares": 41431729.0,
        "Diluted EPS": 0.42,
        "Basic EPS": 0.43,
        "Diluted NI Availto Com Stockholders": NaN,
        "Net Income Common Stockholders": NaN,
        "Net Income": NaN,
        "Minority Interests": NaN,
        "Net Income Including Noncontrolling Interests": NaN,
        "Net Income Discontinuous Operations": 0.0,
        "Net Income Continuous Operations": NaN,
        "Tax Provision": NaN,
        "Pretax Income": NaN,
        "Other Income Expense": NaN,
        "Special Income Charges": NaN,
        "Gain On Sale Of Business": 0.0,
        "Other Special Charges": NaN,
        "Earnings From Equity Interest": 0.0,
        "Gain On Sale Of Security": NaN,
        "Net Non Operating Interest Income Expense": NaN,
        "Interest Expense Non Operating": NaN,
        "Interest Income Non Operating": NaN,
        "Operating Income": NaN,
        "Operating Expense": NaN,
        "Depreciation Amortization Depletion Income Statement": NaN,
        "Depreciation And Amortization In Income Statement": NaN,
        "Amortization": 100000.0,
        "Amortization Of Intangibles Income Statement": 100000.0,
        "Depreciation Income Statement": 4200000.0,
        "Selling General And Administration": NaN,
        "General And Administrative Expense": NaN,
        "Other Gand A": NaN,
        "Gross Profit": NaN,
        "Cost Of Revenue": NaN,
        "Total Revenue": NaN,
        "Operating Revenue": NaN
    },
    "2022-06-30": {
        "Tax Effect Of Unusual Items": -186900.0,
        "Tax Rate For Calcs": 0.267,
        "Normalized EBITDA": 52100000.0,
        "Total Unusual Items": -700000.0,
        "Total Unusual Items Excluding Goodwill": -700000.0,
        "Net Income From Continuing Operation Net Minority Interest": 28600000.0,
        "Reconciled Depreciation": 5300000.0,
        "Reconciled Cost Of Revenue": 27000000.0,
        "EBITDA": 51400000.0,
        "EBIT": 46100000.0,
        "Net Interest Income": -4700000.0,
        "Interest Expense": 4800000.0,
        "Interest Income": 100000.0,
        "Normalized Income": 29113100.0,
        "Net Income From Continuing And Discontinued Operation": 28600000.0,
        "Total Expenses": 48800000.0,
        "Total Operating Income As Reported": 46700000.0,
        "Diluted Average Shares": 42500000.0,
        "Basic Average Shares": 41400000.0,
        "Diluted EPS": 0.67,
        "Basic EPS": 0.69,
        "Diluted NI Availto Com Stockholders": 28600000.0,
        "Net Income Common Stockholders": 28600000.0,
        "Net Income": 28600000.0,
        "Minority Interests": 0.0,
        "Net Income Including Noncontrolling Interests": 28600000.0,
        "Net Income Discontinuous Operations": 0.0,
        "Net Income Continuous Operations": 28600000.0,
        "Tax Provision": 12700000.0,
        "Pretax Income": 41300000.0,
        "Other Income Expense": -700000.0,
        "Special Income Charges": 0.0,
        "Gain On Sale Of Business": 0.0,
        "Other Special Charges": NaN,
        "Earnings From Equity Interest": 0.0,
        "Gain On Sale Of Security": -700000.0,
        "Net Non Operating Interest Income Expense": -4700000.0,
        "Interest Expense Non Operating": 4800000.0,
        "Interest Income Non Operating": 100000.0,
        "Operating Income": 46700000.0,
        "Operating Expense": 21800000.0,
        "Depreciation Amortization Depletion Income Statement": 5300000.0,
        "Depreciation And Amortization In Income Statement": 5300000.0,
        "Amortization": 0.0,
        "Amortization Of Intangibles Income Statement": 0.0,
        "Depreciation Income Statement": 5300000.0,
        "Selling General And Administration": 16500000.0,
        "General And Administrative Expense": 16500000.0,
        "Other Gand A": 16500000.0,
        "Gross Profit": 68500000.0,
        "Cost Of Revenue": 27000000.0,
        "Total Revenue": 95500000.0,
        "Operating Revenue": 95500000.0
    },
    "2023-06-30": {
        "Tax Effect Of Unusual Items": 134000.0,
        "Tax Rate For Calcs": 0.268,
        "Normalized EBITDA": 26300000.0,
        "Total Unusual Items": 500000.0,
        "Total Unusual Items Excluding Goodwill": 500000.0,
        "Net Income From Continuing Operation Net Minority Interest": 11400000.0,
        "Reconciled Depreciation": 4400000.0,
        "Reconciled Cost Of Revenue": 49700000.0,
        "EBITDA": 26800000.0,
        "EBIT": 22400000.0,
        "Net Interest Income": -3900000.0,
        "Interest Expense": 5400000.0,
        "Interest Income": 1500000.0,
        "Normalized Income": 11034000.0,
        "Net Income From Continuing And Discontinued Operation": 11400000.0,
        "Total Expenses": 75900000.0,
        "Total Operating Income As Reported": 20400000.0,
        "Diluted Average Shares": 42645419.0,
        "Basic Average Shares": 41484303.0,
        "Diluted EPS": 0.27,
        "Basic EPS": 0.27,
        "Diluted NI Availto Com Stockholders": 11400000.0,
        "Net Income Common Stockholders": 11400000.0,
        "Net Income": 11400000.0,
        "Minority Interests": -100000.0,
        "Net Income Including Noncontrolling Interests": 11500000.0,
        "Net Income Continuous Operations": 11500000.0,
        "Tax Provision": 5500000.0,
        "Pretax Income": 17000000.0,
        "Other Income Expense": 500000.0,
        "Special Income Charges": 0.0,
        "Gain On Sale Of Security": 500000.0,
        "Net Non Operating Interest Income Expense": -3900000.0,
        "Interest Expense Non Operating": 5400000.0,
        "Interest Income Non Operating": 1500000.0,
        "Operating Income": 20400000.0,
        "Operating Expense": 26200000.0,
        "Depreciation Amortization Depletion Income Statement": 4400000.0,
        "Depreciation And Amortization In Income Statement": 4400000.0,
        "Amortization": NaN,
        "Amortization Of Intangibles Income Statement": NaN,
        "Depreciation Income Statement": NaN,
        "Selling General And Administration": 21800000.0,
        "General And Administrative Expense": 21800000.0,
        "Other Gand A": 21800000.0,
        "Gross Profit": 46600000.0,
        "Cost Of Revenue": 49700000.0,
        "Total Revenue": 96300000.0,
        "Operating Revenue": 96300000.0
    },
    "2022-03-31": {
        "Diluted EPS": 0.53,
        "Total Revenue": 112,
        "Gross Profit": 112,
        "Operating Income": 43,
        "EBIT": 49,
        "Net Income": 24
    },
    "2021-12-31": {
        "Diluted EPS": 0.78,
        "Total Revenue": 163,
        "Gross Profit": 163,
        "Operating Income": 49,
        "EBIT": 54,
        "Net Income": 39
    },
    "2021-09-30": {
        "Diluted EPS": 2.76,
        "Total Revenue": 118,
        "Gross Profit": 118,
        "Operating Income": 29,
        "EBIT": 34,
        "Net Income": 230
    },
    "2021-06-30": {
        "Diluted EPS": 6.42,
        "Total Revenue": 133,
        "Gross Profit": 133,
        "Operating Income": 36,
        "EBIT": 42,
        "Net Income": 533
    },
    "2021-03-31": {
        "Diluted EPS": 0.33,
        "Total Revenue": 110,
        "Gross Profit": 110,
        "Operating Income": 33,
        "EBIT": 38,
        "Net Income": 27
    },
    "2020-12-31": {
        "Diluted EPS": 2.42,
        "Total Revenue": 103,
        "Gross Profit": 103,
        "Operating Income": 16,
        "EBIT": 21,
        "Net Income": 198
    },
    "2020-09-30": {
        "Diluted EPS": 0.46,
        "Total Revenue": 128,
        "Gross Profit": 128,
        "Operating Income": 34,
        "EBIT": 39,
        "Net Income": 37
    },
    "2020-06-30": {
        "Diluted EPS": 0.23,
        "Total Revenue": 123,
        "Gross Profit": 123,
        "Operating Income": 30,
        "EBIT": 34,
        "Net Income": 19
    },
    "2020-03-31": {
        "Diluted EPS": 0.38,
        "Total Revenue": 147,
        "Gross Profit": 147,
        "Operating Income": 52,
        "EBIT": 58,
        "Net Income": 33
    },
    "2019-12-31": {
        "Diluted EPS": 0.76,
        "Total Revenue": 207,
        "Gross Profit": 207,
        "Operating Income": 84,
        "EBIT": 91,
        "Net Income": 68
    },
    "2019-09-30": {
        "Diluted EPS": 0.84,
        "Total Revenue": 198,
        "Gross Profit": 198,
        "Operating Income": 52,
        "EBIT": 58,
        "Net Income": 75
    },
    "2019-06-30": {
        "Diluted EPS": 0.31,
        "Total Revenue": 207,
        "Gross Profit": 207,
        "Operating Income": 47,
        "EBIT": 52,
        "Net Income": 28
    },
    "2019-03-31": {
        "Diluted EPS": 0.54,
        "Total Revenue": 207,
        "Gross Profit": 207,
        "Operating Income": 68,
        "EBIT": 73,
        "Net Income": 53
    },
    "2018-12-31": {
        "Diluted EPS": 0.21,
        "Total Revenue": 215,
        "Gross Profit": 215,
        "Operating Income": 30,
        "EBIT": 35,
        "Net Income": 23
    },
    "2018-09-30": {
        "Diluted EPS": 0.51,
        "Total Revenue": 230,
        "Gross Profit": 230,
        "Operating Income": 13,
        "EBIT": 19,
        "Net Income": 54
    },
    "2018-06-30": {
        "Diluted EPS": 0.02,
        "Total Revenue": 234,
        "Gross Profit": 234,
        "Operating Income": 15,
        "EBIT": 21,
        "Net Income": 2
    },
    "2018-03-31": {
        "Diluted EPS": 0.52,
        "Total Revenue": 250,
        "Gross Profit": 250,
        "Operating Income": 26,
        "EBIT": 31,
        "Net Income": 57
    },
    "2017-12-31": {
        "Diluted EPS": -0.43,
        "Total Revenue": 249,
        "Gross Profit": 249,
        "Operating Income": 26,
        "EBIT": 31,
        "Net Income": -49
    },
    "2017-09-30": {
        "Diluted EPS": 0.17,
        "Total Revenue": 223,
        "Gross Profit": 223,
        "Operating Income": 8,
        "EBIT": 30,
        "Net Income": 19
    },
    "2017-06-30": {
        "Diluted EPS": 0.11,
        "Total Revenue": 219,
        "Gross Profit": 219,
        "Operating Income": 13,
        "EBIT": 2,
        "Net Income": 13
    },
    "2017-03-31": {
        "Diluted EPS": 0.19,
        "Total Revenue": 196,
        "Gross Profit": 196,
        "Operating Income": 24,
        "EBIT": 28,
        "Net Income": 21
    },
    "2016-12-31": {
        "Diluted EPS": 0.14,
        "Total Revenue": 187,
        "Gross Profit": 187,
        "Operating Income": 30,
        "EBIT": 34,
        "Net Income": 25
    },
    "2016-09-30": {
        "Diluted EPS": 0.28,
        "Total Revenue": 171,
        "Gross Profit": 171,
        "Operating Income": 40,
        "EBIT": 44,
        "Net Income": 34
    },
    "2016-06-30": {
        "Diluted EPS": 0.3,
        "Total Revenue": 157,
        "Gross Profit": 157,
        "Operating Income": 44,
        "EBIT": 46,
        "Net Income": 36
    },
    "2016-03-31": {
        "Diluted EPS": 0.26,
        "Total Revenue": 150,
        "Gross Profit": 150,
        "Operating Income": 41,
        "EBIT": 43,
        "Net Income": 31
    },
    "2015-12-31": {
        "Diluted EPS": 0.31,
        "Total Revenue": 163,
        "Gross Profit": 163,
        "Operating Income": 41,
        "EBIT": 43,
        "Net Income": 37
    },
    "2015-09-30": {
        "Diluted EPS": 0.29,
        "Total Revenue": 162,
        "Gross Profit": 162,
        "Operating Income": 43,
        "EBIT": 45,
        "Net Income": 35
    },
    "2015-06-30": {
        "Diluted EPS": 0.41,
        "Total Revenue": 214,
        "Gross Profit": 214,
        "Operating Income": 63,
        "EBIT": 65,
        "Net Income": 49
    },
    "2015-03-31": {
        "Diluted EPS": 0.28,
        "Total Revenue": 161,
        "Gross Profit": 161,
        "Operating Income": 44,
        "EBIT": 46,
        "Net Income": 34
    },
    "2014-12-31": {
        "Diluted EPS": 0.28,
        "Total Revenue": 267,
        "Gross Profit": 267,
        "Operating Income": -9,
        "EBIT": 157,
        "Net Income": 34
    },
    "2014-09-30": {
        "Diluted EPS": -0.01,
        "Total Revenue": 260,
        "Gross Profit": 260,
        "Operating Income": -18,
        "EBIT": 16,
        "Net Income": -2
    },
    "2014-06-30": {
        "Diluted EPS": 0.07,
        "Total Revenue": 260,
        "Gross Profit": 260,
        "Operating Income": -46,
        "EBIT": -10,
        "Net Income": 9
    },
    "2014-03-31": {
        "Diluted EPS": 0.09,
        "Total Revenue": 269,
        "Gross Profit": 269,
        "Operating Income": 6,
        "EBIT": 40,
        "Net Income": 10
    },
    "2013-12-31": {
        "Diluted EPS": 0.0,
        "Total Revenue": NaN,
        "Gross Profit": NaN,
        "Operating Income": NaN,
        "EBIT": NaN,
        "Net Income": NaN
    },
    "2013-09-30": {
        "Diluted EPS": 0.0,
        "Total Revenue": 210,
        "Gross Profit": 210,
        "Operating Income": -5,
        "EBIT": 19,
        "Net Income": 7
    },
    "2012-12-31": {
        "Diluted EPS": 0.0,
        "Total Revenue": NaN,
        "Gross Profit": NaN,
        "Operating Income": NaN,
        "EBIT": NaN,
        "Net Income": NaN
    },
    "2011-12-31": {
        "Diluted EPS": 0.0,
        "Total Revenue": NaN,
        "Gross Profit": NaN,
        "Operating Income": NaN,
        "EBIT": NaN,
        "Net Income": NaN
    },
    "2023-09-30": {
        "Tax Effect Of Unusual Items": 107600.0,
        "Tax Rate For Calcs": 0.269,
        "Normalized EBITDA": 36400000.0,
        "Total Unusual Items": 400000.0,
        "Total Unusual Items Excluding Goodwill": 400000.0,
        "Net Income From Continuing Operation Net Minority Interest": 19600000.0,
        "Reconciled Depreciation": 4500000.0,
        "Reconciled Cost Of Revenue": 53800000.0,
        "EBITDA": 36800000.0,
        "EBIT": 32300000.0,
        "Net Interest Income": -3100000.0,
        "Interest Expense": 4800000.0,
        "Interest Income": 1700000.0,
        "Normalized Income": 19307600.0,
        "Net Income From Continuing And Discontinued Operation": 19600000.0,
        "Total Expenses": 77100000.0,
        "Total Operating Income As Reported": 30200000.0,
        "Diluted Average Shares": 42589717.0,
        "Basic Average Shares": 41508143.0,
        "Diluted EPS": 0.46,
        "Basic EPS": 0.47,
        "Diluted NI Availto Com Stockholders": 19600000.0,
        "Net Income Common Stockholders": 19600000.0,
        "Net Income": 19600000.0,
        "Minority Interests": -200000.0,
        "Net Income Including Noncontrolling Interests": 19800000.0,
        "Net Income Continuous Operations": 19800000.0,
        "Tax Provision": 7700000.0,
        "Pretax Income": 27500000.0,
        "Other Income Expense": 400000.0,
        "Special Income Charges": 0.0,
        "Gain On Sale Of Security": 400000.0,
        "Net Non Operating Interest Income Expense": -3100000.0,
        "Interest Expense Non Operating": 4800000.0,
        "Interest Income Non Operating": 1700000.0,
        "Operating Income": 30200000.0,
        "Operating Expense": 23300000.0,
        "Depreciation Amortization Depletion Income Statement": 4500000.0,
        "Depreciation And Amortization In Income Statement": 4500000.0,
        "Amortization": 0.0,
        "Amortization Of Intangibles Income Statement": 0.0,
        "Depreciation Income Statement": 4500000.0,
        "Selling General And Administration": 18800000.0,
        "General And Administrative Expense": 18800000.0,
        "Other Gand A": 18800000.0,
        "Gross Profit": 53500000.0,
        "Cost Of Revenue": 53800000.0,
        "Total Revenue": 107300000.0,
        "Operating Revenue": 107300000.0
    },
    "2023-12-31": {
        "Tax Effect Of Unusual Items": 636103.151862,
        "Tax Rate For Calcs": 0.318052,
        "Normalized EBITDA": 42000000.0,
        "Total Unusual Items": 2000000.0,
        "Total Unusual Items Excluding Goodwill": 2000000.0,
        "Net Income From Continuing Operation Net Minority Interest": 22800000.0,
        "Reconciled Depreciation": 4600000.0,
        "Reconciled Cost Of Revenue": 67400000.0,
        "EBITDA": 44000000.0,
        "EBIT": 39400000.0,
        "Net Interest Income": -2700000.0,
        "Interest Expense": 4500000.0,
        "Interest Income": 1800000.0,
        "Normalized Income": 21436103.151862,
        "Net Income From Continuing And Discontinued Operation": 22800000.0,
        "Total Expenses": 95600000.0,
        "Total Operating Income As Reported": 35600000.0,
        "Diluted Average Shares": NaN,
        "Basic Average Shares": NaN,
        "Diluted EPS": NaN,
        "Basic EPS": NaN,
        "Diluted NI Availto Com Stockholders": 22800000.0,
        "Net Income Common Stockholders": 22800000.0,
        "Net Income": 22800000.0,
        "Minority Interests": -1000000.0,
        "Net Income Including Noncontrolling Interests": 23800000.0,
        "Net Income Continuous Operations": 23800000.0,
        "Tax Provision": 11100000.0,
        "Pretax Income": 34900000.0,
        "Other Income Expense": 2000000.0,
        "Special Income Charges": 0.0,
        "Gain On Sale Of Security": 2000000.0,
        "Net Non Operating Interest Income Expense": -2700000.0,
        "Interest Expense Non Operating": 4500000.0,
        "Interest Income Non Operating": 1800000.0,
        "Operating Income": 35600000.0,
        "Operating Expense": 28200000.0,
        "Depreciation Amortization Depletion Income Statement": 4600000.0,
        "Depreciation And Amortization In Income Statement": 4600000.0,
        "Amortization": 0.0,
        "Amortization Of Intangibles Income Statement": 0.0,
        "Depreciation Income Statement": 4600000.0,
        "Selling General And Administration": 23600000.0,
        "General And Administrative Expense": 23600000.0,
        "Other Gand A": 23600000.0,
        "Gross Profit": 63800000.0,
        "Cost Of Revenue": 67400000.0,
        "Total Revenue": 131200000.0,
        "Operating Revenue": 131200000.0
    },
    "2024-03-31": {
        "Tax Effect Of Unusual Items": 715000.0,
        "Tax Rate For Calcs": 0.275,
        "Normalized EBITDA": 28800000.0,
        "Total Unusual Items": 2600000.0,
        "Total Unusual Items Excluding Goodwill": 2600000.0,
        "Net Income From Continuing Operation Net Minority Interest": 14600000.0,
        "Reconciled Depreciation": 4600000.0,
        "Reconciled Cost Of Revenue": 58200000.0,
        "EBITDA": 31400000.0,
        "EBIT": 26800000.0,
        "Net Interest Income": -3700000.0,
        "Interest Expense": 5000000.0,
        "Interest Income": 1300000.0,
        "Normalized Income": 12715000.0,
        "Net Income From Continuing And Discontinued Operation": 14600000.0,
        "Total Expenses": 82800000.0,
        "Total Operating Income As Reported": 22900000.0,
        "Diluted Average Shares": 39731440.0,
        "Basic Average Shares": 39063522.0,
        "Diluted EPS": 0.37,
        "Basic EPS": 0.37,
        "Diluted NI Availto Com Stockholders": 14600000.0,
        "Net Income Common Stockholders": 14600000.0,
        "Net Income": 14600000.0,
        "Minority Interests": -1100000.0,
        "Net Income Including Noncontrolling Interests": 15700000.0,
        "Net Income Continuous Operations": 15700000.0,
        "Tax Provision": 6100000.0,
        "Pretax Income": 21800000.0,
        "Other Income Expense": 2600000.0,
        "Special Income Charges": NaN,
        "Gain On Sale Of Security": 2600000.0,
        "Net Non Operating Interest Income Expense": -3700000.0,
        "Interest Expense Non Operating": 5000000.0,
        "Interest Income Non Operating": 1300000.0,
        "Operating Income": 22900000.0,
        "Operating Expense": 24600000.0,
        "Depreciation Amortization Depletion Income Statement": 4600000.0,
        "Depreciation And Amortization In Income Statement": 4600000.0,
        "Amortization": NaN,
        "Amortization Of Intangibles Income Statement": NaN,
        "Depreciation Income Statement": NaN,
        "Selling General And Administration": 20000000.0,
        "General And Administrative Expense": 20000000.0,
        "Other Gand A": 20000000.0,
        "Gross Profit": 47500000.0,
        "Cost Of Revenue": 58200000.0,
        "Total Revenue": 105700000.0,
        "Operating Revenue": 105700000.0
    },
    "2024-06-30": {
        "Tax Effect Of Unusual Items": 249300.0,
        "Tax Rate For Calcs": 0.277,
        "Normalized EBITDA": 26500000.0,
        "Total Unusual Items": 900000.0,
        "Total Unusual Items Excluding Goodwill": 900000.0,
        "Net Income From Continuing Operation Net Minority Interest": 11000000.0,
        "Reconciled Depreciation": 5000000.0,
        "Reconciled Cost Of Revenue": 62300000.0,
        "EBITDA": 27400000.0,
        "EBIT": 22400000.0,
        "Net Interest Income": -4400000.0,
        "Interest Expense": 5300000.0,
        "Interest Income": 900000.0,
        "Normalized Income": 10349300.0,
        "Net Income From Continuing And Discontinued Operation": 11000000.0,
        "Total Expenses": 88400000.0,
        "Total Operating Income As Reported": 20600000.0,
        "Diluted Average Shares": 38238620.0,
        "Basic Average Shares": 37547741.0,
        "Diluted EPS": 0.29,
        "Basic EPS": 0.29,
        "Diluted NI Availto Com Stockholders": 11000000.0,
        "Net Income Common Stockholders": 11000000.0,
        "Net Income": 11000000.0,
        "Minority Interests": -500000.0,
        "Net Income Including Noncontrolling Interests": 11500000.0,
        "Net Income Continuous Operations": 11500000.0,
        "Tax Provision": 5600000.0,
        "Pretax Income": 17100000.0,
        "Other Income Expense": 900000.0,
        "Special Income Charges": NaN,
        "Gain On Sale Of Security": 900000.0,
        "Net Non Operating Interest Income Expense": -4400000.0,
        "Interest Expense Non Operating": 5300000.0,
        "Interest Income Non Operating": 900000.0,
        "Operating Income": 20600000.0,
        "Operating Expense": 26100000.0,
        "Depreciation Amortization Depletion Income Statement": 5000000.0,
        "Depreciation And Amortization In Income Statement": 5000000.0,
        "Amortization": NaN,
        "Amortization Of Intangibles Income Statement": NaN,
        "Depreciation Income Statement": NaN,
        "Selling General And Administration": 21100000.0,
        "General And Administrative Expense": 21100000.0,
        "Other Gand A": 21100000.0,
        "Gross Profit": 46700000.0,
        "Cost Of Revenue": 62300000.0,
        "Total Revenue": 109000000.0,
        "Operating Revenue": 109000000.0
    }
}