{
    "2023-03-31": {
        "Tax Effect Of Unusual Items": 0.0,
        "Tax Rate For Calcs": 0.0,
        "Normalized EBITDA": -448000.0,
        "Total Unusual Items": NaN,
        "Total Unusual Items Excluding Goodwill": NaN,
        "Net Income From Continuing Operation Net Minority Interest": -71000.0,
        "Reconciled Depreciation": 133000.0,
        "Reconciled Cost Of Revenue": 6856000.0,
        "EBITDA": -448000.0,
        "EBIT": -448000.0,
        "Normalized Income": -71000.0,
        "Net Income From Continuing And Discontinued Operation": -71000.0,
        "Total Expenses": 8589000.0,
        "Total Operating Income As Reported": -448000.0,
        "Diluted Average Shares": 20197000.0,
        "Basic Average Shares": 20197000.0,
        "Diluted EPS": -0.003515,
        "Basic EPS": -0.003515,
        "Diluted NI Availto Com Stockholders": -71000.0,
        "Net Income Common Stockholders": -71000.0,
        "Net Income": -71000.0,
        "Net Income Including Noncontrolling Interests": -71000.0,
        "Net Income Continuous Operations": -71000.0,
        "Tax Provision": 0.0,
        "Pretax Income": -71000.0,
        "Other Income Expense": 377000.0,
        "Other Non Operating Income Expenses": 377000.0,
        "Special Income Charges": NaN,
        "Restructuring And Mergern Acquisition": NaN,
        "Operating Income": -448000.0,
        "Operating Expense": 1733000.0,
        "Research And Development": 284000.0,
        "Selling General And Administration": 1449000.0,
        "Gross Profit": 1285000.0,
        "Cost Of Revenue": 6856000.0,
        "Total Revenue": 8141000.0,
        "Operating Revenue": 8141000.0
    },
    "2022-12-31": {
        "Tax Effect Of Unusual Items": 0.0,
        "Tax Rate For Calcs": 0.0,
        "Normalized EBITDA": -1102000.0,
        "Total Unusual Items": -205000.0,
        "Total Unusual Items Excluding Goodwill": -205000.0,
        "Net Income From Continuing Operation Net Minority Interest": -1220000.0,
        "Reconciled Depreciation": 124000.0,
        "Reconciled Cost Of Revenue": 6719000.0,
        "EBITDA": -1307000.0,
        "EBIT": -1307000.0,
        "Normalized Income": -1015000.0,
        "Net Income From Continuing And Discontinued Operation": -1220000.0,
        "Total Expenses": 9262000.0,
        "Total Operating Income As Reported": -1512000.0,
        "Diluted Average Shares": 20474000.0,
        "Basic Average Shares": 20474000.0,
        "Diluted EPS": -0.06,
        "Basic EPS": -0.06,
        "Diluted NI Availto Com Stockholders": -1220000.0,
        "Net Income Common Stockholders": -1220000.0,
        "Net Income": -1220000.0,
        "Net Income Including Noncontrolling Interests": -1220000.0,
        "Net Income Continuous Operations": -1220000.0,
        "Tax Provision": 0.0,
        "Pretax Income": -1220000.0,
        "Other Income Expense": 87000.0,
        "Other Non Operating Income Expenses": 292000.0,
        "Special Income Charges": -205000.0,
        "Restructuring And Mergern Acquisition": 205000.0,
        "Operating Income": -1307000.0,
        "Operating Expense": 2543000.0,
        "Research And Development": 266000.0,
        "Selling General And Administration": 2277000.0,
        "Gross Profit": 1236000.0,
        "Cost Of Revenue": 6719000.0,
        "Total Revenue": 7955000.0,
        "Operating Revenue": 7955000.0
    },
    "2022-09-30": {
        "Tax Effect Of Unusual Items": 0.0,
        "Tax Rate For Calcs": 0.0,
        "Normalized EBITDA": -1034000.0,
        "Total Unusual Items": NaN,
        "Total Unusual Items Excluding Goodwill": NaN,
        "Net Income From Continuing Operation Net Minority Interest": -1125000.0,
        "Reconciled Depreciation": 120000.0,
        "Reconciled Cost Of Revenue": 7271000.0,
        "EBITDA": -1034000.0,
        "EBIT": -1154000.0,
        "Normalized Income": -1125000.0,
        "Net Income From Continuing And Discontinued Operation": -1125000.0,
        "Total Expenses": 9560000.0,
        "Total Operating Income As Reported": -1154000.0,
        "Diluted Average Shares": 20470000.0,
        "Basic Average Shares": 20470000.0,
        "Diluted EPS": -0.05,
        "Basic EPS": -0.05,
        "Diluted NI Availto Com Stockholders": -1125000.0,
        "Net Income Common Stockholders": -1125000.0,
        "Net Income": -1125000.0,
        "Net Income Including Noncontrolling Interests": -1125000.0,
        "Net Income Continuous Operations": -1125000.0,
        "Tax Provision": 0.0,
        "Pretax Income": -1125000.0,
        "Other Income Expense": 29000.0,
        "Other Non Operating Income Expenses": 29000.0,
        "Special Income Charges": NaN,
        "Restructuring And Mergern Acquisition": NaN,
        "Operating Income": -1154000.0,
        "Operating Expense": 2289000.0,
        "Research And Development": 259000.0,
        "Selling General And Administration": 2030000.0,
        "Gross Profit": 1135000.0,
        "Cost Of Revenue": 7271000.0,
        "Total Revenue": 8406000.0,
        "Operating Revenue": 8406000.0
    },
    "2022-06-30": {
        "Tax Effect Of Unusual Items": 0.0,
        "Tax Rate For Calcs": 0.0,
        "Normalized EBITDA": -576000.0,
        "Total Unusual Items": NaN,
        "Total Unusual Items Excluding Goodwill": NaN,
        "Net Income From Continuing Operation Net Minority Interest": -625000.0,
        "Reconciled Depreciation": 103000.0,
        "Reconciled Cost Of Revenue": 8795000.0,
        "EBITDA": -576000.0,
        "EBIT": -679000.0,
        "Normalized Income": -625000.0,
        "Net Income From Continuing And Discontinued Operation": -625000.0,
        "Total Expenses": 11073000.0,
        "Total Operating Income As Reported": -679000.0,
        "Diluted Average Shares": 20406000.0,
        "Basic Average Shares": 20406000.0,
        "Diluted EPS": -0.030628,
        "Basic EPS": -0.03,
        "Diluted NI Availto Com Stockholders": -625000.0,
        "Net Income Common Stockholders": -625000.0,
        "Net Income": -625000.0,
        "Net Income Including Noncontrolling Interests": -625000.0,
        "Net Income Continuous Operations": -625000.0,
        "Tax Provision": 0.0,
        "Pretax Income": -625000.0,
        "Other Income Expense": 54000.0,
        "Other Non Operating Income Expenses": 54000.0,
        "Special Income Charges": NaN,
        "Restructuring And Mergern Acquisition": NaN,
        "Operating Income": -679000.0,
        "Operating Expense": 2278000.0,
        "Research And Development": 256000.0,
        "Selling General And Administration": 2022000.0,
        "Gross Profit": 1599000.0,
        "Cost Of Revenue": 8795000.0,
        "Total Revenue": 10394000.0,
        "Operating Revenue": 10394000.0
    },
    "2022-03-31": {
        "Diluted EPS": -0.05,
        "Total Revenue": 10,
        "Gross Profit": 1,
        "Operating Income": -1,
        "EBIT": -1,
        "Net Income": -1
    },
    "2021-12-31": {
        "Diluted EPS": -0.03,
        "Total Revenue": 9,
        "Gross Profit": 1,
        "Operating Income": -1,
        "EBIT": -1,
        "Net Income": -1
    },
    "2021-09-30": {
        "Diluted EPS": -0.05,
        "Total Revenue": 11,
        "Gross Profit": 1,
        "Operating Income": -1,
        "EBIT": -1,
        "Net Income": -1
    },
    "2021-06-30": {
        "Diluted EPS": 0.02,
        "Total Revenue": 11,
        "Gross Profit": 1,
        "Operating Income": -1,
        "EBIT": -1,
        "Net Income": 0
    },
    "2021-03-31": {
        "Diluted EPS": -0.07,
        "Total Revenue": 10,
        "Gross Profit": 2,
        "Operating Income": -1,
        "EBIT": -1,
        "Net Income": -1
    },
    "2020-12-31": {
        "Diluted EPS": -0.01,
        "Total Revenue": 11,
        "Gross Profit": 2,
        "Operating Income": 0,
        "EBIT": 0,
        "Net Income": 0
    },
    "2020-09-30": {
        "Diluted EPS": -0.01,
        "Total Revenue": 10,
        "Gross Profit": 2,
        "Operating Income": 0,
        "EBIT": 0,
        "Net Income": 0
    },
    "2020-06-30": {
        "Diluted EPS": -0.08,
        "Total Revenue": 9,
        "Gross Profit": 1,
        "Operating Income": -1,
        "EBIT": -1,
        "Net Income": -1
    },
    "2020-03-31": {
        "Diluted EPS": -0.04,
        "Total Revenue": 17,
        "Gross Profit": 3,
        "Operating Income": 0,
        "EBIT": 0,
        "Net Income": 0
    },
    "2019-12-31": {
        "Diluted EPS": -0.1,
        "Total Revenue": 15,
        "Gross Profit": 3,
        "Operating Income": -1,
        "EBIT": -1,
        "Net Income": -1
    },
    "2019-09-30": {
        "Diluted EPS": -0.09,
        "Total Revenue": 15,
        "Gross Profit": 3,
        "Operating Income": -1,
        "EBIT": -1,
        "Net Income": -1
    },
    "2019-06-30": {
        "Diluted EPS": -0.3,
        "Total Revenue": 14,
        "Gross Profit": 2,
        "Operating Income": -4,
        "EBIT": -4,
        "Net Income": -4
    },
    "2019-03-31": {
        "Diluted EPS": -0.22,
        "Total Revenue": 15,
        "Gross Profit": 2,
        "Operating Income": -3,
        "EBIT": -3,
        "Net Income": -3
    },
    "2018-12-31": {
        "Diluted EPS": -0.44,
        "Total Revenue": 17,
        "Gross Profit": 4,
        "Operating Income": -6,
        "EBIT": -2,
        "Net Income": -6
    },
    "2018-09-30": {
        "Diluted EPS": -0.16,
        "Total Revenue": 17,
        "Gross Profit": 3,
        "Operating Income": -2,
        "EBIT": -2,
        "Net Income": -2
    },
    "2018-06-30": {
        "Diluted EPS": -0.29,
        "Total Revenue": 19,
        "Gross Profit": 3,
        "Operating Income": -4,
        "EBIT": -4,
        "Net Income": -4
    },
    "2018-03-31": {
        "Diluted EPS": -0.19,
        "Total Revenue": 21,
        "Gross Profit": 5,
        "Operating Income": -2,
        "EBIT": -2,
        "Net Income": -2
    },
    "2017-12-31": {
        "Diluted EPS": -0.34,
        "Total Revenue": 19,
        "Gross Profit": 4,
        "Operating Income": -4,
        "EBIT": -4,
        "Net Income": -4
    },
    "2017-09-30": {
        "Diluted EPS": -0.2,
        "Total Revenue": 20,
        "Gross Profit": 4,
        "Operating Income": -3,
        "EBIT": -2,
        "Net Income": -2
    },
    "2017-06-30": {
        "Diluted EPS": -0.2,
        "Total Revenue": 19,
        "Gross Profit": 4,
        "Operating Income": -3,
        "EBIT": -2,
        "Net Income": -3
    },
    "2017-03-31": {
        "Diluted EPS": 0.02,
        "Total Revenue": 23,
        "Gross Profit": 6,
        "Operating Income": 0,
        "EBIT": 0,
        "Net Income": 0
    },
    "2016-12-31": {
        "Diluted EPS": -0.1,
        "Total Revenue": 27,
        "Gross Profit": 4,
        "Operating Income": -1,
        "EBIT": -1,
        "Net Income": -1
    },
    "2016-09-30": {
        "Diluted EPS": -0.01,
        "Total Revenue": 22,
        "Gross Profit": 4,
        "Operating Income": 0,
        "EBIT": 0,
        "Net Income": 0
    },
    "2016-06-30": {
        "Diluted EPS": -0.02,
        "Total Revenue": 23,
        "Gross Profit": 4,
        "Operating Income": 0,
        "EBIT": 0,
        "Net Income": 0
    },
    "2016-03-31": {
        "Diluted EPS": 0.04,
        "Total Revenue": 25,
        "Gross Profit": 4,
        "Operating Income": 1,
        "EBIT": 1,
        "Net Income": 1
    },
    "2015-12-31": {
        "Diluted EPS": 0.09,
        "Total Revenue": 25,
        "Gross Profit": 5,
        "Operating Income": 1,
        "EBIT": 1,
        "Net Income": 1
    },
    "2015-09-30": {
        "Diluted EPS": 0.1,
        "Total Revenue": 26,
        "Gross Profit": 5,
        "Operating Income": 1,
        "EBIT": 2,
        "Net Income": 1
    },
    "2015-06-30": {
        "Diluted EPS": 0.15,
        "Total Revenue": 29,
        "Gross Profit": 5,
        "Operating Income": 2,
        "EBIT": 2,
        "Net Income": 2
    },
    "2015-03-31": {
        "Diluted EPS": 0.15,
        "Total Revenue": 26,
        "Gross Profit": 5,
        "Operating Income": 2,
        "EBIT": 2,
        "Net Income": 2
    },
    "2014-12-31": {
        "Diluted EPS": 0.11,
        "Total Revenue": 26,
        "Gross Profit": 5,
        "Operating Income": 1,
        "EBIT": 1,
        "Net Income": 1
    },
    "2014-09-30": {
        "Diluted EPS": 0.06,
        "Total Revenue": 25,
        "Gross Profit": 4,
        "Operating Income": 1,
        "EBIT": 1,
        "Net Income": 1
    },
    "2014-06-30": {
        "Diluted EPS": 0.06,
        "Total Revenue": 23,
        "Gross Profit": 4,
        "Operating Income": 1,
        "EBIT": 1,
        "Net Income": 1
    },
    "2014-03-31": {
        "Diluted EPS": -0.03,
        "Total Revenue": 23,
        "Gross Profit": 4,
        "Operating Income": 0,
        "EBIT": 0,
        "Net Income": 0
    },
    "2013-12-31": {
        "Diluted EPS": 0.0,
        "Total Revenue": 26,
        "Gross Profit": 5,
        "Operating Income": 0,
        "EBIT": 0,
        "Net Income": 0
    },
    "2013-09-30": {
        "Diluted EPS": -0.32,
        "Total Revenue": 24,
        "Gross Profit": 3,
        "Operating Income": -1,
        "EBIT": -1,
        "Net Income": -4
    },
    "2013-06-30": {
        "Diluted EPS": -0.07,
        "Total Revenue": 22,
        "Gross Profit": 4,
        "Operating Income": -1,
        "EBIT": -1,
        "Net Income": -1
    },
    "2013-03-31": {
        "Diluted EPS": -0.08,
        "Total Revenue": 21,
        "Gross Profit": 3,
        "Operating Income": -1,
        "EBIT": -1,
        "Net Income": -1
    },
    "2012-12-31": {
        "Diluted EPS": 0.07,
        "Total Revenue": 26,
        "Gross Profit": 5,
        "Operating Income": 1,
        "EBIT": 1,
        "Net Income": 1
    },
    "2012-09-30": {
        "Diluted EPS": 0.05,
        "Total Revenue": 25,
        "Gross Profit": 5,
        "Operating Income": 1,
        "EBIT": 1,
        "Net Income": 1
    },
    "2012-06-30": {
        "Diluted EPS": -0.02,
        "Total Revenue": 25,
        "Gross Profit": 4,
        "Operating Income": 0,
        "EBIT": 0,
        "Net Income": 0
    },
    "2012-03-31": {
        "Diluted EPS": -0.02,
        "Total Revenue": 26,
        "Gross Profit": 5,
        "Operating Income": 0,
        "EBIT": 0,
        "Net Income": 0
    },
    "2011-12-31": {
        "Diluted EPS": -0.04,
        "Total Revenue": 23,
        "Gross Profit": 4,
        "Operating Income": -1,
        "EBIT": 0,
        "Net Income": -1
    },
    "2011-09-30": {
        "Diluted EPS": -0.02,
        "Total Revenue": 24,
        "Gross Profit": 5,
        "Operating Income": 0,
        "EBIT": 0,
        "Net Income": 0
    },
    "2011-06-30": {
        "Diluted EPS": 0.0,
        "Total Revenue": 23,
        "Gross Profit": 5,
        "Operating Income": 0,
        "EBIT": 0,
        "Net Income": 0
    },
    "2011-03-31": {
        "Diluted EPS": 0.02,
        "Total Revenue": 26,
        "Gross Profit": 5,
        "Operating Income": 0,
        "EBIT": 1,
        "Net Income": 0
    },
    "2010-12-31": {
        "Diluted EPS": 0.42,
        "Total Revenue": 28,
        "Gross Profit": 7,
        "Operating Income": 2,
        "EBIT": 2,
        "Net Income": 5
    },
    "2010-09-30": {
        "Diluted EPS": 0.09,
        "Total Revenue": 25,
        "Gross Profit": 5,
        "Operating Income": 1,
        "EBIT": 1,
        "Net Income": 1
    },
    "2010-06-30": {
        "Diluted EPS": 0.39,
        "Total Revenue": 27,
        "Gross Profit": 8,
        "Operating Income": 4,
        "EBIT": 4,
        "Net Income": 4
    },
    "2010-03-31": {
        "Diluted EPS": -0.34,
        "Total Revenue": 17,
        "Gross Profit": 1,
        "Operating Income": -3,
        "EBIT": -3,
        "Net Income": -3
    },
    "2009-12-31": {
        "Diluted EPS": -0.3,
        "Total Revenue": 15,
        "Gross Profit": 1,
        "Operating Income": -3,
        "EBIT": -3,
        "Net Income": -3
    },
    "2009-09-30": {
        "Diluted EPS": 0.01,
        "Total Revenue": 16,
        "Gross Profit": 3,
        "Operating Income": 0,
        "EBIT": 0,
        "Net Income": 0
    },
    "2009-06-30": {
        "Diluted EPS": 0.03,
        "Total Revenue": 16,
        "Gross Profit": 4,
        "Operating Income": 0,
        "EBIT": 1,
        "Net Income": 0
    },
    "2009-03-31": {
        "Diluted EPS": -0.01,
        "Total Revenue": 17,
        "Gross Profit": 4,
        "Operating Income": 0,
        "EBIT": 0,
        "Net Income": 0
    },
    "2023-06-30": {
        "Tax Effect Of Unusual Items": 0.0,
        "Tax Rate For Calcs": 0.0,
        "Normalized EBITDA": -519000.0,
        "Total Unusual Items": NaN,
        "Total Unusual Items Excluding Goodwill": NaN,
        "Net Income From Continuing Operation Net Minority Interest": -260000.0,
        "Reconciled Depreciation": 133000.0,
        "Reconciled Cost Of Revenue": 5153000.0,
        "EBITDA": -519000.0,
        "EBIT": -652000.0,
        "Normalized Income": -260000.0,
        "Net Income From Continuing And Discontinued Operation": -260000.0,
        "Total Expenses": 7177000.0,
        "Total Operating Income As Reported": -652000.0,
        "Diluted Average Shares": 19946000.0,
        "Basic Average Shares": 19946000.0,
        "Diluted EPS": -0.013035,
        "Basic EPS": -0.01,
        "Diluted NI Availto Com Stockholders": -260000.0,
        "Net Income Common Stockholders": -260000.0,
        "Net Income": -260000.0,
        "Net Income Including Noncontrolling Interests": -260000.0,
        "Net Income Continuous Operations": -260000.0,
        "Tax Provision": 0.0,
        "Pretax Income": -260000.0,
        "Other Income Expense": 392000.0,
        "Other Non Operating Income Expenses": 392000.0,
        "Special Income Charges": NaN,
        "Restructuring And Mergern Acquisition": NaN,
        "Operating Income": -652000.0,
        "Operating Expense": 2024000.0,
        "Research And Development": 283000.0,
        "Selling General And Administration": 1741000.0,
        "Gross Profit": 1372000.0,
        "Cost Of Revenue": 5153000.0,
        "Total Revenue": 6525000.0,
        "Operating Revenue": 6525000.0
    }
}