{
    "2023-06-30": {
        "Tax Effect Of Unusual Items": 0.0,
        "Tax Rate For Calcs": 0.245,
        "Net Income From Continuing Operation Net Minority Interest": 9746000.0,
        "Reconciled Depreciation": 324000.0,
        "Net Interest Income": 20498000.0,
        "Interest Expense": 9544000.0,
        "Interest Income": 30042000.0,
        "Normalized Income": 9746000.0,
        "Net Income From Continuing And Discontinued Operation": 9746000.0,
        "Diluted Average Shares": 9247101.0,
        "Basic Average Shares": 9153077.0,
        "Diluted EPS": 1.05,
        "Basic EPS": 1.06,
        "Diluted NI Availto Com Stockholders": 9746000.0,
        "Net Income Common Stockholders": 9746000.0,
        "Net Income": 9746000.0,
        "Net Income Including Noncontrolling Interests": 9746000.0,
        "Net Income Continuous Operations": 9746000.0,
        "Tax Provision": 3158000.0,
        "Pretax Income": 12904000.0,
        "Gain On Sale Of Security": -7000.0,
        "Selling General And Administration": 4761000.0,
        "Selling And Marketing Expense": 52000.0,
        "General And Administrative Expense": 4709000.0,
        "Salaries And Wages": 4709000.0,
        "Total Revenue": 21292000.0,
        "Operating Revenue": 21292000.0,
        "Occupancy And Equipment": 850000.0,
        "Professional Expense And Contract Services Expense": 179000.0,
        "Other Non Interest Expense": 1587000.0
    },
    "2023-03-31": {
        "Tax Effect Of Unusual Items": 0.0,
        "Tax Rate For Calcs": 0.234746,
        "Net Income From Continuing Operation Net Minority Interest": 9607000.0,
        "Reconciled Depreciation": 326000.0,
        "Net Interest Income": 20006000.0,
        "Interest Expense": 7374000.0,
        "Interest Income": 27380000.0,
        "Normalized Income": 9607000.0,
        "Net Income From Continuing And Discontinued Operation": 9607000.0,
        "Diluted Average Shares": 9264247.0,
        "Basic Average Shares": 9146932.0,
        "Diluted EPS": 1.04,
        "Basic EPS": 1.05,
        "Diluted NI Availto Com Stockholders": 9607000.0,
        "Net Income Common Stockholders": 9607000.0,
        "Net Income": 9607000.0,
        "Net Income Including Noncontrolling Interests": 9607000.0,
        "Net Income Continuous Operations": 9607000.0,
        "Tax Provision": 2947000.0,
        "Pretax Income": 12554000.0,
        "Gain On Sale Of Security": -1000.0,
        "Selling General And Administration": 4828000.0,
        "Selling And Marketing Expense": 148000.0,
        "General And Administrative Expense": 4680000.0,
        "Salaries And Wages": 4680000.0,
        "Total Revenue": 20678000.0,
        "Operating Revenue": 20678000.0,
        "Occupancy And Equipment": 968000.0,
        "Professional Expense And Contract Services Expense": 298000.0,
        "Other Non Interest Expense": 1555000.0
    },
    "2022-12-31": {
        "Tax Effect Of Unusual Items": 0.0,
        "Tax Rate For Calcs": 0.261662,
        "Net Income From Continuing Operation Net Minority Interest": 8389000.0,
        "Reconciled Depreciation": 343000.0,
        "Net Interest Income": 20380000.0,
        "Interest Expense": 5081000.0,
        "Interest Income": 25461000.0,
        "Normalized Income": 8389000.0,
        "Net Income From Continuing And Discontinued Operation": 8389000.0,
        "Diluted Average Shares": 9232333.0,
        "Basic Average Shares": 9118728.0,
        "Diluted EPS": 0.91,
        "Basic EPS": 0.92,
        "Diluted NI Availto Com Stockholders": 8389000.0,
        "Net Income Common Stockholders": 8389000.0,
        "Net Income": 8389000.0,
        "Net Income Including Noncontrolling Interests": 8389000.0,
        "Net Income Continuous Operations": 8389000.0,
        "Tax Provision": 2973000.0,
        "Pretax Income": 11362000.0,
        "Gain On Sale Of Security": 0.0,
        "Selling General And Administration": 5055000.0,
        "Selling And Marketing Expense": 163000.0,
        "General And Administrative Expense": 4892000.0,
        "Salaries And Wages": 4892000.0,
        "Total Revenue": 21112000.0,
        "Operating Revenue": 21112000.0
    },
    "2022-09-30": {
        "Tax Effect Of Unusual Items": 0.0,
        "Tax Rate For Calcs": 0.227124,
        "Net Income From Continuing Operation Net Minority Interest": 8041000.0,
        "Reconciled Depreciation": 351000.0,
        "Net Interest Income": 19045000.0,
        "Interest Expense": 2646000.0,
        "Interest Income": 21691000.0,
        "Normalized Income": 8041000.0,
        "Net Income From Continuing And Discontinued Operation": 8041000.0,
        "Diluted Average Shares": 9208850.0,
        "Basic Average Shares": 9100789.0,
        "Diluted EPS": 0.87,
        "Basic EPS": 0.88,
        "Diluted NI Availto Com Stockholders": 8041000.0,
        "Net Income Common Stockholders": 8041000.0,
        "Net Income": 8041000.0,
        "Net Income Including Noncontrolling Interests": 8041000.0,
        "Net Income Continuous Operations": 8041000.0,
        "Tax Provision": 2363000.0,
        "Pretax Income": 10404000.0,
        "Gain On Sale Of Security": 124000.0,
        "Selling General And Administration": 4079000.0,
        "Selling And Marketing Expense": 83000.0,
        "General And Administrative Expense": 3996000.0,
        "Other Gand A": 1167000.0,
        "Salaries And Wages": 3996000.0,
        "Total Revenue": 19885000.0,
        "Operating Revenue": 19885000.0
    },
    "2022-06-30": {
        "Tax Effect Of Unusual Items": 0.0,
        "Tax Rate For Calcs": 0.245,
        "Net Income From Continuing Operation Net Minority Interest": 7017000.0,
        "Reconciled Depreciation": 347000.0,
        "Net Interest Income": 15794000.0,
        "Interest Expense": 878000.0,
        "Interest Income": 16672000.0,
        "Normalized Income": 7017000.0,
        "Net Income From Continuing And Discontinued Operation": 7017000.0,
        "Diluted Average Shares": 9194923.0,
        "Basic Average Shares": 9097280.0,
        "Diluted EPS": 0.76,
        "Basic EPS": 0.77,
        "Diluted NI Availto Com Stockholders": 7017000.0,
        "Net Income Common Stockholders": 7017000.0,
        "Net Income": 7017000.0,
        "Net Income Including Noncontrolling Interests": 7017000.0,
        "Net Income Continuous Operations": 7017000.0,
        "Tax Provision": 2280000.0,
        "Pretax Income": 9297000.0,
        "Gain On Sale Of Security": 105000.0,
        "Selling General And Administration": 4247000.0,
        "Selling And Marketing Expense": 121000.0,
        "General And Administrative Expense": 4126000.0,
        "Other Gand A": 859000.0,
        "Salaries And Wages": 4126000.0,
        "Total Revenue": 16479000.0,
        "Operating Revenue": 16479000.0
    },
    "2022-03-31": {
        "Diluted EPS": 0.67,
        "Total Revenue": 16,
        "Gross Profit": 15,
        "Operating Income": 8,
        "EBIT": NaN,
        "Net Income": 6
    },
    "2021-12-31": {
        "Diluted EPS": 0.63,
        "Total Revenue": 15,
        "Gross Profit": 15,
        "Operating Income": 8,
        "EBIT": NaN,
        "Net Income": 6
    },
    "2021-09-30": {
        "Diluted EPS": 0.69,
        "Total Revenue": 15,
        "Gross Profit": 14,
        "Operating Income": 8,
        "EBIT": NaN,
        "Net Income": 6
    },
    "2021-06-30": {
        "Diluted EPS": 0.67,
        "Total Revenue": 15,
        "Gross Profit": 14,
        "Operating Income": 8,
        "EBIT": NaN,
        "Net Income": 6
    },
    "2021-03-31": {
        "Diluted EPS": 0.56,
        "Total Revenue": 14,
        "Gross Profit": 13,
        "Operating Income": 7,
        "EBIT": NaN,
        "Net Income": 5
    },
    "2020-12-31": {
        "Diluted EPS": 0.52,
        "Total Revenue": 14,
        "Gross Profit": 13,
        "Operating Income": 6,
        "EBIT": NaN,
        "Net Income": 5
    },
    "2020-09-30": {
        "Diluted EPS": 0.48,
        "Total Revenue": 13,
        "Gross Profit": 12,
        "Operating Income": 6,
        "EBIT": NaN,
        "Net Income": 4
    },
    "2020-06-30": {
        "Diluted EPS": 0.54,
        "Total Revenue": 14,
        "Gross Profit": 12,
        "Operating Income": 7,
        "EBIT": NaN,
        "Net Income": 5
    },
    "2020-03-31": {
        "Diluted EPS": 0.51,
        "Total Revenue": 14,
        "Gross Profit": 12,
        "Operating Income": 7,
        "EBIT": NaN,
        "Net Income": 5
    },
    "2019-12-31": {
        "Diluted EPS": 0.45,
        "Total Revenue": 13,
        "Gross Profit": 11,
        "Operating Income": 6,
        "EBIT": NaN,
        "Net Income": 5
    },
    "2019-09-30": {
        "Diluted EPS": -0.64,
        "Total Revenue": 14,
        "Gross Profit": 11,
        "Operating Income": -5,
        "EBIT": NaN,
        "Net Income": -7
    },
    "2019-06-30": {
        "Diluted EPS": 0.5,
        "Total Revenue": 13,
        "Gross Profit": 11,
        "Operating Income": 7,
        "EBIT": NaN,
        "Net Income": 5
    },
    "2019-03-31": {
        "Diluted EPS": 0.5,
        "Total Revenue": 13,
        "Gross Profit": 11,
        "Operating Income": 7,
        "EBIT": NaN,
        "Net Income": 5
    },
    "2018-12-31": {
        "Diluted EPS": 0.41,
        "Total Revenue": 13,
        "Gross Profit": 11,
        "Operating Income": 7,
        "EBIT": NaN,
        "Net Income": 6
    },
    "2018-09-30": {
        "Diluted EPS": 0.87,
        "Total Revenue": 12,
        "Gross Profit": 10,
        "Operating Income": 6,
        "EBIT": NaN,
        "Net Income": 7
    },
    "2018-06-30": {
        "Diluted EPS": 0.88,
        "Total Revenue": 12,
        "Gross Profit": 10,
        "Operating Income": 6,
        "EBIT": NaN,
        "Net Income": 6
    },
    "2018-03-31": {
        "Diluted EPS": 0.87,
        "Total Revenue": 12,
        "Gross Profit": 10,
        "Operating Income": 6,
        "EBIT": NaN,
        "Net Income": 6
    },
    "2017-12-31": {
        "Diluted EPS": 0.0,
        "Total Revenue": NaN,
        "Gross Profit": NaN,
        "Operating Income": NaN,
        "EBIT": NaN,
        "Net Income": NaN
    },
    "2017-09-30": {
        "Diluted EPS": 0.82,
        "Total Revenue": 11,
        "Gross Profit": 10,
        "Operating Income": 6,
        "EBIT": NaN,
        "Net Income": 6
    },
    "2017-06-30": {
        "Diluted EPS": 0.92,
        "Total Revenue": 12,
        "Gross Profit": 11,
        "Operating Income": 7,
        "EBIT": NaN,
        "Net Income": 7
    },
    "2016-12-31": {
        "Diluted EPS": 0.0,
        "Total Revenue": NaN,
        "Gross Profit": NaN,
        "Operating Income": NaN,
        "EBIT": NaN,
        "Net Income": NaN
    },
    "2023-09-30": {
        "Tax Effect Of Unusual Items": 0.0,
        "Tax Rate For Calcs": 0.23,
        "Net Income From Continuing Operation Net Minority Interest": 7853000.0,
        "Reconciled Depreciation": 323000.0,
        "Net Interest Income": 20746000.0,
        "Interest Expense": 10976000.0,
        "Interest Income": 31722000.0,
        "Normalized Income": 7853000.0,
        "Net Income From Continuing And Discontinued Operation": 7853000.0,
        "Diluted Average Shares": 9273595.0,
        "Basic Average Shares": 9158027.0,
        "Diluted EPS": 0.85,
        "Basic EPS": 0.86,
        "Diluted NI Availto Com Stockholders": 7853000.0,
        "Net Income Common Stockholders": 7853000.0,
        "Net Income": 7853000.0,
        "Net Income Including Noncontrolling Interests": 7853000.0,
        "Net Income Continuous Operations": 7853000.0,
        "Tax Provision": 2351000.0,
        "Pretax Income": 10204000.0,
        "Gain On Sale Of Security": -7000.0,
        "Selling General And Administration": 4984000.0,
        "Selling And Marketing Expense": 74000.0,
        "General And Administrative Expense": 4910000.0,
        "Salaries And Wages": 4910000.0,
        "Total Revenue": 21753000.0,
        "Operating Revenue": 21753000.0,
        "Occupancy And Equipment": 916000.0,
        "Professional Expense And Contract Services Expense": 14000.0,
        "Other Non Interest Expense": 1476000.0
    },
    "2023-12-31": {
        "Tax Effect Of Unusual Items": 0.0,
        "Tax Rate For Calcs": 0.314744,
        "Net Income From Continuing Operation Net Minority Interest": 1069000.0,
        "Reconciled Depreciation": 329000.0,
        "Net Interest Income": 21296000.0,
        "Interest Expense": 11104000.0,
        "Interest Income": 32400000.0,
        "Normalized Income": 1069000.0,
        "Net Income From Continuing And Discontinued Operation": 1069000.0,
        "Diluted Average Shares": 9274960.0,
        "Basic Average Shares": 9188888.0,
        "Diluted EPS": 0.12,
        "Basic EPS": 0.12,
        "Diluted NI Availto Com Stockholders": 1069000.0,
        "Net Income Common Stockholders": 1069000.0,
        "Net Income": 1069000.0,
        "Net Income Including Noncontrolling Interests": 1069000.0,
        "Net Income Continuous Operations": 1069000.0,
        "Tax Provision": 491000.0,
        "Pretax Income": 1560000.0,
        "Gain On Sale Of Security": -1000.0,
        "Selling General And Administration": 3240000.0,
        "Selling And Marketing Expense": 154000.0,
        "General And Administrative Expense": 3086000.0,
        "Salaries And Wages": 3086000.0,
        "Total Revenue": 28066000.0,
        "Operating Revenue": 28066000.0,
        "Occupancy And Equipment": 949000.0,
        "Professional Expense And Contract Services Expense": 52000.0,
        "Other Non Interest Expense": 6765000.0
    },
    "2024-03-31": {
        "Tax Effect Of Unusual Items": 0.0,
        "Tax Rate For Calcs": 0.242,
        "Net Income From Continuing Operation Net Minority Interest": 11288000.0,
        "Reconciled Depreciation": 295000.0,
        "Net Interest Income": 22010000.0,
        "Interest Expense": 11277000.0,
        "Interest Income": 33287000.0,
        "Normalized Income": 11288000.0,
        "Net Income From Continuing And Discontinued Operation": 11288000.0,
        "Diluted Average Shares": 9317813.0,
        "Basic Average Shares": 9220154.0,
        "Diluted EPS": 1.21,
        "Basic EPS": 1.22,
        "Diluted NI Availto Com Stockholders": 11288000.0,
        "Net Income Common Stockholders": 11288000.0,
        "Net Income": 11288000.0,
        "Net Income Including Noncontrolling Interests": 11288000.0,
        "Net Income Continuous Operations": 11288000.0,
        "Tax Provision": 3595000.0,
        "Pretax Income": 14883000.0,
        "Gain On Sale Of Security": 0.0,
        "Selling General And Administration": 5434000.0,
        "Selling And Marketing Expense": 145000.0,
        "General And Administrative Expense": 5289000.0,
        "Salaries And Wages": 5289000.0,
        "Total Revenue": 24018000.0,
        "Operating Revenue": 24018000.0,
        "Occupancy And Equipment": 891000.0,
        "Professional Expense And Contract Services Expense": 99000.0,
        "Other Non Interest Expense": 2711000.0
    }
}