{
    "2023-03-31": {
        "Tax Effect Of Unusual Items": -192895.0,
        "Tax Rate For Calcs": 0.173,
        "Normalized EBITDA": 85475000.0,
        "Total Unusual Items": -1115000.0,
        "Total Unusual Items Excluding Goodwill": -1115000.0,
        "Net Income From Continuing Operation Net Minority Interest": 45490000.0,
        "Reconciled Depreciation": 18057000.0,
        "Reconciled Cost Of Revenue": 59675000.0,
        "EBITDA": 84360000.0,
        "EBIT": 66303000.0,
        "Net Interest Income": -11092000.0,
        "Interest Expense": 11321000.0,
        "Interest Income": 229000.0,
        "Normalized Income": 46412105.0,
        "Net Income From Continuing And Discontinued Operation": 45490000.0,
        "Total Expenses": 248626000.0,
        "Total Operating Income As Reported": 65785000.0,
        "Diluted Average Shares": 331251884.0,
        "Basic Average Shares": 310758802.0,
        "Diluted EPS": 0.14,
        "Basic EPS": 0.15,
        "Diluted NI Availto Com Stockholders": 47188000.0,
        "Average Dilution Earnings": 1717000.0,
        "Net Income Common Stockholders": 45471000.0,
        "Otherunder Preferred Stock Dividend": 19000.0,
        "Net Income": 45490000.0,
        "Net Income Including Noncontrolling Interests": 45490000.0,
        "Net Income Continuous Operations": 45490000.0,
        "Earnings From Equity Interest Net Of Tax": 0.0,
        "Tax Provision": 9492000.0,
        "Pretax Income": 54982000.0,
        "Other Income Expense": 289000.0,
        "Other Non Operating Income Expenses": 1404000.0,
        "Special Income Charges": 0.0,
        "Gain On Sale Of Ppe": 0.0,
        "Restructuring And Mergern Acquisition": 0.0,
        "Gain On Sale Of Security": -1115000.0,
        "Net Non Operating Interest Income Expense": -11092000.0,
        "Total Other Finance Cost": NaN,
        "Interest Expense Non Operating": 11321000.0,
        "Interest Income Non Operating": 229000.0,
        "Operating Income": 65785000.0,
        "Operating Expense": 181442000.0,
        "Depreciation Amortization Depletion Income Statement": 10548000.0,
        "Depreciation And Amortization In Income Statement": 10548000.0,
        "Amortization": 10548000.0,
        "Amortization Of Intangibles Income Statement": 10548000.0,
        "Research And Development": 67800000.0,
        "Selling General And Administration": 103094000.0,
        "Selling And Marketing Expense": 52141000.0,
        "General And Administrative Expense": 50953000.0,
        "Other Gand A": 46807000.0,
        "Salaries And Wages": 4146000.0,
        "Gross Profit": 247227000.0,
        "Cost Of Revenue": 67184000.0,
        "Total Revenue": 314411000.0,
        "Operating Revenue": 314411000.0
    },
    "2022-12-31": {
        "Tax Effect Of Unusual Items": NaN,
        "Tax Rate For Calcs": NaN,
        "Normalized EBITDA": NaN,
        "Total Unusual Items": NaN,
        "Total Unusual Items Excluding Goodwill": NaN,
        "Net Income From Continuing Operation Net Minority Interest": NaN,
        "Reconciled Depreciation": NaN,
        "Reconciled Cost Of Revenue": NaN,
        "EBITDA": NaN,
        "EBIT": NaN,
        "Net Interest Income": NaN,
        "Interest Expense": NaN,
        "Interest Income": NaN,
        "Normalized Income": NaN,
        "Net Income From Continuing And Discontinued Operation": NaN,
        "Total Expenses": NaN,
        "Total Operating Income As Reported": NaN,
        "Diluted Average Shares": NaN,
        "Basic Average Shares": NaN,
        "Diluted EPS": NaN,
        "Basic EPS": NaN,
        "Diluted NI Availto Com Stockholders": NaN,
        "Average Dilution Earnings": NaN,
        "Net Income Common Stockholders": NaN,
        "Otherunder Preferred Stock Dividend": NaN,
        "Net Income": NaN,
        "Net Income Including Noncontrolling Interests": NaN,
        "Net Income Continuous Operations": NaN,
        "Earnings From Equity Interest Net Of Tax": NaN,
        "Tax Provision": NaN,
        "Pretax Income": NaN,
        "Other Income Expense": NaN,
        "Other Non Operating Income Expenses": NaN,
        "Special Income Charges": 1421000.0,
        "Gain On Sale Of Ppe": 0.0,
        "Restructuring And Mergern Acquisition": -1421000.0,
        "Gain On Sale Of Security": NaN,
        "Net Non Operating Interest Income Expense": NaN,
        "Total Other Finance Cost": NaN,
        "Interest Expense Non Operating": NaN,
        "Interest Income Non Operating": NaN,
        "Operating Income": NaN,
        "Operating Expense": NaN,
        "Depreciation Amortization Depletion Income Statement": NaN,
        "Depreciation And Amortization In Income Statement": NaN,
        "Amortization": NaN,
        "Amortization Of Intangibles Income Statement": NaN,
        "Research And Development": NaN,
        "Selling General And Administration": NaN,
        "Selling And Marketing Expense": NaN,
        "General And Administrative Expense": NaN,
        "Other Gand A": NaN,
        "Salaries And Wages": NaN,
        "Gross Profit": NaN,
        "Cost Of Revenue": NaN,
        "Total Revenue": NaN,
        "Operating Revenue": NaN
    },
    "2022-09-30": {
        "Tax Effect Of Unusual Items": NaN,
        "Tax Rate For Calcs": NaN,
        "Normalized EBITDA": NaN,
        "Total Unusual Items": NaN,
        "Total Unusual Items Excluding Goodwill": NaN,
        "Net Income From Continuing Operation Net Minority Interest": NaN,
        "Reconciled Depreciation": NaN,
        "Reconciled Cost Of Revenue": NaN,
        "EBITDA": NaN,
        "EBIT": NaN,
        "Net Interest Income": NaN,
        "Interest Expense": NaN,
        "Interest Income": NaN,
        "Normalized Income": NaN,
        "Net Income From Continuing And Discontinued Operation": NaN,
        "Total Expenses": NaN,
        "Total Operating Income As Reported": NaN,
        "Diluted Average Shares": NaN,
        "Basic Average Shares": NaN,
        "Diluted EPS": NaN,
        "Basic EPS": NaN,
        "Diluted NI Availto Com Stockholders": NaN,
        "Average Dilution Earnings": NaN,
        "Net Income Common Stockholders": NaN,
        "Otherunder Preferred Stock Dividend": NaN,
        "Net Income": NaN,
        "Net Income Including Noncontrolling Interests": NaN,
        "Net Income Continuous Operations": NaN,
        "Earnings From Equity Interest Net Of Tax": NaN,
        "Tax Provision": NaN,
        "Pretax Income": NaN,
        "Other Income Expense": NaN,
        "Other Non Operating Income Expenses": NaN,
        "Special Income Charges": NaN,
        "Gain On Sale Of Ppe": NaN,
        "Restructuring And Mergern Acquisition": NaN,
        "Gain On Sale Of Security": NaN,
        "Net Non Operating Interest Income Expense": NaN,
        "Total Other Finance Cost": 1822000.0,
        "Interest Expense Non Operating": NaN,
        "Interest Income Non Operating": NaN,
        "Operating Income": NaN,
        "Operating Expense": NaN,
        "Depreciation Amortization Depletion Income Statement": NaN,
        "Depreciation And Amortization In Income Statement": NaN,
        "Amortization": NaN,
        "Amortization Of Intangibles Income Statement": NaN,
        "Research And Development": NaN,
        "Selling General And Administration": NaN,
        "Selling And Marketing Expense": NaN,
        "General And Administrative Expense": NaN,
        "Other Gand A": NaN,
        "Salaries And Wages": NaN,
        "Gross Profit": NaN,
        "Cost Of Revenue": NaN,
        "Total Revenue": NaN,
        "Operating Revenue": NaN
    },
    "2022-06-30": {
        "Tax Effect Of Unusual Items": 1075600.0,
        "Tax Rate For Calcs": 0.4,
        "Normalized EBITDA": 75125000.0,
        "Total Unusual Items": 2689000.0,
        "Total Unusual Items Excluding Goodwill": 2689000.0,
        "Net Income From Continuing Operation Net Minority Interest": 55673000.0,
        "Reconciled Depreciation": 18518000.0,
        "Reconciled Cost Of Revenue": 51693000.0,
        "EBITDA": 77814000.0,
        "EBIT": 59296000.0,
        "Net Interest Income": -7622000.0,
        "Interest Expense": 7704000.0,
        "Interest Income": 82000.0,
        "Normalized Income": 54059600.0,
        "Net Income From Continuing And Discontinued Operation": 55673000.0,
        "Total Expenses": 212568000.0,
        "Total Operating Income As Reported": 55717000.0,
        "Diluted Average Shares": 332275216.0,
        "Basic Average Shares": 308244778.0,
        "Diluted EPS": 0.17,
        "Basic EPS": 0.18,
        "Diluted NI Availto Com Stockholders": 55662000.0,
        "Average Dilution Earnings": NaN,
        "Net Income Common Stockholders": 55662000.0,
        "Otherunder Preferred Stock Dividend": 11000.0,
        "Net Income": 55673000.0,
        "Net Income Including Noncontrolling Interests": 55673000.0,
        "Net Income Continuous Operations": 55673000.0,
        "Earnings From Equity Interest Net Of Tax": -593000.0,
        "Tax Provision": -4674000.0,
        "Pretax Income": 51592000.0,
        "Other Income Expense": 3497000.0,
        "Other Non Operating Income Expenses": 808000.0,
        "Special Income Charges": 0.0,
        "Gain On Sale Of Ppe": 0.0,
        "Restructuring And Mergern Acquisition": 0.0,
        "Gain On Sale Of Security": 2689000.0,
        "Net Non Operating Interest Income Expense": -7622000.0,
        "Interest Expense Non Operating": 7704000.0,
        "Interest Income Non Operating": 82000.0,
        "Operating Income": 55717000.0,
        "Operating Expense": 152874000.0,
        "Depreciation Amortization Depletion Income Statement": 10517000.0,
        "Depreciation And Amortization In Income Statement": 10517000.0,
        "Amortization": 10517000.0,
        "Amortization Of Intangibles Income Statement": 10517000.0,
        "Research And Development": 64866000.0,
        "Selling General And Administration": 77491000.0,
        "Selling And Marketing Expense": 49617000.0,
        "General And Administrative Expense": 27874000.0,
        "Other Gand A": 40033000.0,
        "Salaries And Wages": -12159000.0,
        "Gross Profit": 208591000.0,
        "Cost Of Revenue": 59694000.0,
        "Total Revenue": 268285000.0,
        "Operating Revenue": 268285000.0
    },
    "2022-03-31": {
        "Diluted EPS": 0.18,
        "Total Revenue": 276,
        "Gross Profit": 220,
        "Operating Income": 57,
        "EBIT": 76,
        "Net Income": 56
    },
    "2021-12-31": {
        "Diluted EPS": 0.14,
        "Total Revenue": 268,
        "Gross Profit": 208,
        "Operating Income": 43,
        "EBIT": 62,
        "Net Income": 39
    },
    "2021-09-30": {
        "Diluted EPS": -0.16,
        "Total Revenue": 251,
        "Gross Profit": 197,
        "Operating Income": -38,
        "EBIT": -19,
        "Net Income": -48
    },
    "2021-06-30": {
        "Diluted EPS": 0.14,
        "Total Revenue": 224,
        "Gross Profit": 170,
        "Operating Income": 33,
        "EBIT": 45,
        "Net Income": 46
    },
    "2021-03-31": {
        "Diluted EPS": 0.18,
        "Total Revenue": 222,
        "Gross Profit": 173,
        "Operating Income": 56,
        "EBIT": 66,
        "Net Income": 57
    },
    "2020-12-31": {
        "Diluted EPS": 0.17,
        "Total Revenue": 220,
        "Gross Profit": 169,
        "Operating Income": 54,
        "EBIT": 65,
        "Net Income": 52
    },
    "2020-09-30": {
        "Diluted EPS": 0.02,
        "Total Revenue": 203,
        "Gross Profit": 160,
        "Operating Income": 5,
        "EBIT": 15,
        "Net Income": 6
    },
    "2020-06-30": {
        "Diluted EPS": 0.13,
        "Total Revenue": 184,
        "Gross Profit": 148,
        "Operating Income": 45,
        "EBIT": 53,
        "Net Income": 39
    },
    "2020-03-31": {
        "Diluted EPS": 0.1,
        "Total Revenue": 195,
        "Gross Profit": 157,
        "Operating Income": 46,
        "EBIT": 54,
        "Net Income": 30
    },
    "2019-12-31": {
        "Diluted EPS": 0.0,
        "Total Revenue": NaN,
        "Gross Profit": NaN,
        "Operating Income": NaN,
        "EBIT": NaN,
        "Net Income": NaN
    },
    "2019-09-30": {
        "Diluted EPS": 0.07,
        "Total Revenue": 187,
        "Gross Profit": 152,
        "Operating Income": 41,
        "EBIT": 41,
        "Net Income": 20
    },
    "2018-12-31": {
        "Diluted EPS": 0.0,
        "Total Revenue": NaN,
        "Gross Profit": NaN,
        "Operating Income": NaN,
        "EBIT": NaN,
        "Net Income": NaN
    },
    "2023-06-30": {
        "Tax Effect Of Unusual Items": 1699740.0,
        "Tax Rate For Calcs": 0.21,
        "Normalized EBITDA": 63933000.0,
        "Total Unusual Items": 8094000.0,
        "Total Unusual Items Excluding Goodwill": 8094000.0,
        "Net Income From Continuing Operation Net Minority Interest": 48685000.0,
        "Reconciled Depreciation": 17247000.0,
        "Reconciled Cost Of Revenue": 58681000.0,
        "EBITDA": 72027000.0,
        "EBIT": 54780000.0,
        "Net Interest Income": -9484000.0,
        "Interest Expense": 9994000.0,
        "Interest Income": 510000.0,
        "Normalized Income": 42290740.0,
        "Net Income From Continuing And Discontinued Operation": 48685000.0,
        "Total Expenses": 243444000.0,
        "Total Operating Income As Reported": 53305000.0,
        "Diluted Average Shares": 332352725.0,
        "Basic Average Shares": 311914602.0,
        "Diluted EPS": 0.15,
        "Basic EPS": 0.16,
        "Diluted NI Availto Com Stockholders": 50389000.0,
        "Average Dilution Earnings": 1723000.0,
        "Net Income Common Stockholders": 48666000.0,
        "Otherunder Preferred Stock Dividend": 19000.0,
        "Net Income": 48685000.0,
        "Net Income Including Noncontrolling Interests": 48685000.0,
        "Net Income Continuous Operations": 48685000.0,
        "Earnings From Equity Interest Net Of Tax": 0.0,
        "Tax Provision": -3899000.0,
        "Pretax Income": 44786000.0,
        "Other Income Expense": 965000.0,
        "Other Non Operating Income Expenses": -7129000.0,
        "Special Income Charges": 0.0,
        "Gain On Sale Of Ppe": 0.0,
        "Restructuring And Mergern Acquisition": 0.0,
        "Gain On Sale Of Security": 8094000.0,
        "Net Non Operating Interest Income Expense": -9484000.0,
        "Total Other Finance Cost": NaN,
        "Interest Expense Non Operating": 9994000.0,
        "Interest Income Non Operating": 510000.0,
        "Operating Income": 53305000.0,
        "Operating Expense": 177018000.0,
        "Depreciation Amortization Depletion Income Statement": 9502000.0,
        "Depreciation And Amortization In Income Statement": 9502000.0,
        "Amortization": 9502000.0,
        "Amortization Of Intangibles Income Statement": 9502000.0,
        "Research And Development": 70117000.0,
        "Selling General And Administration": 97399000.0,
        "Selling And Marketing Expense": 54364000.0,
        "General And Administrative Expense": 43035000.0,
        "Other Gand A": 39258000.0,
        "Salaries And Wages": 3777000.0,
        "Gross Profit": 230323000.0,
        "Cost Of Revenue": 66426000.0,
        "Total Revenue": 296749000.0,
        "Operating Revenue": 296749000.0
    },
    "2023-09-30": {
        "Tax Effect Of Unusual Items": 935439.0,
        "Tax Rate For Calcs": 0.237,
        "Normalized EBITDA": 91846000.0,
        "Total Unusual Items": 3947000.0,
        "Total Unusual Items Excluding Goodwill": 3947000.0,
        "Net Income From Continuing Operation Net Minority Interest": 53027000.0,
        "Reconciled Depreciation": 17483000.0,
        "Reconciled Cost Of Revenue": 56710000.0,
        "EBITDA": 95793000.0,
        "EBIT": 78310000.0,
        "Net Interest Income": -10047000.0,
        "Interest Expense": 8725000.0,
        "Interest Income": 501000.0,
        "Normalized Income": 50015439.0,
        "Net Income From Continuing And Discontinued Operation": 53027000.0,
        "Total Expenses": 232933000.0,
        "Total Operating Income As Reported": 73679000.0,
        "Diluted Average Shares": 332825186.0,
        "Basic Average Shares": 313069132.0,
        "Diluted EPS": 0.16,
        "Basic EPS": 0.17,
        "Diluted NI Availto Com Stockholders": 54725000.0,
        "Average Dilution Earnings": 1716000.0,
        "Net Income Common Stockholders": 53009000.0,
        "Otherunder Preferred Stock Dividend": 18000.0,
        "Net Income": 53027000.0,
        "Net Income Including Noncontrolling Interests": 53027000.0,
        "Net Income Continuous Operations": 53027000.0,
        "Earnings From Equity Interest Net Of Tax": -44000.0,
        "Tax Provision": 16514000.0,
        "Pretax Income": 69585000.0,
        "Other Income Expense": 5953000.0,
        "Other Non Operating Income Expenses": 2006000.0,
        "Special Income Charges": 0.0,
        "Gain On Sale Of Ppe": 0.0,
        "Restructuring And Mergern Acquisition": 0.0,
        "Gain On Sale Of Security": 3947000.0,
        "Net Non Operating Interest Income Expense": -10047000.0,
        "Total Other Finance Cost": 1823000.0,
        "Interest Expense Non Operating": 8725000.0,
        "Interest Income Non Operating": 501000.0,
        "Operating Income": 73679000.0,
        "Operating Expense": 168257000.0,
        "Depreciation Amortization Depletion Income Statement": 9517000.0,
        "Depreciation And Amortization In Income Statement": 9517000.0,
        "Amortization": 9517000.0,
        "Amortization Of Intangibles Income Statement": 9517000.0,
        "Research And Development": 65465000.0,
        "Selling General And Administration": 93275000.0,
        "Selling And Marketing Expense": 53757000.0,
        "General And Administrative Expense": 39518000.0,
        "Other Gand A": 42678000.0,
        "Salaries And Wages": -3160000.0,
        "Gross Profit": 241936000.0,
        "Cost Of Revenue": 64676000.0,
        "Total Revenue": 306612000.0,
        "Operating Revenue": 306612000.0
    },
    "2023-12-31": {
        "Tax Effect Of Unusual Items": -979440.0,
        "Tax Rate For Calcs": 0.21,
        "Normalized EBITDA": 51891000.0,
        "Total Unusual Items": -4664000.0,
        "Total Unusual Items Excluding Goodwill": -4664000.0,
        "Net Income From Continuing Operation Net Minority Interest": 179585000.0,
        "Reconciled Depreciation": 19074000.0,
        "Reconciled Cost Of Revenue": 57671000.0,
        "EBITDA": 47227000.0,
        "EBIT": 28153000.0,
        "Net Interest Income": -9170000.0,
        "Interest Expense": 13979000.0,
        "Interest Income": -660000.0,
        "Normalized Income": 183269560.0,
        "Net Income From Continuing And Discontinued Operation": 179585000.0,
        "Total Expenses": 272868000.0,
        "Total Operating Income As Reported": 37773000.0,
        "Diluted Average Shares": 333418588.0,
        "Basic Average Shares": 313526604.0,
        "Diluted EPS": 0.54,
        "Basic EPS": 0.57,
        "Diluted NI Availto Com Stockholders": 181284000.0,
        "Average Dilution Earnings": 1717000.0,
        "Net Income Common Stockholders": 179567000.0,
        "Otherunder Preferred Stock Dividend": 18000.0,
        "Net Income": 179585000.0,
        "Net Income Including Noncontrolling Interests": 179585000.0,
        "Net Income Continuous Operations": 179585000.0,
        "Earnings From Equity Interest Net Of Tax": 63000.0,
        "Tax Provision": -165348000.0,
        "Pretax Income": 14174000.0,
        "Other Income Expense": -14429000.0,
        "Other Non Operating Income Expenses": -9765000.0,
        "Special Income Charges": 0.0,
        "Gain On Sale Of Ppe": 0.0,
        "Restructuring And Mergern Acquisition": 0.0,
        "Gain On Sale Of Security": -4664000.0,
        "Net Non Operating Interest Income Expense": -9170000.0,
        "Total Other Finance Cost": NaN,
        "Interest Expense Non Operating": 13979000.0,
        "Interest Income Non Operating": -660000.0,
        "Operating Income": 37773000.0,
        "Operating Expense": 205071000.0,
        "Depreciation Amortization Depletion Income Statement": 8948000.0,
        "Depreciation And Amortization In Income Statement": 8948000.0,
        "Amortization": 8948000.0,
        "Amortization Of Intangibles Income Statement": 8948000.0,
        "Research And Development": 71237000.0,
        "Selling General And Administration": 124886000.0,
        "Selling And Marketing Expense": 64074000.0,
        "General And Administrative Expense": 60812000.0,
        "Other Gand A": 51995000.0,
        "Salaries And Wages": 8817000.0,
        "Gross Profit": 242844000.0,
        "Cost Of Revenue": 67797000.0,
        "Total Revenue": 310641000.0,
        "Operating Revenue": 310641000.0
    },
    "2024-03-31": {
        "Tax Effect Of Unusual Items": 1797360.0,
        "Tax Rate For Calcs": 0.24,
        "Normalized EBITDA": 108747000.0,
        "Total Unusual Items": 7489000.0,
        "Total Unusual Items Excluding Goodwill": 7489000.0,
        "Net Income From Continuing Operation Net Minority Interest": 70310000.0,
        "Reconciled Depreciation": 16385000.0,
        "Reconciled Cost Of Revenue": 54409000.0,
        "EBITDA": 116236000.0,
        "EBIT": 99851000.0,
        "Net Interest Income": -6520000.0,
        "Interest Expense": 7303000.0,
        "Interest Income": 783000.0,
        "Normalized Income": 64618360.0,
        "Net Income From Continuing And Discontinued Operation": 70310000.0,
        "Total Expenses": 245832000.0,
        "Total Operating Income As Reported": 91931000.0,
        "Diluted Average Shares": 333623518.0,
        "Basic Average Shares": 314295102.0,
        "Diluted EPS": 0.22,
        "Basic EPS": 0.22,
        "Diluted NI Availto Com Stockholders": 72012000.0,
        "Average Dilution Earnings": 1723000.0,
        "Net Income Common Stockholders": 70289000.0,
        "Otherunder Preferred Stock Dividend": 21000.0,
        "Net Income": 70310000.0,
        "Net Income Including Noncontrolling Interests": 70310000.0,
        "Net Income Continuous Operations": 70310000.0,
        "Earnings From Equity Interest Net Of Tax": 9000.0,
        "Tax Provision": 22247000.0,
        "Pretax Income": 92548000.0,
        "Other Income Expense": 7137000.0,
        "Other Non Operating Income Expenses": -352000.0,
        "Special Income Charges": NaN,
        "Gain On Sale Of Ppe": NaN,
        "Restructuring And Mergern Acquisition": NaN,
        "Gain On Sale Of Security": 7489000.0,
        "Net Non Operating Interest Income Expense": -6520000.0,
        "Total Other Finance Cost": NaN,
        "Interest Expense Non Operating": 7303000.0,
        "Interest Income Non Operating": 783000.0,
        "Operating Income": 91931000.0,
        "Operating Expense": 184002000.0,
        "Depreciation Amortization Depletion Income Statement": 8964000.0,
        "Depreciation And Amortization In Income Statement": 8964000.0,
        "Amortization": 8964000.0,
        "Amortization Of Intangibles Income Statement": 8964000.0,
        "Research And Development": 68371000.0,
        "Selling General And Administration": 106667000.0,
        "Selling And Marketing Expense": 54386000.0,
        "General And Administrative Expense": 52281000.0,
        "Other Gand A": 46482000.0,
        "Salaries And Wages": 5799000.0,
        "Gross Profit": 275933000.0,
        "Cost Of Revenue": 61830000.0,
        "Total Revenue": 337763000.0,
        "Operating Revenue": 337763000.0
    }
}