{
    "2023-03-31": {
        "Tax Effect Of Unusual Items": NaN,
        "Tax Rate For Calcs": NaN,
        "Normalized EBITDA": NaN,
        "Total Unusual Items": NaN,
        "Total Unusual Items Excluding Goodwill": NaN,
        "Net Income From Continuing Operation Net Minority Interest": NaN,
        "Reconciled Depreciation": NaN,
        "Reconciled Cost Of Revenue": NaN,
        "EBITDA": NaN,
        "EBIT": NaN,
        "Normalized Income": NaN,
        "Net Income From Continuing And Discontinued Operation": NaN,
        "Total Expenses": NaN,
        "Total Operating Income As Reported": NaN,
        "Diluted Average Shares": 78614174.0,
        "Basic Average Shares": 78614174.0,
        "Diluted EPS": -0.03,
        "Basic EPS": -0.03,
        "Diluted NI Availto Com Stockholders": NaN,
        "Net Income Common Stockholders": NaN,
        "Net Income": NaN,
        "Net Income Including Noncontrolling Interests": NaN,
        "Net Income Continuous Operations": NaN,
        "Tax Provision": NaN,
        "Pretax Income": NaN,
        "Other Income Expense": NaN,
        "Other Non Operating Income Expenses": NaN,
        "Special Income Charges": NaN,
        "Gain On Sale Of Ppe": NaN,
        "Impairment Of Capital Assets": NaN,
        "Gain On Sale Of Security": 4881937.0,
        "Operating Income": NaN,
        "Operating Expense": NaN,
        "Depreciation Amortization Depletion Income Statement": NaN,
        "Depreciation And Amortization In Income Statement": NaN,
        "Selling General And Administration": NaN,
        "General And Administrative Expense": NaN,
        "Other Gand A": NaN,
        "Gross Profit": NaN,
        "Cost Of Revenue": NaN,
        "Total Revenue": NaN,
        "Operating Revenue": NaN
    },
    "2022-12-31": {
        "Tax Effect Of Unusual Items": NaN,
        "Tax Rate For Calcs": NaN,
        "Normalized EBITDA": NaN,
        "Total Unusual Items": NaN,
        "Total Unusual Items Excluding Goodwill": NaN,
        "Net Income From Continuing Operation Net Minority Interest": NaN,
        "Reconciled Depreciation": NaN,
        "Reconciled Cost Of Revenue": NaN,
        "EBITDA": NaN,
        "EBIT": NaN,
        "Normalized Income": NaN,
        "Net Income From Continuing And Discontinued Operation": NaN,
        "Total Expenses": NaN,
        "Total Operating Income As Reported": NaN,
        "Diluted Average Shares": NaN,
        "Basic Average Shares": NaN,
        "Diluted EPS": NaN,
        "Basic EPS": NaN,
        "Diluted NI Availto Com Stockholders": NaN,
        "Net Income Common Stockholders": NaN,
        "Net Income": NaN,
        "Net Income Including Noncontrolling Interests": NaN,
        "Net Income Continuous Operations": NaN,
        "Tax Provision": NaN,
        "Pretax Income": NaN,
        "Other Income Expense": NaN,
        "Other Non Operating Income Expenses": NaN,
        "Special Income Charges": NaN,
        "Gain On Sale Of Ppe": NaN,
        "Impairment Of Capital Assets": NaN,
        "Gain On Sale Of Security": 0.0,
        "Operating Income": NaN,
        "Operating Expense": NaN,
        "Depreciation Amortization Depletion Income Statement": NaN,
        "Depreciation And Amortization In Income Statement": NaN,
        "Selling General And Administration": NaN,
        "General And Administrative Expense": NaN,
        "Other Gand A": NaN,
        "Gross Profit": NaN,
        "Cost Of Revenue": NaN,
        "Total Revenue": NaN,
        "Operating Revenue": NaN
    },
    "2022-09-30": {
        "Tax Effect Of Unusual Items": NaN,
        "Tax Rate For Calcs": NaN,
        "Normalized EBITDA": NaN,
        "Total Unusual Items": NaN,
        "Total Unusual Items Excluding Goodwill": NaN,
        "Net Income From Continuing Operation Net Minority Interest": NaN,
        "Reconciled Depreciation": NaN,
        "Reconciled Cost Of Revenue": NaN,
        "EBITDA": NaN,
        "EBIT": NaN,
        "Normalized Income": NaN,
        "Net Income From Continuing And Discontinued Operation": NaN,
        "Total Expenses": NaN,
        "Total Operating Income As Reported": NaN,
        "Diluted Average Shares": 54675621.0,
        "Basic Average Shares": 54675621.0,
        "Diluted EPS": -0.27,
        "Basic EPS": -0.27,
        "Diluted NI Availto Com Stockholders": NaN,
        "Net Income Common Stockholders": NaN,
        "Net Income": NaN,
        "Net Income Including Noncontrolling Interests": NaN,
        "Net Income Continuous Operations": NaN,
        "Tax Provision": NaN,
        "Pretax Income": NaN,
        "Other Income Expense": NaN,
        "Other Non Operating Income Expenses": NaN,
        "Special Income Charges": NaN,
        "Gain On Sale Of Ppe": NaN,
        "Impairment Of Capital Assets": NaN,
        "Gain On Sale Of Security": 1228068.0,
        "Operating Income": NaN,
        "Operating Expense": NaN,
        "Depreciation Amortization Depletion Income Statement": NaN,
        "Depreciation And Amortization In Income Statement": NaN,
        "Selling General And Administration": NaN,
        "General And Administrative Expense": NaN,
        "Other Gand A": NaN,
        "Gross Profit": NaN,
        "Cost Of Revenue": NaN,
        "Total Revenue": NaN,
        "Operating Revenue": NaN
    },
    "2022-06-30": {
        "Tax Effect Of Unusual Items": -4097502.8,
        "Tax Rate For Calcs": 0.4,
        "Normalized EBITDA": 8876374.0,
        "Total Unusual Items": -10243757.0,
        "Total Unusual Items Excluding Goodwill": -10243757.0,
        "Net Income From Continuing Operation Net Minority Interest": -18124732.0,
        "Reconciled Depreciation": 5322120.0,
        "Reconciled Cost Of Revenue": 3584145.0,
        "EBITDA": -1367383.0,
        "EBIT": -6689503.0,
        "Normalized Income": -11978477.8,
        "Net Income From Continuing And Discontinued Operation": -18124732.0,
        "Total Expenses": 13504503.0,
        "Total Operating Income As Reported": -6689503.0,
        "Diluted Average Shares": 79598964.0,
        "Basic Average Shares": 79598964.0,
        "Diluted EPS": -0.22,
        "Basic EPS": -0.22,
        "Diluted NI Availto Com Stockholders": -18124732.0,
        "Net Income Common Stockholders": -18124732.0,
        "Net Income": -18124732.0,
        "Net Income Including Noncontrolling Interests": -18124732.0,
        "Net Income Continuous Operations": -18124732.0,
        "Tax Provision": 1171293.0,
        "Pretax Income": -16953439.0,
        "Other Income Expense": -10263936.0,
        "Other Non Operating Income Expenses": -20179.0,
        "Special Income Charges": -12359058.0,
        "Gain On Sale Of Ppe": 1280328.0,
        "Impairment Of Capital Assets": 13639386.0,
        "Gain On Sale Of Security": 2115301.0,
        "Operating Income": -6689503.0,
        "Operating Expense": 9920358.0,
        "Depreciation Amortization Depletion Income Statement": 5322120.0,
        "Depreciation And Amortization In Income Statement": 5322120.0,
        "Selling General And Administration": 4598238.0,
        "General And Administrative Expense": 4598238.0,
        "Other Gand A": 4598238.0,
        "Gross Profit": 3230855.0,
        "Cost Of Revenue": 3584145.0,
        "Total Revenue": 6815000.0,
        "Operating Revenue": 6815000.0
    },
    "2022-03-31": {
        "Diluted EPS": -0.06,
        "Total Revenue": 9,
        "Gross Profit": 4,
        "Operating Income": -6,
        "EBIT": -3,
        "Net Income": -4
    },
    "2021-12-31": {
        "Diluted EPS": -0.36,
        "Total Revenue": 13,
        "Gross Profit": 9,
        "Operating Income": -15,
        "EBIT": -12,
        "Net Income": -15
    },
    "2021-09-30": {
        "Diluted EPS": -0.37,
        "Total Revenue": 10,
        "Gross Profit": 8,
        "Operating Income": -16,
        "EBIT": -12,
        "Net Income": -20
    },
    "2021-06-30": {
        "Diluted EPS": -0.03,
        "Total Revenue": 28,
        "Gross Profit": 17,
        "Operating Income": 11,
        "EBIT": 13,
        "Net Income": -1
    },
    "2021-03-31": {
        "Diluted EPS": 0.74,
        "Total Revenue": 44,
        "Gross Profit": 31,
        "Operating Income": 26,
        "EBIT": 29,
        "Net Income": 36
    },
    "2020-12-31": {
        "Diluted EPS": 0.2,
        "Total Revenue": 12,
        "Gross Profit": 5,
        "Operating Income": 1,
        "EBIT": 3,
        "Net Income": 2
    },
    "2020-09-30": {
        "Diluted EPS": 0.0,
        "Total Revenue": 8,
        "Gross Profit": 2,
        "Operating Income": 0,
        "EBIT": 0,
        "Net Income": 0
    },
    "2020-06-30": {
        "Diluted EPS": 0.0,
        "Total Revenue": NaN,
        "Gross Profit": NaN,
        "Operating Income": NaN,
        "Net Income": NaN
    },
    "2020-03-31": {
        "Diluted EPS": -0.25,
        "Total Revenue": 0,
        "Gross Profit": 0,
        "Operating Income": 0,
        "EBIT": 0,
        "Net Income": -4
    },
    "2019-12-31": {
        "Diluted EPS": 0.0,
        "Total Revenue": NaN,
        "Gross Profit": NaN,
        "Operating Income": NaN,
        "EBIT": NaN,
        "Net Income": NaN
    },
    "2019-09-30": {
        "Diluted EPS": -0.2,
        "Total Revenue": NaN,
        "Gross Profit": NaN,
        "Operating Income": -2,
        "EBIT": -2,
        "Net Income": -3
    },
    "2018-12-31": {
        "Diluted EPS": 0.0,
        "Total Revenue": NaN,
        "Gross Profit": NaN,
        "Operating Income": NaN,
        "EBIT": NaN,
        "Net Income": NaN
    },
    "2018-06-30": {
        "Diluted EPS": 0.0,
        "Total Revenue": NaN,
        "Gross Profit": NaN,
        "Operating Income": NaN,
        "EBIT": NaN,
        "Net Income": NaN
    },
    "2017-12-31": {
        "Diluted EPS": 0.0,
        "Total Revenue": NaN,
        "Gross Profit": NaN,
        "Operating Income": NaN,
        "EBIT": NaN,
        "Net Income": NaN
    },
    "2016-12-31": {
        "Diluted EPS": 0.0,
        "Total Revenue": NaN,
        "Gross Profit": NaN,
        "Operating Income": NaN,
        "EBIT": NaN,
        "Net Income": NaN
    },
    "2023-06-30": {
        "Tax Effect Of Unusual Items": 649395.18,
        "Tax Rate For Calcs": 0.21,
        "Normalized EBITDA": -5107949.0,
        "Total Unusual Items": 3092358.0,
        "Total Unusual Items Excluding Goodwill": 3092358.0,
        "Net Income From Continuing Operation Net Minority Interest": -2427010.0,
        "Reconciled Depreciation": 3725152.0,
        "Reconciled Cost Of Revenue": 5662989.0,
        "EBITDA": -2015591.0,
        "EBIT": -5740743.0,
        "Normalized Income": -4869972.82,
        "Net Income From Continuing And Discontinued Operation": -2427010.0,
        "Total Expenses": 14778345.0,
        "Total Operating Income As Reported": -2648385.0,
        "Diluted Average Shares": 83062519.0,
        "Basic Average Shares": 83062519.0,
        "Diluted EPS": -0.03,
        "Basic EPS": -0.03,
        "Diluted NI Availto Com Stockholders": -2427010.0,
        "Net Income Common Stockholders": -2427010.0,
        "Net Income": -2427010.0,
        "Net Income Including Noncontrolling Interests": -2427010.0,
        "Net Income Continuous Operations": -2427010.0,
        "Tax Provision": 109427.0,
        "Pretax Income": -2317583.0,
        "Other Income Expense": 3423160.0,
        "Other Non Operating Income Expenses": 330802.0,
        "Special Income Charges": 3092358.0,
        "Gain On Sale Of Ppe": 4443689.0,
        "Impairment Of Capital Assets": 1351331.0,
        "Gain On Sale Of Security": NaN,
        "Operating Income": -5740743.0,
        "Operating Expense": 9115356.0,
        "Depreciation Amortization Depletion Income Statement": 3725152.0,
        "Depreciation And Amortization In Income Statement": 3725152.0,
        "Selling General And Administration": 5390204.0,
        "General And Administrative Expense": 5390204.0,
        "Other Gand A": 5390204.0,
        "Gross Profit": 3374613.0,
        "Cost Of Revenue": 5662989.0,
        "Total Revenue": 9037602.0,
        "Operating Revenue": 9037602.0
    },
    "2023-09-30": {
        "Tax Effect Of Unusual Items": -276379.11,
        "Tax Rate For Calcs": 0.21,
        "Normalized EBITDA": -794157.0,
        "Total Unusual Items": -1316091.0,
        "Total Unusual Items Excluding Goodwill": -1316091.0,
        "Net Income From Continuing Operation Net Minority Interest": -7182138.0,
        "Reconciled Depreciation": 3623573.0,
        "Reconciled Cost Of Revenue": 8796391.0,
        "EBITDA": -2110248.0,
        "EBIT": -5733821.0,
        "Normalized Income": -6142426.11,
        "Net Income From Continuing And Discontinued Operation": -7182138.0,
        "Total Expenses": 17293662.0,
        "Total Operating Income As Reported": -7001381.0,
        "Diluted Average Shares": 88987799.0,
        "Basic Average Shares": 88987799.0,
        "Diluted EPS": -0.08,
        "Basic EPS": -0.08,
        "Diluted NI Availto Com Stockholders": -7182138.0,
        "Net Income Common Stockholders": -7182138.0,
        "Net Income": -7182138.0,
        "Net Income Including Noncontrolling Interests": -7182138.0,
        "Net Income Continuous Operations": -7182138.0,
        "Tax Provision": 102927.0,
        "Pretax Income": -7079211.0,
        "Other Income Expense": -1345390.0,
        "Other Non Operating Income Expenses": -29299.0,
        "Special Income Charges": -1324311.0,
        "Gain On Sale Of Ppe": 822554.0,
        "Impairment Of Capital Assets": 2146865.0,
        "Gain On Sale Of Security": 8220.0,
        "Operating Income": -5733821.0,
        "Operating Expense": 8497271.0,
        "Depreciation Amortization Depletion Income Statement": 3623573.0,
        "Depreciation And Amortization In Income Statement": 3623573.0,
        "Selling General And Administration": 4873698.0,
        "General And Administrative Expense": 4873698.0,
        "Other Gand A": 4873698.0,
        "Gross Profit": 2763450.0,
        "Cost Of Revenue": 8796391.0,
        "Total Revenue": 11559841.0,
        "Operating Revenue": 11559841.0
    },
    "2023-12-31": {
        "Tax Effect Of Unusual Items": 1162264.11,
        "Tax Rate For Calcs": 0.21,
        "Normalized EBITDA": -11659048.0,
        "Total Unusual Items": 5534591.0,
        "Total Unusual Items Excluding Goodwill": 5534591.0,
        "Net Income From Continuing Operation Net Minority Interest": -2023828.0,
        "Reconciled Depreciation": 3431960.0,
        "Reconciled Cost Of Revenue": 9930911.0,
        "EBITDA": -6124457.0,
        "EBIT": -9556417.0,
        "Normalized Income": -6396154.89,
        "Net Income From Continuing And Discontinued Operation": -2023828.0,
        "Total Expenses": 25610106.0,
        "Total Operating Income As Reported": -3913417.0,
        "Diluted Average Shares": NaN,
        "Basic Average Shares": NaN,
        "Diluted EPS": NaN,
        "Basic EPS": NaN,
        "Diluted NI Availto Com Stockholders": -2023828.0,
        "Net Income Common Stockholders": -2023828.0,
        "Net Income": -2023828.0,
        "Net Income Including Noncontrolling Interests": -2023828.0,
        "Net Income Continuous Operations": -2023828.0,
        "Tax Provision": 13047.0,
        "Pretax Income": -2010781.0,
        "Other Income Expense": 7545636.0,
        "Other Non Operating Income Expenses": 2011045.0,
        "Special Income Charges": 5534591.0,
        "Gain On Sale Of Ppe": 8476658.0,
        "Impairment Of Capital Assets": 900576.0,
        "Gain On Sale Of Security": 0.0,
        "Operating Income": -9556417.0,
        "Operating Expense": 15679195.0,
        "Depreciation Amortization Depletion Income Statement": 3431960.0,
        "Depreciation And Amortization In Income Statement": 3431960.0,
        "Selling General And Administration": 12247235.0,
        "General And Administrative Expense": 12247235.0,
        "Other Gand A": 12247235.0,
        "Gross Profit": 6122778.0,
        "Cost Of Revenue": 9930911.0,
        "Total Revenue": 16053689.0,
        "Operating Revenue": 16053689.0
    },
    "2024-03-31": {
        "Tax Effect Of Unusual Items": 1396387.682276,
        "Tax Rate For Calcs": 0.030534,
        "Normalized EBITDA": -37559919.0,
        "Total Unusual Items": 45732577.0,
        "Total Unusual Items Excluding Goodwill": 45732577.0,
        "Net Income From Continuing Operation Net Minority Interest": 50081857.0,
        "Reconciled Depreciation": 6845949.0,
        "Reconciled Cost Of Revenue": 16158692.0,
        "EBITDA": 8172658.0,
        "EBIT": 1326709.0,
        "Normalized Income": 5745667.682276,
        "Net Income From Continuing And Discontinued Operation": 50081857.0,
        "Total Expenses": 28960381.0,
        "Total Operating Income As Reported": 47059286.0,
        "Diluted Average Shares": 115594710.0,
        "Basic Average Shares": 114594710.0,
        "Diluted EPS": 0.43,
        "Basic EPS": 0.44,
        "Diluted NI Availto Com Stockholders": 50081857.0,
        "Net Income Common Stockholders": 50081857.0,
        "Net Income": 50081857.0,
        "Net Income Including Noncontrolling Interests": 50081857.0,
        "Net Income Continuous Operations": 50081857.0,
        "Tax Provision": 1577350.0,
        "Pretax Income": 51659207.0,
        "Other Income Expense": 50332498.0,
        "Other Non Operating Income Expenses": 4599921.0,
        "Special Income Charges": 45732577.0,
        "Gain On Sale Of Ppe": 45732577.0,
        "Impairment Of Capital Assets": 0.0,
        "Gain On Sale Of Security": NaN,
        "Operating Income": 1326709.0,
        "Operating Expense": 12801689.0,
        "Depreciation Amortization Depletion Income Statement": 6845949.0,
        "Depreciation And Amortization In Income Statement": 6845949.0,
        "Selling General And Administration": 5955740.0,
        "General And Administrative Expense": 5955740.0,
        "Other Gand A": 5955740.0,
        "Gross Profit": 14128398.0,
        "Cost Of Revenue": 16158692.0,
        "Total Revenue": 30287090.0,
        "Operating Revenue": 30287090.0
    },
    "2024-06-30": {
        "Tax Effect Of Unusual Items": -2423179.29,
        "Tax Rate For Calcs": 0.21,
        "Normalized EBITDA": 19851734.0,
        "Total Unusual Items": -11538949.0,
        "Total Unusual Items Excluding Goodwill": -11538949.0,
        "Net Income From Continuing Operation Net Minority Interest": -11953100.0,
        "Reconciled Depreciation": 8346633.0,
        "Reconciled Cost Of Revenue": 15157598.0,
        "EBITDA": 8312785.0,
        "EBIT": -33848.0,
        "Normalized Income": -2837330.29,
        "Net Income From Continuing And Discontinued Operation": -11953100.0,
        "Total Expenses": 28984750.0,
        "Total Operating Income As Reported": -11572797.0,
        "Diluted Average Shares": 128053586.0,
        "Basic Average Shares": 128053586.0,
        "Diluted EPS": -0.09,
        "Basic EPS": -0.09,
        "Diluted NI Availto Com Stockholders": -11953100.0,
        "Net Income Common Stockholders": -11953100.0,
        "Net Income": -11953100.0,
        "Net Income Including Noncontrolling Interests": -11953100.0,
        "Net Income Continuous Operations": -11953100.0,
        "Tax Provision": 541781.0,
        "Pretax Income": -11411319.0,
        "Other Income Expense": -11377471.0,
        "Other Non Operating Income Expenses": 161478.0,
        "Special Income Charges": -11538949.0,
        "Gain On Sale Of Ppe": -11538949.0,
        "Impairment Of Capital Assets": 0.0,
        "Gain On Sale Of Security": NaN,
        "Operating Income": -33848.0,
        "Operating Expense": 13827152.0,
        "Depreciation Amortization Depletion Income Statement": 8346633.0,
        "Depreciation And Amortization In Income Statement": 8346633.0,
        "Selling General And Administration": 5480519.0,
        "General And Administrative Expense": 5480519.0,
        "Other Gand A": 5480519.0,
        "Gross Profit": 13793304.0,
        "Cost Of Revenue": 15157598.0,
        "Total Revenue": 28950902.0,
        "Operating Revenue": 28950902.0
    }
}