{
    "2023-06-30": {
        "Tax Effect Of Unusual Items": NaN,
        "Tax Rate For Calcs": NaN,
        "Normalized EBITDA": NaN,
        "Total Unusual Items": NaN,
        "Total Unusual Items Excluding Goodwill": NaN,
        "Net Income From Continuing Operation Net Minority Interest": NaN,
        "Reconciled Depreciation": NaN,
        "Reconciled Cost Of Revenue": NaN,
        "EBITDA": NaN,
        "EBIT": NaN,
        "Net Interest Income": NaN,
        "Interest Expense": NaN,
        "Normalized Income": NaN,
        "Net Income From Continuing And Discontinued Operation": NaN,
        "Total Expenses": NaN,
        "Diluted Average Shares": 588170000.0,
        "Basic Average Shares": 583365000.0,
        "Diluted EPS": 0.36,
        "Basic EPS": 0.37,
        "Diluted NI Availto Com Stockholders": NaN,
        "Net Income Common Stockholders": NaN,
        "Net Income": NaN,
        "Net Income Including Noncontrolling Interests": NaN,
        "Net Income Continuous Operations": NaN,
        "Tax Provision": NaN,
        "Pretax Income": NaN,
        "Other Income Expense": NaN,
        "Other Non Operating Income Expenses": NaN,
        "Special Income Charges": NaN,
        "Gain On Sale Of Ppe": NaN,
        "Restructuring And Mergern Acquisition": NaN,
        "Gain On Sale Of Security": NaN,
        "Net Non Operating Interest Income Expense": NaN,
        "Total Other Finance Cost": NaN,
        "Interest Expense Non Operating": NaN,
        "Operating Income": NaN,
        "Operating Expense": NaN,
        "Other Operating Expenses": NaN,
        "Selling General And Administration": NaN,
        "General And Administrative Expense": NaN,
        "Other Gand A": NaN,
        "Salaries And Wages": NaN,
        "Gross Profit": NaN,
        "Cost Of Revenue": NaN,
        "Total Revenue": NaN,
        "Operating Revenue": NaN
    },
    "2023-03-31": {
        "Tax Effect Of Unusual Items": NaN,
        "Tax Rate For Calcs": NaN,
        "Normalized EBITDA": NaN,
        "Total Unusual Items": NaN,
        "Total Unusual Items Excluding Goodwill": NaN,
        "Net Income From Continuing Operation Net Minority Interest": NaN,
        "Reconciled Depreciation": NaN,
        "Reconciled Cost Of Revenue": NaN,
        "EBITDA": NaN,
        "EBIT": NaN,
        "Net Interest Income": NaN,
        "Interest Expense": NaN,
        "Normalized Income": NaN,
        "Net Income From Continuing And Discontinued Operation": NaN,
        "Total Expenses": NaN,
        "Diluted Average Shares": NaN,
        "Basic Average Shares": NaN,
        "Diluted EPS": NaN,
        "Basic EPS": NaN,
        "Diluted NI Availto Com Stockholders": NaN,
        "Net Income Common Stockholders": NaN,
        "Net Income": NaN,
        "Minority Interests": -61792000.0,
        "Net Income Including Noncontrolling Interests": NaN,
        "Net Income Continuous Operations": NaN,
        "Tax Provision": NaN,
        "Pretax Income": NaN,
        "Other Income Expense": NaN,
        "Other Non Operating Income Expenses": NaN,
        "Special Income Charges": NaN,
        "Gain On Sale Of Ppe": NaN,
        "Restructuring And Mergern Acquisition": NaN,
        "Gain On Sale Of Security": NaN,
        "Net Non Operating Interest Income Expense": NaN,
        "Total Other Finance Cost": NaN,
        "Interest Expense Non Operating": NaN,
        "Operating Income": NaN,
        "Operating Expense": NaN,
        "Other Operating Expenses": NaN,
        "Other Taxes": 16042000.0,
        "Selling General And Administration": NaN,
        "General And Administrative Expense": NaN,
        "Other Gand A": NaN,
        "Salaries And Wages": NaN,
        "Gross Profit": NaN,
        "Cost Of Revenue": NaN,
        "Total Revenue": NaN,
        "Operating Revenue": NaN
    },
    "2022-12-31": {
        "Tax Effect Of Unusual Items": NaN,
        "Tax Rate For Calcs": NaN,
        "Normalized EBITDA": NaN,
        "Total Unusual Items": NaN,
        "Total Unusual Items Excluding Goodwill": NaN,
        "Net Income From Continuing Operation Net Minority Interest": NaN,
        "Reconciled Depreciation": NaN,
        "Reconciled Cost Of Revenue": NaN,
        "EBITDA": NaN,
        "EBIT": NaN,
        "Net Interest Income": NaN,
        "Interest Expense": NaN,
        "Normalized Income": NaN,
        "Net Income From Continuing And Discontinued Operation": NaN,
        "Total Expenses": NaN,
        "Diluted Average Shares": NaN,
        "Basic Average Shares": NaN,
        "Diluted EPS": NaN,
        "Basic EPS": NaN,
        "Diluted NI Availto Com Stockholders": NaN,
        "Net Income Common Stockholders": NaN,
        "Net Income": NaN,
        "Minority Interests": NaN,
        "Net Income Including Noncontrolling Interests": NaN,
        "Net Income Continuous Operations": NaN,
        "Tax Provision": NaN,
        "Pretax Income": NaN,
        "Other Income Expense": NaN,
        "Other Non Operating Income Expenses": NaN,
        "Special Income Charges": NaN,
        "Gain On Sale Of Ppe": NaN,
        "Other Special Charges": 2137000.0,
        "Impairment Of Capital Assets": -267744000.0,
        "Restructuring And Mergern Acquisition": NaN,
        "Gain On Sale Of Security": NaN,
        "Net Non Operating Interest Income Expense": NaN,
        "Total Other Finance Cost": NaN,
        "Interest Expense Non Operating": NaN,
        "Operating Income": NaN,
        "Operating Expense": NaN,
        "Other Operating Expenses": NaN,
        "Other Taxes": NaN,
        "Selling General And Administration": NaN,
        "General And Administrative Expense": NaN,
        "Other Gand A": NaN,
        "Salaries And Wages": NaN,
        "Gross Profit": NaN,
        "Cost Of Revenue": NaN,
        "Total Revenue": NaN,
        "Operating Revenue": NaN
    },
    "2022-09-30": {
        "Tax Effect Of Unusual Items": NaN,
        "Tax Rate For Calcs": NaN,
        "Normalized EBITDA": NaN,
        "Total Unusual Items": NaN,
        "Total Unusual Items Excluding Goodwill": NaN,
        "Net Income From Continuing Operation Net Minority Interest": NaN,
        "Reconciled Depreciation": NaN,
        "Reconciled Cost Of Revenue": NaN,
        "EBITDA": NaN,
        "EBIT": NaN,
        "Net Interest Income": NaN,
        "Interest Expense": NaN,
        "Normalized Income": NaN,
        "Net Income From Continuing And Discontinued Operation": NaN,
        "Total Expenses": NaN,
        "Diluted Average Shares": 559174000.0,
        "Basic Average Shares": 553409000.0,
        "Diluted EPS": 0.47,
        "Basic EPS": 0.48,
        "Diluted NI Availto Com Stockholders": NaN,
        "Net Income Common Stockholders": NaN,
        "Net Income": NaN,
        "Minority Interests": NaN,
        "Net Income Including Noncontrolling Interests": NaN,
        "Net Income Continuous Operations": NaN,
        "Tax Provision": NaN,
        "Pretax Income": NaN,
        "Other Income Expense": NaN,
        "Other Non Operating Income Expenses": NaN,
        "Special Income Charges": NaN,
        "Gain On Sale Of Ppe": NaN,
        "Other Special Charges": 325000.0,
        "Impairment Of Capital Assets": 0.0,
        "Restructuring And Mergern Acquisition": NaN,
        "Gain On Sale Of Security": NaN,
        "Net Non Operating Interest Income Expense": NaN,
        "Total Other Finance Cost": NaN,
        "Interest Expense Non Operating": NaN,
        "Operating Income": NaN,
        "Operating Expense": NaN,
        "Other Operating Expenses": NaN,
        "Other Taxes": NaN,
        "Selling General And Administration": NaN,
        "General And Administrative Expense": NaN,
        "Other Gand A": NaN,
        "Salaries And Wages": NaN,
        "Gross Profit": NaN,
        "Cost Of Revenue": NaN,
        "Total Revenue": NaN,
        "Operating Revenue": NaN
    },
    "2022-06-30": {
        "Tax Effect Of Unusual Items": -17156907.833105,
        "Tax Rate For Calcs": 0.184928,
        "Normalized EBITDA": 477568000.0,
        "Total Unusual Items": -92776000.0,
        "Total Unusual Items Excluding Goodwill": -92776000.0,
        "Net Income From Continuing Operation Net Minority Interest": 180972000.0,
        "Reconciled Depreciation": 142286000.0,
        "Reconciled Cost Of Revenue": 489924000.0,
        "EBITDA": 384792000.0,
        "EBIT": 242506000.0,
        "Net Interest Income": -23208000.0,
        "Interest Expense": 20474000.0,
        "Normalized Income": 256591092.166895,
        "Net Income From Continuing And Discontinued Operation": 180972000.0,
        "Total Expenses": 515585000.0,
        "Diluted Average Shares": 571697000.0,
        "Basic Average Shares": 566997000.0,
        "Diluted EPS": 0.32,
        "Basic EPS": 0.32,
        "Diluted NI Availto Com Stockholders": 180972000.0,
        "Net Income Common Stockholders": 180972000.0,
        "Net Income": 180972000.0,
        "Minority Interests": NaN,
        "Net Income Including Noncontrolling Interests": 180972000.0,
        "Net Income Continuous Operations": 180972000.0,
        "Tax Provision": 41060000.0,
        "Pretax Income": 222032000.0,
        "Other Income Expense": -93344000.0,
        "Other Non Operating Income Expenses": -568000.0,
        "Special Income Charges": 207000.0,
        "Gain On Sale Of Ppe": 207000.0,
        "Other Special Charges": NaN,
        "Impairment Of Capital Assets": 0.0,
        "Restructuring And Mergern Acquisition": NaN,
        "Gain On Sale Of Security": -92983000.0,
        "Net Non Operating Interest Income Expense": -23208000.0,
        "Total Other Finance Cost": 2734000.0,
        "Interest Expense Non Operating": 20474000.0,
        "Operating Income": 338584000.0,
        "Operating Expense": 25661000.0,
        "Other Operating Expenses": 11079000.0,
        "Other Taxes": NaN,
        "Selling General And Administration": 14582000.0,
        "General And Administrative Expense": 14582000.0,
        "Other Gand A": 11640000.0,
        "Salaries And Wages": 2942000.0,
        "Gross Profit": 364245000.0,
        "Cost Of Revenue": 489924000.0,
        "Total Revenue": 854169000.0,
        "Operating Revenue": 854169000.0
    },
    "2022-03-31": {
        "Diluted EPS": 0.08,
        "Total Revenue": 435,
        "Gross Profit": 348,
        "Operating Income": 189,
        "EBIT": 300,
        "Net Income": 45
    },
    "2021-12-31": {
        "Diluted EPS": 0.74,
        "Total Revenue": 359,
        "Gross Profit": 277,
        "Operating Income": 447,
        "EBIT": 554,
        "Net Income": 432
    },
    "2021-09-30": {
        "Diluted EPS": 0.05,
        "Total Revenue": 316,
        "Gross Profit": 243,
        "Operating Income": 111,
        "EBIT": 208,
        "Net Income": 26
    },
    "2021-06-30": {
        "Diluted EPS": 1.51,
        "Total Revenue": 294,
        "Gross Profit": 220,
        "Operating Income": NaN,
        "EBIT": NaN,
        "Net Income": 857
    },
    "2021-03-31": {
        "Diluted EPS": -0.05,
        "Total Revenue": 251,
        "Gross Profit": 180,
        "Operating Income": 76,
        "EBIT": 157,
        "Net Income": -28
    },
    "2020-12-31": {
        "Diluted EPS": 0.29,
        "Total Revenue": 149,
        "Gross Profit": 82,
        "Operating Income": 255,
        "EBIT": 324,
        "Net Income": 160
    },
    "2020-09-30": {
        "Diluted EPS": -0.03,
        "Total Revenue": 160,
        "Gross Profit": 100,
        "Operating Income": -3,
        "EBIT": 85,
        "Net Income": -18
    },
    "2020-06-30": {
        "Diluted EPS": -0.18,
        "Total Revenue": 89,
        "Gross Profit": 32,
        "Operating Income": -56,
        "EBIT": 15,
        "Net Income": -100
    },
    "2020-03-31": {
        "Diluted EPS": -3.33,
        "Total Revenue": 209,
        "Gross Profit": 123,
        "Operating Income": NaN,
        "EBIT": NaN,
        "Net Income": NaN
    },
    "2019-12-31": {
        "Diluted EPS": -0.16,
        "Total Revenue": 279,
        "Gross Profit": 197,
        "Operating Income": -106,
        "EBIT": 28,
        "Net Income": -88
    },
    "2019-09-30": {
        "Diluted EPS": 0.02,
        "Total Revenue": 265,
        "Gross Profit": 184,
        "Operating Income": 25,
        "EBIT": 166,
        "Net Income": 11
    },
    "2019-06-30": {
        "Diluted EPS": 0.11,
        "Total Revenue": 296,
        "Gross Profit": 212,
        "Operating Income": 41,
        "EBIT": 179,
        "Net Income": 59
    },
    "2019-03-31": {
        "Diluted EPS": 0.02,
        "Total Revenue": 280,
        "Gross Profit": 194,
        "Operating Income": 26,
        "EBIT": 165,
        "Net Income": 9
    },
    "2018-12-31": {
        "Diluted EPS": -0.36,
        "Total Revenue": 212,
        "Gross Profit": 129,
        "Operating Income": -277,
        "EBIT": -126,
        "Net Income": -177
    },
    "2018-09-30": {
        "Diluted EPS": 0.05,
        "Total Revenue": 264,
        "Gross Profit": 197,
        "Operating Income": 48,
        "EBIT": 156,
        "Net Income": 21
    },
    "2018-06-30": {
        "Diluted EPS": -0.19,
        "Total Revenue": 210,
        "Gross Profit": 149,
        "Operating Income": 36,
        "EBIT": 121,
        "Net Income": -46
    },
    "2018-03-31": {
        "Diluted EPS": -0.21,
        "Total Revenue": 175,
        "Gross Profit": 116,
        "Operating Income": 3,
        "EBIT": 89,
        "Net Income": -50
    },
    "2017-12-31": {
        "Diluted EPS": 0.25,
        "Total Revenue": 183,
        "Gross Profit": 122,
        "Operating Income": 9,
        "EBIT": 85,
        "Net Income": 59
    },
    "2017-09-30": {
        "Diluted EPS": -0.03,
        "Total Revenue": 159,
        "Gross Profit": 100,
        "Operating Income": -14,
        "EBIT": 93,
        "Net Income": -7
    },
    "2017-06-30": {
        "Diluted EPS": 0.03,
        "Total Revenue": 159,
        "Gross Profit": 100,
        "Operating Income": -25,
        "EBIT": 71,
        "Net Income": 7
    },
    "2017-03-31": {
        "Diluted EPS": 0.04,
        "Total Revenue": 154,
        "Gross Profit": 99,
        "Operating Income": -15,
        "EBIT": 78,
        "Net Income": 8
    },
    "2016-12-31": {
        "Diluted EPS": -1.12,
        "Total Revenue": 132,
        "Gross Profit": 81,
        "Operating Income": -327,
        "EBIT": -236,
        "Net Income": -269
    },
    "2016-09-30": {
        "Diluted EPS": -0.29,
        "Total Revenue": 117,
        "Gross Profit": 67,
        "Operating Income": -59,
        "EBIT": 29,
        "Net Income": -30
    },
    "2016-06-30": {
        "Diluted EPS": -0.32,
        "Total Revenue": 119,
        "Gross Profit": 72,
        "Operating Income": -37,
        "EBIT": 64,
        "Net Income": -67
    },
    "2016-03-31": {
        "Diluted EPS": 0.0,
        "Total Revenue": 87,
        "Gross Profit": 31,
        "Operating Income": -89,
        "EBIT": 15,
        "Net Income": 0
    },
    "2015-12-31": {
        "Diluted EPS": -1.21,
        "Total Revenue": -93,
        "Gross Profit": -137,
        "Operating Income": -725,
        "EBIT": -587,
        "Net Income": -257
    },
    "2015-09-30": {
        "Diluted EPS": -1.9,
        "Total Revenue": 161,
        "Gross Profit": 90,
        "Operating Income": -426,
        "EBIT": -318,
        "Net Income": -396
    },
    "2015-06-30": {
        "Diluted EPS": -0.11,
        "Total Revenue": 281,
        "Gross Profit": 195,
        "Operating Income": 43,
        "EBIT": 175,
        "Net Income": -22
    },
    "2015-03-31": {
        "Diluted EPS": -1.26,
        "Total Revenue": 347,
        "Gross Profit": 255,
        "Operating Income": 92,
        "EBIT": 233,
        "Net Income": -214
    },
    "2014-12-31": {
        "Diluted EPS": -1.72,
        "Total Revenue": 378,
        "Gross Profit": 257,
        "Operating Income": 80,
        "EBIT": 235,
        "Net Income": -290
    },
    "2014-09-30": {
        "Diluted EPS": 0.77,
        "Total Revenue": 568,
        "Gross Profit": 449,
        "Operating Income": 268,
        "EBIT": 426,
        "Net Income": 129
    },
    "2014-06-30": {
        "Diluted EPS": 0.25,
        "Total Revenue": 438,
        "Gross Profit": 333,
        "Operating Income": 217,
        "EBIT": 309,
        "Net Income": 34
    },
    "2014-03-31": {
        "Diluted EPS": 0.35,
        "Total Revenue": 352,
        "Gross Profit": 249,
        "Operating Income": 141,
        "EBIT": 221,
        "Net Income": 44
    },
    "2013-12-31": {
        "Diluted EPS": 0.22,
        "Total Revenue": 297,
        "Gross Profit": 196,
        "Operating Income": 92,
        "EBIT": 181,
        "Net Income": 28
    },
    "2013-09-30": {
        "Diluted EPS": 0.67,
        "Total Revenue": 405,
        "Gross Profit": 303,
        "Operating Income": 210,
        "EBIT": 280,
        "Net Income": 84
    },
    "2013-06-30": {
        "Diluted EPS": 0.28,
        "Total Revenue": 330,
        "Gross Profit": 222,
        "Operating Income": 116,
        "EBIT": 199,
        "Net Income": 35
    },
    "2013-03-31": {
        "Diluted EPS": 0.08,
        "Total Revenue": 273,
        "Gross Profit": 162,
        "Operating Income": 60,
        "EBIT": 138,
        "Net Income": 10
    },
    "2012-12-31": {
        "Diluted EPS": 0.25,
        "Total Revenue": 284,
        "Gross Profit": -6,
        "Operating Income": 90,
        "EBIT": 172,
        "Net Income": 31
    },
    "2012-09-30": {
        "Diluted EPS": 0.22,
        "Total Revenue": 252,
        "Gross Profit": 208,
        "Operating Income": 66,
        "EBIT": 140,
        "Net Income": 27
    },
    "2012-06-30": {
        "Diluted EPS": 1.3,
        "Total Revenue": 287,
        "Gross Profit": 239,
        "Operating Income": 85,
        "EBIT": 155,
        "Net Income": 159
    },
    "2012-03-31": {
        "Diluted EPS": 0.36,
        "Total Revenue": 342,
        "Gross Profit": 284,
        "Operating Income": 129,
        "EBIT": 202,
        "Net Income": 43
    },
    "2011-12-31": {
        "Diluted EPS": 0.49,
        "Total Revenue": 371,
        "Gross Profit": 291,
        "Operating Income": 161,
        "EBIT": 232,
        "Net Income": 58
    },
    "2011-09-30": {
        "Diluted EPS": 0.43,
        "Total Revenue": 308,
        "Gross Profit": 252,
        "Operating Income": 107,
        "EBIT": 171,
        "Net Income": 51
    },
    "2011-06-30": {
        "Diluted EPS": 0.92,
        "Total Revenue": 342,
        "Gross Profit": 273,
        "Operating Income": 142,
        "EBIT": 202,
        "Net Income": 109
    },
    "2011-03-31": {
        "Diluted EPS": 0.01,
        "Total Revenue": 303,
        "Gross Profit": 255,
        "Operating Income": 110,
        "EBIT": 167,
        "Net Income": 1
    },
    "2010-12-31": {
        "Diluted EPS": 0.5,
        "Total Revenue": 271,
        "Gross Profit": 219,
        "Operating Income": 143,
        "EBIT": 211,
        "Net Income": 59
    },
    "2010-09-30": {
        "Diluted EPS": 0.3,
        "Total Revenue": 238,
        "Gross Profit": 201,
        "Operating Income": 45,
        "EBIT": 110,
        "Net Income": 35
    },
    "2010-06-30": {
        "Diluted EPS": 0.28,
        "Total Revenue": 232,
        "Gross Profit": 187,
        "Operating Income": 69,
        "EBIT": 135,
        "Net Income": 32
    },
    "2010-03-31": {
        "Diluted EPS": 0.53,
        "Total Revenue": 301,
        "Gross Profit": 251,
        "Operating Income": 134,
        "EBIT": 197,
        "Net Income": 45
    },
    "2009-12-31": {
        "Diluted EPS": 0.24,
        "Total Revenue": 225,
        "Gross Profit": 182,
        "Operating Income": 70,
        "EBIT": 123,
        "Net Income": 26
    },
    "2009-09-30": {
        "Diluted EPS": 0.34,
        "Total Revenue": 189,
        "Gross Profit": 156,
        "Operating Income": 59,
        "EBIT": 118,
        "Net Income": 37
    },
    "2009-06-30": {
        "Diluted EPS": 0.24,
        "Total Revenue": 178,
        "Gross Profit": 144,
        "Operating Income": 55,
        "EBIT": 106,
        "Net Income": 25
    },
    "2009-03-31": {
        "Diluted EPS": -0.07,
        "Total Revenue": 109,
        "Gross Profit": 79,
        "Operating Income": -5,
        "EBIT": 39,
        "Net Income": -7
    },
    "2023-09-30": {
        "Tax Effect Of Unusual Items": -20138939.913189,
        "Tax Rate For Calcs": 0.276972,
        "Normalized EBITDA": 625182000.0,
        "Total Unusual Items": -72711000.0,
        "Total Unusual Items Excluding Goodwill": -72711000.0,
        "Net Income From Continuing Operation Net Minority Interest": 127430000.0,
        "Reconciled Depreciation": 319731000.0,
        "Reconciled Cost Of Revenue": 783729000.0,
        "EBITDA": 552471000.0,
        "EBIT": 232740000.0,
        "Net Interest Income": -63034000.0,
        "Interest Expense": 56495000.0,
        "Normalized Income": 180002060.086811,
        "Net Income From Continuing And Discontinued Operation": 127430000.0,
        "Total Expenses": 852387000.0,
        "Diluted Average Shares": 860572000.0,
        "Basic Average Shares": 855300000.0,
        "Diluted EPS": 0.15,
        "Basic EPS": 0.15,
        "Diluted NI Availto Com Stockholders": 127430000.0,
        "Net Income Common Stockholders": 127430000.0,
        "Net Income": 127430000.0,
        "Net Income Including Noncontrolling Interests": 127430000.0,
        "Net Income Continuous Operations": 127430000.0,
        "Tax Provision": 48815000.0,
        "Pretax Income": 176245000.0,
        "Other Income Expense": -71344000.0,
        "Other Non Operating Income Expenses": 1367000.0,
        "Special Income Charges": -1388000.0,
        "Gain On Sale Of Ppe": 875000.0,
        "Restructuring And Mergern Acquisition": 2263000.0,
        "Gain On Sale Of Security": -71323000.0,
        "Net Non Operating Interest Income Expense": -63034000.0,
        "Total Other Finance Cost": 6539000.0,
        "Interest Expense Non Operating": 56495000.0,
        "Operating Income": 310623000.0,
        "Operating Expense": 68658000.0,
        "Other Operating Expenses": 33423000.0,
        "Selling General And Administration": 35235000.0,
        "General And Administrative Expense": 35235000.0,
        "Other Gand A": 20536000.0,
        "Salaries And Wages": 14699000.0,
        "Gross Profit": 379281000.0,
        "Cost Of Revenue": 783729000.0,
        "Total Revenue": 1163010000.0,
        "Operating Revenue": 1163010000.0
    },
    "2023-12-31": {
        "Tax Effect Of Unusual Items": -193156067.997151,
        "Tax Rate For Calcs": 0.215264,
        "Normalized EBITDA": 542522000.0,
        "Total Unusual Items": -897298000.0,
        "Total Unusual Items Excluding Goodwill": -897298000.0,
        "Net Income From Continuing Operation Net Minority Interest": -625830000.0,
        "Reconciled Depreciation": 386030000.0,
        "Reconciled Cost Of Revenue": 841770000.0,
        "EBITDA": -354776000.0,
        "EBIT": -740806000.0,
        "Net Interest Income": -59732000.0,
        "Interest Expense": 56698000.0,
        "Normalized Income": 78311932.002849,
        "Net Income From Continuing And Discontinued Operation": -625830000.0,
        "Total Expenses": 904161000.0,
        "Diluted Average Shares": NaN,
        "Basic Average Shares": NaN,
        "Diluted EPS": NaN,
        "Basic EPS": NaN,
        "Diluted NI Availto Com Stockholders": -625830000.0,
        "Net Income Common Stockholders": -625830000.0,
        "Net Income": -625830000.0,
        "Net Income Including Noncontrolling Interests": -625830000.0,
        "Net Income Continuous Operations": -625830000.0,
        "Tax Provision": -171674000.0,
        "Pretax Income": -797504000.0,
        "Other Income Expense": -899126000.0,
        "Other Non Operating Income Expenses": -1828000.0,
        "Special Income Charges": -980575000.0,
        "Gain On Sale Of Ppe": -141834000.0,
        "Restructuring And Mergern Acquisition": 5079000.0,
        "Gain On Sale Of Security": 83277000.0,
        "Net Non Operating Interest Income Expense": -59732000.0,
        "Total Other Finance Cost": 3034000.0,
        "Interest Expense Non Operating": 56698000.0,
        "Operating Income": 161354000.0,
        "Operating Expense": 62391000.0,
        "Other Operating Expenses": 43853000.0,
        "Selling General And Administration": 18538000.0,
        "General And Administrative Expense": 18538000.0,
        "Other Gand A": 22279000.0,
        "Salaries And Wages": -3741000.0,
        "Gross Profit": 223745000.0,
        "Cost Of Revenue": 841770000.0,
        "Total Revenue": 1065515000.0,
        "Operating Revenue": 1065515000.0
    },
    "2024-03-31": {
        "Tax Effect Of Unusual Items": -9851550.0,
        "Tax Rate For Calcs": 0.15,
        "Normalized EBITDA": 466532000.0,
        "Total Unusual Items": -65677000.0,
        "Total Unusual Items Excluding Goodwill": -65677000.0,
        "Net Income From Continuing Operation Net Minority Interest": -14043000.0,
        "Reconciled Depreciation": 344137000.0,
        "Reconciled Cost Of Revenue": 790951000.0,
        "EBITDA": 400855000.0,
        "EBIT": 56718000.0,
        "Net Interest Income": -56340000.0,
        "Interest Expense": 53280000.0,
        "Normalized Income": 41782450.0,
        "Net Income From Continuing And Discontinued Operation": -14043000.0,
        "Total Expenses": 857666000.0,
        "Diluted Average Shares": 821710000.0,
        "Basic Average Shares": 821710000.0,
        "Diluted EPS": -0.02,
        "Basic EPS": -0.02,
        "Diluted NI Availto Com Stockholders": -14043000.0,
        "Net Income Common Stockholders": -14043000.0,
        "Net Income": -14043000.0,
        "Net Income Including Noncontrolling Interests": -14043000.0,
        "Net Income Continuous Operations": -14043000.0,
        "Tax Provision": 17481000.0,
        "Pretax Income": 3438000.0,
        "Other Income Expense": -66748000.0,
        "Other Non Operating Income Expenses": -1071000.0,
        "Special Income Charges": 1122000.0,
        "Gain On Sale Of Ppe": 2661000.0,
        "Restructuring And Mergern Acquisition": 1539000.0,
        "Gain On Sale Of Security": -66799000.0,
        "Net Non Operating Interest Income Expense": -56340000.0,
        "Total Other Finance Cost": 3060000.0,
        "Interest Expense Non Operating": 53280000.0,
        "Operating Income": 126526000.0,
        "Operating Expense": 66715000.0,
        "Other Operating Expenses": 34780000.0,
        "Selling General And Administration": 31935000.0,
        "General And Administrative Expense": 31935000.0,
        "Other Gand A": 22412000.0,
        "Salaries And Wages": 9523000.0,
        "Gross Profit": 193241000.0,
        "Cost Of Revenue": 790951000.0,
        "Total Revenue": 984192000.0,
        "Operating Revenue": 984192000.0
    },
    "2024-06-30": {
        "Tax Effect Of Unusual Items": -3921216.70934,
        "Tax Rate For Calcs": 0.219885,
        "Normalized EBITDA": 558063000.0,
        "Total Unusual Items": -17833000.0,
        "Total Unusual Items Excluding Goodwill": -17833000.0,
        "Net Income From Continuing Operation Net Minority Interest": 103898000.0,
        "Reconciled Depreciation": 353101000.0,
        "Reconciled Cost Of Revenue": 661226000.0,
        "EBITDA": 540230000.0,
        "EBIT": 187129000.0,
        "Net Interest Income": -86158000.0,
        "Interest Expense": 53946000.0,
        "Normalized Income": 117809783.29066,
        "Net Income From Continuing And Discontinued Operation": 103898000.0,
        "Total Expenses": 894924000.0,
        "Diluted Average Shares": 818025000.0,
        "Basic Average Shares": 814151000.0,
        "Diluted EPS": 0.13,
        "Basic EPS": 0.13,
        "Diluted NI Availto Com Stockholders": 103898000.0,
        "Net Income Common Stockholders": 103898000.0,
        "Net Income": 103898000.0,
        "Net Income Including Noncontrolling Interests": 103898000.0,
        "Net Income Continuous Operations": 103898000.0,
        "Tax Provision": 29285000.0,
        "Pretax Income": 133183000.0,
        "Other Income Expense": -18858000.0,
        "Other Non Operating Income Expenses": -1025000.0,
        "Special Income Charges": -6311000.0,
        "Gain On Sale Of Ppe": -6311000.0,
        "Restructuring And Mergern Acquisition": 0.0,
        "Gain On Sale Of Security": -11522000.0,
        "Net Non Operating Interest Income Expense": -86158000.0,
        "Total Other Finance Cost": 32212000.0,
        "Interest Expense Non Operating": 53946000.0,
        "Operating Income": 238199000.0,
        "Operating Expense": 233698000.0,
        "Other Operating Expenses": 207127000.0,
        "Selling General And Administration": 26571000.0,
        "General And Administrative Expense": 26571000.0,
        "Other Gand A": 21006000.0,
        "Salaries And Wages": 5565000.0,
        "Gross Profit": 471897000.0,
        "Cost Of Revenue": 661226000.0,
        "Total Revenue": 1133123000.0,
        "Operating Revenue": 1133123000.0
    },
    "2024-09-30": {
        "Tax Effect Of Unusual Items": 6434413.024069,
        "Tax Rate For Calcs": 0.138709,
        "Normalized EBITDA": 575153000.0,
        "Total Unusual Items": 46388000.0,
        "Total Unusual Items Excluding Goodwill": 46388000.0,
        "Net Income From Continuing Operation Net Minority Interest": 185219000.0,
        "Reconciled Depreciation": 356384000.0,
        "Reconciled Cost Of Revenue": 799205000.0,
        "EBITDA": 621541000.0,
        "EBIT": 265157000.0,
        "Net Interest Income": -53176000.0,
        "Interest Expense": 50109000.0,
        "Normalized Income": 145265413.024069,
        "Net Income From Continuing And Discontinued Operation": 185219000.0,
        "Total Expenses": 861894000.0,
        "Diluted Average Shares": 800217000.0,
        "Basic Average Shares": 796064000.0,
        "Diluted EPS": 0.23,
        "Basic EPS": 0.23,
        "Diluted NI Availto Com Stockholders": 185219000.0,
        "Net Income Common Stockholders": 185219000.0,
        "Net Income": 185219000.0,
        "Net Income Including Noncontrolling Interests": 185219000.0,
        "Net Income Continuous Operations": 185219000.0,
        "Tax Provision": 29829000.0,
        "Pretax Income": 215048000.0,
        "Other Income Expense": 55495000.0,
        "Other Non Operating Income Expenses": 9107000.0,
        "Special Income Charges": -1091000.0,
        "Gain On Sale Of Ppe": -1091000.0,
        "Restructuring And Mergern Acquisition": 0.0,
        "Gain On Sale Of Security": 47479000.0,
        "Net Non Operating Interest Income Expense": -53176000.0,
        "Total Other Finance Cost": 3067000.0,
        "Interest Expense Non Operating": 50109000.0,
        "Operating Income": 212729000.0,
        "Operating Expense": 62689000.0,
        "Other Operating Expenses": 42489000.0,
        "Selling General And Administration": 20200000.0,
        "General And Administrative Expense": 20200000.0,
        "Other Gand A": 17895000.0,
        "Salaries And Wages": 2305000.0,
        "Gross Profit": 275418000.0,
        "Cost Of Revenue": 799205000.0,
        "Total Revenue": 1074623000.0,
        "Operating Revenue": 1074623000.0
    }
}