{
    "2023-03-31": {
        "Tax Effect Of Unusual Items": -5675880.0,
        "Tax Rate For Calcs": 0.21,
        "Normalized EBITDA": 8412000.0,
        "Total Unusual Items": -27028000.0,
        "Total Unusual Items Excluding Goodwill": -27028000.0,
        "Net Income From Continuing Operation Net Minority Interest": -6805000.0,
        "Reconciled Depreciation": 538000.0,
        "Reconciled Cost Of Revenue": 13877000.0,
        "EBITDA": -18616000.0,
        "EBIT": -19154000.0,
        "Net Interest Income": -1646000.0,
        "Interest Expense": 1646000.0,
        "Normalized Income": 14547120.0,
        "Net Income From Continuing And Discontinued Operation": -6805000.0,
        "Total Expenses": 36962000.0,
        "Total Operating Income As Reported": 7881000.0,
        "Diluted Average Shares": 17585045.0,
        "Basic Average Shares": 17585045.0,
        "Diluted EPS": -0.39,
        "Basic EPS": -0.39,
        "Diluted NI Availto Com Stockholders": -6805000.0,
        "Net Income Common Stockholders": -6805000.0,
        "Net Income": -6805000.0,
        "Minority Interests": 14625000.0,
        "Net Income Including Noncontrolling Interests": -21430000.0,
        "Net Income Continuous Operations": -21430000.0,
        "Tax Provision": 630000.0,
        "Pretax Income": -20800000.0,
        "Other Income Expense": -27035000.0,
        "Other Non Operating Income Expenses": -7000.0,
        "Special Income Charges": -25410000.0,
        "Other Special Charges": NaN,
        "Restructuring And Mergern Acquisition": 25410000.0,
        "Gain On Sale Of Security": -1618000.0,
        "Net Non Operating Interest Income Expense": -1646000.0,
        "Interest Expense Non Operating": 1646000.0,
        "Operating Income": 7881000.0,
        "Operating Expense": 23085000.0,
        "Other Operating Expenses": NaN,
        "Selling General And Administration": 23085000.0,
        "Selling And Marketing Expense": NaN,
        "General And Administrative Expense": 23085000.0,
        "Other Gand A": 23085000.0,
        "Gross Profit": 30966000.0,
        "Cost Of Revenue": 13877000.0,
        "Total Revenue": 44843000.0,
        "Operating Revenue": 44843000.0
    },
    "2022-12-31": {
        "Tax Effect Of Unusual Items": NaN,
        "Tax Rate For Calcs": NaN,
        "Normalized EBITDA": NaN,
        "Total Unusual Items": NaN,
        "Total Unusual Items Excluding Goodwill": NaN,
        "Net Income From Continuing Operation Net Minority Interest": NaN,
        "Reconciled Depreciation": NaN,
        "Reconciled Cost Of Revenue": NaN,
        "EBITDA": NaN,
        "EBIT": NaN,
        "Net Interest Income": NaN,
        "Interest Expense": NaN,
        "Normalized Income": NaN,
        "Net Income From Continuing And Discontinued Operation": NaN,
        "Total Expenses": NaN,
        "Total Operating Income As Reported": NaN,
        "Diluted Average Shares": NaN,
        "Basic Average Shares": NaN,
        "Diluted EPS": NaN,
        "Basic EPS": NaN,
        "Diluted NI Availto Com Stockholders": NaN,
        "Net Income Common Stockholders": NaN,
        "Net Income": NaN,
        "Minority Interests": NaN,
        "Net Income Including Noncontrolling Interests": NaN,
        "Net Income Continuous Operations": NaN,
        "Tax Provision": NaN,
        "Pretax Income": NaN,
        "Other Income Expense": NaN,
        "Other Non Operating Income Expenses": NaN,
        "Special Income Charges": NaN,
        "Other Special Charges": 0.0,
        "Restructuring And Mergern Acquisition": NaN,
        "Gain On Sale Of Security": 575000.0,
        "Net Non Operating Interest Income Expense": NaN,
        "Interest Expense Non Operating": NaN,
        "Operating Income": NaN,
        "Operating Expense": NaN,
        "Other Operating Expenses": 186000.0,
        "Selling General And Administration": NaN,
        "Selling And Marketing Expense": 1276000.0,
        "General And Administrative Expense": 20296000.0,
        "Other Gand A": 20296000.0,
        "Gross Profit": NaN,
        "Cost Of Revenue": NaN,
        "Total Revenue": NaN,
        "Operating Revenue": NaN
    },
    "2022-09-30": {
        "Tax Effect Of Unusual Items": NaN,
        "Tax Rate For Calcs": NaN,
        "Normalized EBITDA": NaN,
        "Total Unusual Items": NaN,
        "Total Unusual Items Excluding Goodwill": NaN,
        "Net Income From Continuing Operation Net Minority Interest": NaN,
        "Reconciled Depreciation": NaN,
        "Reconciled Cost Of Revenue": NaN,
        "EBITDA": NaN,
        "EBIT": NaN,
        "Net Interest Income": NaN,
        "Interest Expense": NaN,
        "Normalized Income": NaN,
        "Net Income From Continuing And Discontinued Operation": NaN,
        "Total Expenses": NaN,
        "Total Operating Income As Reported": NaN,
        "Diluted Average Shares": NaN,
        "Basic Average Shares": NaN,
        "Diluted EPS": NaN,
        "Basic EPS": NaN,
        "Diluted NI Availto Com Stockholders": NaN,
        "Net Income Common Stockholders": NaN,
        "Net Income": NaN,
        "Minority Interests": NaN,
        "Net Income Including Noncontrolling Interests": NaN,
        "Net Income Continuous Operations": NaN,
        "Tax Provision": NaN,
        "Pretax Income": NaN,
        "Other Income Expense": NaN,
        "Other Non Operating Income Expenses": NaN,
        "Special Income Charges": NaN,
        "Other Special Charges": NaN,
        "Restructuring And Mergern Acquisition": NaN,
        "Gain On Sale Of Security": 1153000.0,
        "Net Non Operating Interest Income Expense": NaN,
        "Interest Expense Non Operating": NaN,
        "Operating Income": NaN,
        "Operating Expense": NaN,
        "Other Operating Expenses": 209000.0,
        "Selling General And Administration": NaN,
        "Selling And Marketing Expense": 997000.0,
        "General And Administrative Expense": 19612000.0,
        "Other Gand A": 19612000.0,
        "Gross Profit": NaN,
        "Cost Of Revenue": NaN,
        "Total Revenue": NaN,
        "Operating Revenue": NaN
    },
    "2022-06-30": {
        "Tax Effect Of Unusual Items": 0.0,
        "Tax Rate For Calcs": 0.4,
        "Normalized EBITDA": -76186000.0,
        "Total Unusual Items": 126304000.0,
        "Total Unusual Items Excluding Goodwill": 126304000.0,
        "Net Income From Continuing Operation Net Minority Interest": 49710000.0,
        "Reconciled Depreciation": 562000.0,
        "Reconciled Cost Of Revenue": 13537000.0,
        "EBITDA": -76186000.0,
        "EBIT": -76186000.0,
        "Net Interest Income": -794000.0,
        "Interest Expense": 794000.0,
        "Normalized Income": 49710000.0,
        "Net Income From Continuing And Discontinued Operation": 49710000.0,
        "Total Expenses": 126962000.0,
        "Total Operating Income As Reported": -76186000.0,
        "Diluted Average Shares": 7574271.0,
        "Basic Average Shares": 7574271.0,
        "Diluted EPS": -0.34,
        "Basic EPS": -0.34,
        "Diluted NI Availto Com Stockholders": 49710000.0,
        "Net Income Common Stockholders": 49710000.0,
        "Net Income": 49710000.0,
        "Minority Interests": 75115000.0,
        "Net Income Including Noncontrolling Interests": 49710000.0,
        "Net Income Continuous Operations": 49710000.0,
        "Tax Provision": -346000.0,
        "Pretax Income": 39995000.0,
        "Other Income Expense": 126392000.0,
        "Other Non Operating Income Expenses": 88000.0,
        "Special Income Charges": 122905000.0,
        "Other Special Charges": 445000.0,
        "Restructuring And Mergern Acquisition": -123350000.0,
        "Gain On Sale Of Security": 3399000.0,
        "Net Non Operating Interest Income Expense": -794000.0,
        "Interest Expense Non Operating": 794000.0,
        "Operating Income": -76186000.0,
        "Operating Expense": 113425000.0,
        "Other Operating Expenses": 363000.0,
        "Selling General And Administration": 113062000.0,
        "Selling And Marketing Expense": 1114000.0,
        "General And Administrative Expense": 111948000.0,
        "Other Gand A": 111948000.0,
        "Gross Profit": 27822000.0,
        "Cost Of Revenue": 13537000.0,
        "Total Revenue": 41359000.0,
        "Operating Revenue": 41359000.0
    },
    "2022-03-31": {
        "Diluted EPS": 0.0,
        "Total Revenue": 37,
        "Gross Profit": 25,
        "Operating Income": 10,
        "EBIT": 10,
        "Net Income": 9
    },
    "2021-12-31": {
        "Diluted EPS": 0.0,
        "Total Revenue": 69,
        "Gross Profit": 44,
        "Operating Income": 15,
        "EBIT": 16,
        "Net Income": 18
    },
    "2021-09-30": {
        "Diluted EPS": 0.0,
        "Total Revenue": 36,
        "Gross Profit": 23,
        "Operating Income": 9,
        "EBIT": 9,
        "Net Income": 9
    },
    "2021-06-30": {
        "Diluted EPS": 0.0,
        "Total Revenue": 35,
        "Gross Profit": 23,
        "Operating Income": 10,
        "EBIT": 10,
        "Net Income": 10
    },
    "2021-03-31": {
        "Diluted EPS": -0.23,
        "Total Revenue": NaN,
        "Gross Profit": NaN,
        "Operating Income": 0,
        "EBIT": 0,
        "Net Income": -4
    },
    "2020-12-31": {
        "Diluted EPS": 0.0,
        "Total Revenue": NaN,
        "Gross Profit": NaN,
        "Operating Income": NaN,
        "EBIT": NaN,
        "Net Income": NaN
    },
    "2020-09-30": {
        "Diluted EPS": 0.0,
        "Total Revenue": NaN,
        "Gross Profit": NaN,
        "Operating Income": NaN,
        "EBIT": NaN,
        "Net Income": NaN
    },
    "2023-06-30": {
        "Tax Effect Of Unusual Items": -3820530.0,
        "Tax Rate For Calcs": 0.21,
        "Normalized EBITDA": 9097000.0,
        "Total Unusual Items": -18193000.0,
        "Total Unusual Items Excluding Goodwill": -18193000.0,
        "Net Income From Continuing Operation Net Minority Interest": -5143000.0,
        "Reconciled Depreciation": 530000.0,
        "Reconciled Cost Of Revenue": 15828000.0,
        "EBITDA": -9096000.0,
        "EBIT": -9626000.0,
        "Net Interest Income": -2547000.0,
        "Interest Expense": 2547000.0,
        "Normalized Income": 9229470.0,
        "Net Income From Continuing And Discontinued Operation": -5143000.0,
        "Total Expenses": 41588000.0,
        "Total Operating Income As Reported": 7669000.0,
        "Diluted Average Shares": 20704866.0,
        "Basic Average Shares": 20704866.0,
        "Diluted EPS": -0.25,
        "Basic EPS": -0.25,
        "Diluted NI Availto Com Stockholders": -5143000.0,
        "Net Income Common Stockholders": -5143000.0,
        "Net Income": -5143000.0,
        "Minority Interests": 7952000.0,
        "Net Income Including Noncontrolling Interests": -13095000.0,
        "Net Income Continuous Operations": -13095000.0,
        "Tax Provision": 922000.0,
        "Pretax Income": -12173000.0,
        "Other Income Expense": -17295000.0,
        "Other Non Operating Income Expenses": 898000.0,
        "Special Income Charges": -6400000.0,
        "Other Special Charges": NaN,
        "Restructuring And Mergern Acquisition": 6400000.0,
        "Gain On Sale Of Security": -11793000.0,
        "Net Non Operating Interest Income Expense": -2547000.0,
        "Interest Expense Non Operating": 2547000.0,
        "Operating Income": 7669000.0,
        "Operating Expense": 25760000.0,
        "Other Operating Expenses": NaN,
        "Selling General And Administration": 25760000.0,
        "Selling And Marketing Expense": NaN,
        "General And Administrative Expense": 25760000.0,
        "Other Gand A": 25760000.0,
        "Gross Profit": 33429000.0,
        "Cost Of Revenue": 15828000.0,
        "Total Revenue": 49257000.0,
        "Operating Revenue": 49257000.0
    },
    "2023-09-30": {
        "Tax Effect Of Unusual Items": 2874693.825481,
        "Tax Rate For Calcs": 0.164739,
        "Normalized EBITDA": 8012000.0,
        "Total Unusual Items": 17450000.0,
        "Total Unusual Items Excluding Goodwill": 17450000.0,
        "Net Income From Continuing Operation Net Minority Interest": 7530000.0,
        "Reconciled Depreciation": 416000.0,
        "Reconciled Cost Of Revenue": 14167000.0,
        "EBITDA": 25462000.0,
        "EBIT": 25046000.0,
        "Net Interest Income": -1530000.0,
        "Interest Expense": 1530000.0,
        "Normalized Income": -7045306.174519,
        "Net Income From Continuing And Discontinued Operation": 7530000.0,
        "Total Expenses": 37958000.0,
        "Total Operating Income As Reported": 7599000.0,
        "Diluted Average Shares": 31041245.0,
        "Basic Average Shares": 30334193.0,
        "Diluted EPS": 0.24,
        "Basic EPS": 0.25,
        "Diluted NI Availto Com Stockholders": 7530000.0,
        "Net Income Common Stockholders": 7530000.0,
        "Net Income": 7530000.0,
        "Minority Interests": -12112000.0,
        "Net Income Including Noncontrolling Interests": 19642000.0,
        "Net Income Continuous Operations": 19642000.0,
        "Tax Provision": 3874000.0,
        "Pretax Income": 23516000.0,
        "Other Income Expense": 17447000.0,
        "Other Non Operating Income Expenses": -3000.0,
        "Special Income Charges": 17450000.0,
        "Other Special Charges": NaN,
        "Restructuring And Mergern Acquisition": -17450000.0,
        "Gain On Sale Of Security": NaN,
        "Net Non Operating Interest Income Expense": -1530000.0,
        "Interest Expense Non Operating": 1530000.0,
        "Operating Income": 7599000.0,
        "Operating Expense": 23791000.0,
        "Other Operating Expenses": NaN,
        "Selling General And Administration": 23791000.0,
        "Selling And Marketing Expense": NaN,
        "General And Administrative Expense": NaN,
        "Other Gand A": NaN,
        "Gross Profit": 31390000.0,
        "Cost Of Revenue": 14167000.0,
        "Total Revenue": 45557000.0,
        "Operating Revenue": 45557000.0
    },
    "2023-12-31": {
        "Tax Effect Of Unusual Items": 1127700.0,
        "Tax Rate For Calcs": 0.21,
        "Normalized EBITDA": 7016000.0,
        "Total Unusual Items": 5370000.0,
        "Total Unusual Items Excluding Goodwill": 5370000.0,
        "Net Income From Continuing Operation Net Minority Interest": 7734000.0,
        "Reconciled Depreciation": 1510000.0,
        "Reconciled Cost Of Revenue": 14005000.0,
        "EBITDA": 12386000.0,
        "EBIT": 10876000.0,
        "Net Interest Income": -1542000.0,
        "Interest Expense": 1542000.0,
        "Normalized Income": 3491700.0,
        "Net Income From Continuing And Discontinued Operation": 7734000.0,
        "Total Expenses": 40195000.0,
        "Total Operating Income As Reported": 5508000.0,
        "Diluted Average Shares": 63352513.0,
        "Basic Average Shares": 33982258.0,
        "Diluted EPS": 0.18,
        "Basic EPS": 0.23,
        "Diluted NI Availto Com Stockholders": 7734000.0,
        "Net Income Common Stockholders": 7734000.0,
        "Net Income": 7734000.0,
        "Minority Interests": -4344000.0,
        "Net Income Including Noncontrolling Interests": 12078000.0,
        "Net Income Continuous Operations": 12078000.0,
        "Tax Provision": -2744000.0,
        "Pretax Income": 9334000.0,
        "Other Income Expense": 5368000.0,
        "Other Non Operating Income Expenses": -2000.0,
        "Special Income Charges": 5370000.0,
        "Other Special Charges": NaN,
        "Restructuring And Mergern Acquisition": -5370000.0,
        "Gain On Sale Of Security": 0.0,
        "Net Non Operating Interest Income Expense": -1542000.0,
        "Interest Expense Non Operating": 1542000.0,
        "Operating Income": 5508000.0,
        "Operating Expense": 26190000.0,
        "Other Operating Expenses": NaN,
        "Selling General And Administration": 26190000.0,
        "Selling And Marketing Expense": NaN,
        "General And Administrative Expense": NaN,
        "Other Gand A": NaN,
        "Gross Profit": 31698000.0,
        "Cost Of Revenue": 14005000.0,
        "Total Revenue": 45703000.0,
        "Operating Revenue": 45703000.0
    },
    "2024-03-31": {
        "Tax Effect Of Unusual Items": -4835600.0,
        "Tax Rate For Calcs": 0.4,
        "Normalized EBITDA": 11175000.0,
        "Total Unusual Items": -12089000.0,
        "Total Unusual Items Excluding Goodwill": -12089000.0,
        "Net Income From Continuing Operation Net Minority Interest": -2070000.0,
        "Reconciled Depreciation": 750000.0,
        "Reconciled Cost Of Revenue": 13367000.0,
        "EBITDA": -914000.0,
        "EBIT": -1664000.0,
        "Net Interest Income": -1660000.0,
        "Interest Expense": 1660000.0,
        "Normalized Income": 5183400.0,
        "Net Income From Continuing And Discontinued Operation": -2070000.0,
        "Total Expenses": 36377000.0,
        "Total Operating Income As Reported": 10427000.0,
        "Diluted Average Shares": 34621166.0,
        "Basic Average Shares": 34621166.0,
        "Diluted EPS": -0.06,
        "Basic EPS": -0.06,
        "Diluted NI Availto Com Stockholders": -2070000.0,
        "Net Income Common Stockholders": -2070000.0,
        "Net Income": -2070000.0,
        "Minority Interests": 3740000.0,
        "Net Income Including Noncontrolling Interests": -5810000.0,
        "Net Income Continuous Operations": -5810000.0,
        "Tax Provision": 2486000.0,
        "Pretax Income": -3324000.0,
        "Other Income Expense": -12091000.0,
        "Other Non Operating Income Expenses": -2000.0,
        "Special Income Charges": -12089000.0,
        "Other Special Charges": NaN,
        "Restructuring And Mergern Acquisition": 12089000.0,
        "Gain On Sale Of Security": NaN,
        "Net Non Operating Interest Income Expense": -1660000.0,
        "Interest Expense Non Operating": 1660000.0,
        "Operating Income": 10427000.0,
        "Operating Expense": 23010000.0,
        "Other Operating Expenses": NaN,
        "Selling General And Administration": 23010000.0,
        "Selling And Marketing Expense": NaN,
        "General And Administrative Expense": NaN,
        "Other Gand A": NaN,
        "Gross Profit": 33437000.0,
        "Cost Of Revenue": 13367000.0,
        "Total Revenue": 46804000.0,
        "Operating Revenue": 46804000.0
    }
}