{
    "2023-03-31": {
        "Tax Effect Of Unusual Items": NaN,
        "Tax Rate For Calcs": NaN,
        "Net Income From Continuing Operation Net Minority Interest": NaN,
        "Net Interest Income": NaN,
        "Interest Expense": NaN,
        "Interest Income": NaN,
        "Normalized Income": NaN,
        "Net Income From Continuing And Discontinued Operation": NaN,
        "Diluted Average Shares": NaN,
        "Basic Average Shares": NaN,
        "Diluted EPS": NaN,
        "Basic EPS": NaN,
        "Diluted NI Availto Com Stockholders": NaN,
        "Net Income Common Stockholders": NaN,
        "Net Income": NaN,
        "Minority Interests": NaN,
        "Net Income Including Noncontrolling Interests": NaN,
        "Net Income Continuous Operations": NaN,
        "Tax Provision": NaN,
        "Pretax Income": NaN,
        "Gain On Sale Of Security": NaN,
        "Operating Expense": NaN,
        "Other Operating Expenses": 863000.0,
        "Selling General And Administration": NaN,
        "General And Administrative Expense": NaN,
        "Total Revenue": NaN,
        "Operating Revenue": NaN
    },
    "2022-06-30": {
        "Tax Effect Of Unusual Items": 0.0,
        "Tax Rate For Calcs": 0.4,
        "Net Income From Continuing Operation Net Minority Interest": -77781000.0,
        "Net Interest Income": -19169000.0,
        "Interest Expense": 19169000.0,
        "Interest Income": 0.0,
        "Normalized Income": -77781000.0,
        "Net Income From Continuing And Discontinued Operation": -77781000.0,
        "Diluted Average Shares": 218822365.0,
        "Basic Average Shares": 218822365.0,
        "Diluted EPS": -0.23,
        "Basic EPS": -0.23,
        "Diluted NI Availto Com Stockholders": -77781000.0,
        "Net Income Common Stockholders": -77781000.0,
        "Net Income": -77781000.0,
        "Minority Interests": -8243000.0,
        "Net Income Including Noncontrolling Interests": -69538000.0,
        "Net Income Continuous Operations": -69538000.0,
        "Tax Provision": 4301000.0,
        "Pretax Income": -65237000.0,
        "Operating Expense": 22195000.0,
        "Other Operating Expenses": 932000.0,
        "Selling General And Administration": 10005000.0,
        "General And Administrative Expense": 10005000.0,
        "Total Revenue": -43042000.0,
        "Operating Revenue": -43042000.0
    },
    "2022-12-31": {
        "Tax Effect Of Unusual Items": 0.0,
        "Tax Rate For Calcs": 0.007505,
        "Net Income From Continuing Operation Net Minority Interest": 81914000.0,
        "Net Interest Income": -20464000.0,
        "Interest Expense": 20464000.0,
        "Interest Income": 0.0,
        "Normalized Income": 81914000.0,
        "Net Income From Continuing And Discontinued Operation": 81914000.0,
        "Diluted Average Shares": NaN,
        "Basic Average Shares": NaN,
        "Diluted EPS": NaN,
        "Basic EPS": NaN,
        "Diluted NI Availto Com Stockholders": 81914000.0,
        "Net Income Common Stockholders": 81914000.0,
        "Net Income": 81914000.0,
        "Minority Interests": -17802000.0,
        "Net Income Including Noncontrolling Interests": 99716000.0,
        "Net Income Continuous Operations": 99716000.0,
        "Tax Provision": 754000.0,
        "Pretax Income": 100470000.0,
        "Operating Expense": -10743000.0,
        "Other Operating Expenses": NaN,
        "Selling General And Administration": 22327000.0,
        "General And Administrative Expense": 22327000.0,
        "Total Revenue": 89727000.0,
        "Operating Revenue": 89727000.0
    },
    "2022-03-31": {
        "Diluted EPS": 0.25,
        "Total Revenue": 123,
        "Gross Profit": 123,
        "Operating Income": 93,
        "EBIT": 93,
        "Net Income": 56
    },
    "2021-12-31": {
        "Diluted EPS": 0.0,
        "Total Revenue": NaN,
        "Gross Profit": NaN,
        "Operating Income": NaN,
        "EBIT": NaN,
        "Net Income": NaN
    },
    "2023-06-30": {
        "Tax Effect Of Unusual Items": NaN,
        "Tax Rate For Calcs": NaN,
        "Net Income From Continuing Operation Net Minority Interest": NaN,
        "Net Interest Income": NaN,
        "Interest Expense": NaN,
        "Interest Income": NaN,
        "Normalized Income": NaN,
        "Net Income From Continuing And Discontinued Operation": NaN,
        "Diluted Average Shares": NaN,
        "Basic Average Shares": NaN,
        "Diluted EPS": NaN,
        "Basic EPS": NaN,
        "Diluted NI Availto Com Stockholders": NaN,
        "Net Income Common Stockholders": NaN,
        "Net Income": NaN,
        "Minority Interests": NaN,
        "Net Income Including Noncontrolling Interests": NaN,
        "Net Income Continuous Operations": NaN,
        "Tax Provision": NaN,
        "Pretax Income": NaN,
        "Gain On Sale Of Security": 1542000.0,
        "Operating Expense": NaN,
        "Other Operating Expenses": 868000.0,
        "Selling General And Administration": NaN,
        "General And Administrative Expense": NaN,
        "Total Revenue": NaN,
        "Operating Revenue": NaN
    },
    "2023-09-30": {
        "Tax Effect Of Unusual Items": 0.0,
        "Tax Rate For Calcs": 0.0,
        "Net Income From Continuing Operation Net Minority Interest": 272542000.0,
        "Net Interest Income": -29013000.0,
        "Interest Expense": 29013000.0,
        "Interest Income": 0.0,
        "Normalized Income": 272542000.0,
        "Net Income From Continuing And Discontinued Operation": 272542000.0,
        "Diluted Average Shares": 223395082.0,
        "Basic Average Shares": 219791935.0,
        "Diluted EPS": 1.22,
        "Basic EPS": 1.24,
        "Diluted NI Availto Com Stockholders": 272542000.0,
        "Net Income Common Stockholders": 272542000.0,
        "Net Income": 272542000.0,
        "Minority Interests": -24592000.0,
        "Net Income Including Noncontrolling Interests": 297134000.0,
        "Net Income Continuous Operations": 297134000.0,
        "Tax Provision": -531000.0,
        "Pretax Income": 296603000.0,
        "Gain On Sale Of Security": NaN,
        "Operating Expense": 53068000.0,
        "Other Operating Expenses": NaN,
        "Selling General And Administration": 53068000.0,
        "General And Administrative Expense": 53068000.0,
        "Total Revenue": 349671000.0,
        "Operating Revenue": 349671000.0
    },
    "2022-09-30": {
        "Tax Effect Of Unusual Items": NaN,
        "Tax Rate For Calcs": NaN,
        "Net Income From Continuing Operation Net Minority Interest": NaN,
        "Net Interest Income": NaN,
        "Interest Expense": NaN,
        "Interest Income": NaN,
        "Normalized Income": NaN,
        "Net Income From Continuing And Discontinued Operation": NaN,
        "Diluted Average Shares": 218701464.0,
        "Basic Average Shares": 218701464.0,
        "Diluted EPS": -0.27,
        "Basic EPS": -0.27,
        "Diluted NI Availto Com Stockholders": NaN,
        "Net Income Common Stockholders": NaN,
        "Net Income": NaN,
        "Minority Interests": NaN,
        "Net Income Including Noncontrolling Interests": NaN,
        "Net Income Continuous Operations": NaN,
        "Tax Provision": NaN,
        "Pretax Income": NaN,
        "Operating Expense": NaN,
        "Other Operating Expenses": NaN,
        "Selling General And Administration": NaN,
        "General And Administrative Expense": NaN,
        "Total Revenue": NaN,
        "Operating Revenue": NaN
    },
    "2023-12-31": {
        "Tax Effect Of Unusual Items": 0.0,
        "Tax Rate For Calcs": 0.031378,
        "Net Income From Continuing Operation Net Minority Interest": 100095000.0,
        "Net Interest Income": -23915000.0,
        "Interest Expense": 23915000.0,
        "Interest Income": 0.0,
        "Normalized Income": 100095000.0,
        "Net Income From Continuing And Discontinued Operation": 100095000.0,
        "Diluted Average Shares": 218962441.0,
        "Basic Average Shares": 218962441.0,
        "Diluted EPS": 0.45,
        "Basic EPS": 0.46,
        "Diluted NI Availto Com Stockholders": 100095000.0,
        "Net Income Common Stockholders": 100095000.0,
        "Net Income": 100095000.0,
        "Minority Interests": -39865000.0,
        "Net Income Including Noncontrolling Interests": 139960000.0,
        "Net Income Continuous Operations": 139960000.0,
        "Tax Provision": 4534000.0,
        "Pretax Income": 144494000.0,
        "Gain On Sale Of Security": NaN,
        "Operating Expense": -14496000.0,
        "Other Operating Expenses": NaN,
        "Selling General And Administration": 24995000.0,
        "General And Administrative Expense": 24995000.0,
        "Total Revenue": 129998000.0,
        "Operating Revenue": 129998000.0
    },
    "2024-03-31": {
        "Tax Effect Of Unusual Items": 0.0,
        "Tax Rate For Calcs": 0.074278,
        "Net Income From Continuing Operation Net Minority Interest": -29937000.0,
        "Net Interest Income": -32567000.0,
        "Interest Expense": 32567000.0,
        "Interest Income": 0.0,
        "Normalized Income": -29937000.0,
        "Net Income From Continuing And Discontinued Operation": -29937000.0,
        "Diluted Average Shares": 218673490.0,
        "Basic Average Shares": 218673490.0,
        "Diluted EPS": -0.14,
        "Basic EPS": -0.14,
        "Diluted NI Availto Com Stockholders": -29937000.0,
        "Net Income Common Stockholders": -29937000.0,
        "Net Income": -29937000.0,
        "Minority Interests": -12439000.0,
        "Net Income Including Noncontrolling Interests": -17498000.0,
        "Net Income Continuous Operations": -17498000.0,
        "Tax Provision": -1404000.0,
        "Pretax Income": -18902000.0,
        "Gain On Sale Of Security": NaN,
        "Operating Expense": 23664000.0,
        "Other Operating Expenses": NaN,
        "Selling General And Administration": 8137000.0,
        "General And Administrative Expense": 8137000.0,
        "Total Revenue": 4762000.0,
        "Operating Revenue": 4762000.0
    },
    "2024-06-30": {
        "Tax Effect Of Unusual Items": 0.0,
        "Tax Rate For Calcs": 0.134496,
        "Net Income From Continuing Operation Net Minority Interest": 53746000.0,
        "Net Interest Income": -39554000.0,
        "Interest Expense": 33290000.0,
        "Interest Income": -6264000.0,
        "Normalized Income": 53746000.0,
        "Net Income From Continuing And Discontinued Operation": 53746000.0,
        "Diluted Average Shares": 223343801.0,
        "Basic Average Shares": 219163767.0,
        "Diluted EPS": 0.24,
        "Basic EPS": 0.25,
        "Diluted NI Availto Com Stockholders": 53746000.0,
        "Net Income Common Stockholders": 53746000.0,
        "Net Income": 53746000.0,
        "Minority Interests": -21526000.0,
        "Net Income Including Noncontrolling Interests": 75272000.0,
        "Net Income Continuous Operations": 75272000.0,
        "Tax Provision": 11697000.0,
        "Pretax Income": 86969000.0,
        "Gain On Sale Of Security": 6278000.0,
        "Operating Expense": 21436000.0,
        "Other Operating Expenses": 1176000.0,
        "Selling General And Administration": 9154000.0,
        "General And Administrative Expense": 9154000.0,
        "Total Revenue": 108405000.0,
        "Operating Revenue": 108405000.0
    },
    "2024-09-30": {
        "Tax Effect Of Unusual Items": 0.0,
        "Tax Rate For Calcs": 0.07,
        "Net Income From Continuing Operation Net Minority Interest": 135643000.0,
        "Net Interest Income": -34399000.0,
        "Interest Expense": 34399000.0,
        "Interest Income": 0.0,
        "Normalized Income": 135643000.0,
        "Net Income From Continuing And Discontinued Operation": 135643000.0,
        "Diluted Average Shares": 222365574.0,
        "Basic Average Shares": 218779032.0,
        "Diluted EPS": 0.61,
        "Basic EPS": 0.62,
        "Diluted NI Availto Com Stockholders": 135643000.0,
        "Net Income Common Stockholders": 135643000.0,
        "Net Income": 135643000.0,
        "Minority Interests": -22221000.0,
        "Net Income Including Noncontrolling Interests": 157864000.0,
        "Net Income Continuous Operations": 157864000.0,
        "Tax Provision": 11468000.0,
        "Pretax Income": 169332000.0,
        "Gain On Sale Of Security": NaN,
        "Operating Expense": 46893000.0,
        "Other Operating Expenses": NaN,
        "Selling General And Administration": 46893000.0,
        "General And Administrative Expense": 46893000.0,
        "Total Revenue": 216225000.0,
        "Operating Revenue": 216225000.0
    }
}