{
    "2023-06-30": {
        "Tax Effect Of Unusual Items": NaN,
        "Tax Rate For Calcs": NaN,
        "Normalized EBITDA": NaN,
        "Total Unusual Items": NaN,
        "Total Unusual Items Excluding Goodwill": NaN,
        "Net Income From Continuing Operation Net Minority Interest": NaN,
        "Reconciled Depreciation": 39114000.0,
        "Reconciled Cost Of Revenue": NaN,
        "EBITDA": NaN,
        "EBIT": NaN,
        "Net Interest Income": NaN,
        "Interest Expense": NaN,
        "Interest Income": NaN,
        "Normalized Income": NaN,
        "Net Income From Continuing And Discontinued Operation": NaN,
        "Total Expenses": NaN,
        "Total Operating Income As Reported": NaN,
        "Diluted Average Shares": NaN,
        "Basic Average Shares": NaN,
        "Diluted EPS": NaN,
        "Basic EPS": NaN,
        "Diluted NI Availto Com Stockholders": NaN,
        "Net Income Common Stockholders": NaN,
        "Net Income": NaN,
        "Minority Interests": NaN,
        "Net Income Including Noncontrolling Interests": NaN,
        "Net Income Discontinuous Operations": NaN,
        "Net Income Continuous Operations": NaN,
        "Tax Provision": NaN,
        "Pretax Income": NaN,
        "Other Income Expense": NaN,
        "Other Non Operating Income Expenses": NaN,
        "Special Income Charges": NaN,
        "Impairment Of Capital Assets": NaN,
        "Earnings From Equity Interest": NaN,
        "Gain On Sale Of Security": NaN,
        "Net Non Operating Interest Income Expense": NaN,
        "Interest Expense Non Operating": NaN,
        "Interest Income Non Operating": NaN,
        "Operating Income": NaN,
        "Operating Expense": NaN,
        "Other Operating Expenses": NaN,
        "Selling General And Administration": NaN,
        "Selling And Marketing Expense": NaN,
        "General And Administrative Expense": NaN,
        "Other Gand A": NaN,
        "Gross Profit": NaN,
        "Cost Of Revenue": NaN,
        "Total Revenue": NaN,
        "Operating Revenue": NaN
    },
    "2023-03-31": {
        "Tax Effect Of Unusual Items": NaN,
        "Tax Rate For Calcs": NaN,
        "Normalized EBITDA": NaN,
        "Total Unusual Items": NaN,
        "Total Unusual Items Excluding Goodwill": NaN,
        "Net Income From Continuing Operation Net Minority Interest": NaN,
        "Reconciled Depreciation": 31438000.0,
        "Reconciled Cost Of Revenue": NaN,
        "EBITDA": NaN,
        "EBIT": NaN,
        "Net Interest Income": NaN,
        "Interest Expense": NaN,
        "Interest Income": NaN,
        "Normalized Income": NaN,
        "Net Income From Continuing And Discontinued Operation": NaN,
        "Total Expenses": NaN,
        "Total Operating Income As Reported": NaN,
        "Diluted Average Shares": NaN,
        "Basic Average Shares": NaN,
        "Diluted EPS": NaN,
        "Basic EPS": NaN,
        "Diluted NI Availto Com Stockholders": NaN,
        "Net Income Common Stockholders": NaN,
        "Net Income": NaN,
        "Minority Interests": NaN,
        "Net Income Including Noncontrolling Interests": NaN,
        "Net Income Discontinuous Operations": NaN,
        "Net Income Continuous Operations": NaN,
        "Tax Provision": NaN,
        "Pretax Income": NaN,
        "Other Income Expense": NaN,
        "Other Non Operating Income Expenses": NaN,
        "Special Income Charges": NaN,
        "Impairment Of Capital Assets": NaN,
        "Earnings From Equity Interest": NaN,
        "Gain On Sale Of Security": NaN,
        "Net Non Operating Interest Income Expense": NaN,
        "Interest Expense Non Operating": NaN,
        "Interest Income Non Operating": NaN,
        "Operating Income": NaN,
        "Operating Expense": NaN,
        "Other Operating Expenses": NaN,
        "Selling General And Administration": NaN,
        "Selling And Marketing Expense": NaN,
        "General And Administrative Expense": NaN,
        "Other Gand A": NaN,
        "Gross Profit": NaN,
        "Cost Of Revenue": NaN,
        "Total Revenue": NaN,
        "Operating Revenue": NaN
    },
    "2022-12-31": {
        "Tax Effect Of Unusual Items": NaN,
        "Tax Rate For Calcs": NaN,
        "Normalized EBITDA": NaN,
        "Total Unusual Items": NaN,
        "Total Unusual Items Excluding Goodwill": NaN,
        "Net Income From Continuing Operation Net Minority Interest": NaN,
        "Reconciled Depreciation": NaN,
        "Reconciled Cost Of Revenue": NaN,
        "EBITDA": NaN,
        "EBIT": NaN,
        "Net Interest Income": NaN,
        "Interest Expense": NaN,
        "Interest Income": NaN,
        "Normalized Income": NaN,
        "Net Income From Continuing And Discontinued Operation": NaN,
        "Total Expenses": NaN,
        "Total Operating Income As Reported": NaN,
        "Diluted Average Shares": NaN,
        "Basic Average Shares": NaN,
        "Diluted EPS": NaN,
        "Basic EPS": NaN,
        "Diluted NI Availto Com Stockholders": NaN,
        "Net Income Common Stockholders": NaN,
        "Net Income": NaN,
        "Minority Interests": NaN,
        "Net Income Including Noncontrolling Interests": NaN,
        "Net Income Discontinuous Operations": NaN,
        "Net Income Continuous Operations": NaN,
        "Tax Provision": NaN,
        "Pretax Income": NaN,
        "Other Income Expense": NaN,
        "Other Non Operating Income Expenses": NaN,
        "Special Income Charges": 40003000.0,
        "Impairment Of Capital Assets": -19874000.0,
        "Earnings From Equity Interest": NaN,
        "Gain On Sale Of Security": NaN,
        "Net Non Operating Interest Income Expense": NaN,
        "Interest Expense Non Operating": NaN,
        "Interest Income Non Operating": NaN,
        "Operating Income": NaN,
        "Operating Expense": NaN,
        "Other Operating Expenses": NaN,
        "Selling General And Administration": NaN,
        "Selling And Marketing Expense": NaN,
        "General And Administrative Expense": NaN,
        "Other Gand A": NaN,
        "Gross Profit": NaN,
        "Cost Of Revenue": NaN,
        "Total Revenue": NaN,
        "Operating Revenue": NaN
    },
    "2022-09-30": {
        "Tax Effect Of Unusual Items": NaN,
        "Tax Rate For Calcs": NaN,
        "Normalized EBITDA": NaN,
        "Total Unusual Items": NaN,
        "Total Unusual Items Excluding Goodwill": NaN,
        "Net Income From Continuing Operation Net Minority Interest": NaN,
        "Reconciled Depreciation": 41477000.0,
        "Reconciled Cost Of Revenue": NaN,
        "EBITDA": NaN,
        "EBIT": NaN,
        "Net Interest Income": NaN,
        "Interest Expense": NaN,
        "Interest Income": NaN,
        "Normalized Income": NaN,
        "Net Income From Continuing And Discontinued Operation": NaN,
        "Total Expenses": NaN,
        "Total Operating Income As Reported": NaN,
        "Diluted Average Shares": NaN,
        "Basic Average Shares": NaN,
        "Diluted EPS": NaN,
        "Basic EPS": NaN,
        "Diluted NI Availto Com Stockholders": NaN,
        "Net Income Common Stockholders": NaN,
        "Net Income": NaN,
        "Minority Interests": NaN,
        "Net Income Including Noncontrolling Interests": NaN,
        "Net Income Discontinuous Operations": NaN,
        "Net Income Continuous Operations": NaN,
        "Tax Provision": NaN,
        "Pretax Income": NaN,
        "Other Income Expense": NaN,
        "Other Non Operating Income Expenses": NaN,
        "Special Income Charges": 0.0,
        "Impairment Of Capital Assets": 0.0,
        "Earnings From Equity Interest": NaN,
        "Gain On Sale Of Security": NaN,
        "Net Non Operating Interest Income Expense": NaN,
        "Interest Expense Non Operating": NaN,
        "Interest Income Non Operating": NaN,
        "Operating Income": NaN,
        "Operating Expense": NaN,
        "Other Operating Expenses": NaN,
        "Selling General And Administration": NaN,
        "Selling And Marketing Expense": NaN,
        "General And Administrative Expense": NaN,
        "Other Gand A": NaN,
        "Gross Profit": NaN,
        "Cost Of Revenue": NaN,
        "Total Revenue": NaN,
        "Operating Revenue": NaN
    },
    "2022-06-30": {
        "Tax Effect Of Unusual Items": -9007492.522612,
        "Tax Rate For Calcs": 0.39274,
        "Normalized EBITDA": -47436000.0,
        "Total Unusual Items": -22935000.0,
        "Total Unusual Items Excluding Goodwill": -22935000.0,
        "Net Income From Continuing Operation Net Minority Interest": -39708000.0,
        "Reconciled Depreciation": NaN,
        "Reconciled Cost Of Revenue": 189851000.0,
        "EBITDA": -70371000.0,
        "EBIT": -70371000.0,
        "Net Interest Income": -12229000.0,
        "Interest Expense": 12880000.0,
        "Interest Income": 651000.0,
        "Normalized Income": -25780492.522612,
        "Net Income From Continuing And Discontinued Operation": -39898000.0,
        "Total Expenses": 218855000.0,
        "Total Operating Income As Reported": -70374000.0,
        "Diluted Average Shares": 259171429.0,
        "Basic Average Shares": 259171429.0,
        "Diluted EPS": -0.14,
        "Basic EPS": -0.14,
        "Diluted NI Availto Com Stockholders": -39898000.0,
        "Net Income Common Stockholders": -39898000.0,
        "Net Income": -39898000.0,
        "Minority Interests": 10847000.0,
        "Net Income Including Noncontrolling Interests": -50745000.0,
        "Net Income Discontinuous Operations": -190000.0,
        "Net Income Continuous Operations": -50555000.0,
        "Tax Provision": -32696000.0,
        "Pretax Income": -83251000.0,
        "Other Income Expense": -2272000.0,
        "Other Non Operating Income Expenses": -1624000.0,
        "Special Income Charges": 0.0,
        "Impairment Of Capital Assets": 0.0,
        "Earnings From Equity Interest": 22287000.0,
        "Gain On Sale Of Security": -22935000.0,
        "Net Non Operating Interest Income Expense": -12229000.0,
        "Interest Expense Non Operating": 12880000.0,
        "Interest Income Non Operating": 651000.0,
        "Operating Income": -68750000.0,
        "Operating Expense": 29004000.0,
        "Other Operating Expenses": 7377000.0,
        "Selling General And Administration": 21627000.0,
        "Selling And Marketing Expense": 5044000.0,
        "General And Administrative Expense": 16583000.0,
        "Other Gand A": 16583000.0,
        "Gross Profit": -39746000.0,
        "Cost Of Revenue": 189851000.0,
        "Total Revenue": 150105000.0,
        "Operating Revenue": 150105000.0
    },
    "2022-03-31": {
        "Diluted EPS": 2.38,
        "Total Revenue": 233,
        "Gross Profit": 55,
        "Operating Income": 32,
        "EBIT": 78,
        "Net Income": 605
    },
    "2021-12-31": {
        "Diluted EPS": -0.89,
        "Total Revenue": 253,
        "Gross Profit": 19,
        "Operating Income": -53,
        "EBIT": -53,
        "Net Income": -226
    },
    "2021-09-30": {
        "Diluted EPS": -0.36,
        "Total Revenue": 220,
        "Gross Profit": 16,
        "Operating Income": -14,
        "EBIT": 30,
        "Net Income": -92
    },
    "2021-06-30": {
        "Diluted EPS": 0.15,
        "Total Revenue": 241,
        "Gross Profit": 38,
        "Operating Income": 10,
        "EBIT": 60,
        "Net Income": 38
    },
    "2021-03-31": {
        "Diluted EPS": 0.06,
        "Total Revenue": 186,
        "Gross Profit": 14,
        "Operating Income": -9,
        "EBIT": 38,
        "Net Income": 16
    },
    "2020-12-31": {
        "Diluted EPS": -0.26,
        "Total Revenue": 236,
        "Gross Profit": 25,
        "Operating Income": -16,
        "EBIT": -16,
        "Net Income": -67
    },
    "2020-09-30": {
        "Diluted EPS": 0.06,
        "Total Revenue": 228,
        "Gross Profit": 38,
        "Operating Income": 13,
        "EBIT": 13,
        "Net Income": 15
    },
    "2020-06-30": {
        "Diluted EPS": -0.06,
        "Total Revenue": 98,
        "Gross Profit": -3,
        "Operating Income": -18,
        "EBIT": -18,
        "Net Income": -16
    },
    "2020-03-31": {
        "Diluted EPS": -0.27,
        "Total Revenue": 115,
        "Gross Profit": -36,
        "Operating Income": -60,
        "EBIT": -60,
        "Net Income": -68
    },
    "2019-12-31": {
        "Diluted EPS": -0.22,
        "Total Revenue": 235,
        "Gross Profit": 22,
        "Operating Income": -9,
        "EBIT": -9,
        "Net Income": -54
    },
    "2019-09-30": {
        "Diluted EPS": 0.02,
        "Total Revenue": 230,
        "Gross Profit": 27,
        "Operating Income": -7,
        "EBIT": -7,
        "Net Income": 5
    },
    "2019-06-30": {
        "Diluted EPS": 0.04,
        "Total Revenue": 216,
        "Gross Profit": 11,
        "Operating Income": -15,
        "EBIT": -15,
        "Net Income": 10
    },
    "2019-03-31": {
        "Diluted EPS": 0.11,
        "Total Revenue": 186,
        "Gross Profit": 8,
        "Operating Income": -27,
        "EBIT": -27,
        "Net Income": 27
    },
    "2018-12-31": {
        "Diluted EPS": -0.28,
        "Total Revenue": 247,
        "Gross Profit": 8,
        "Operating Income": 21,
        "EBIT": 21,
        "Net Income": -73
    },
    "2018-09-30": {
        "Diluted EPS": -0.04,
        "Total Revenue": 269,
        "Gross Profit": 25,
        "Operating Income": -25,
        "EBIT": 38,
        "Net Income": -10
    },
    "2018-06-30": {
        "Diluted EPS": 0.16,
        "Total Revenue": 318,
        "Gross Profit": 67,
        "Operating Income": 20,
        "EBIT": 80,
        "Net Income": 41
    },
    "2018-03-31": {
        "Diluted EPS": 0.11,
        "Total Revenue": 317,
        "Gross Profit": 83,
        "Operating Income": 41,
        "EBIT": 95,
        "Net Income": 28
    },
    "2017-12-31": {
        "Diluted EPS": 0.04,
        "Total Revenue": 371,
        "Gross Profit": 80,
        "Operating Income": 5,
        "EBIT": 5,
        "Net Income": 8
    },
    "2017-09-30": {
        "Diluted EPS": -0.05,
        "Total Revenue": 369,
        "Gross Profit": 93,
        "Operating Income": 57,
        "EBIT": 57,
        "Net Income": -12
    },
    "2017-06-30": {
        "Diluted EPS": -0.03,
        "Total Revenue": 257,
        "Gross Profit": 54,
        "Operating Income": 18,
        "EBIT": 18,
        "Net Income": -6
    },
    "2017-03-31": {
        "Diluted EPS": 0.28,
        "Total Revenue": 278,
        "Gross Profit": 67,
        "Operating Income": 25,
        "EBIT": 25,
        "Net Income": 71
    },
    "2016-12-31": {
        "Diluted EPS": -1.59,
        "Total Revenue": 287,
        "Gross Profit": 57,
        "Operating Income": 24,
        "EBIT": 24,
        "Net Income": -406
    },
    "2016-09-30": {
        "Diluted EPS": -0.1,
        "Total Revenue": 269,
        "Gross Profit": 62,
        "Operating Income": 35,
        "EBIT": 35,
        "Net Income": -25
    },
    "2016-06-30": {
        "Diluted EPS": 0.22,
        "Total Revenue": 285,
        "Gross Profit": 85,
        "Operating Income": 61,
        "EBIT": 61,
        "Net Income": 55
    },
    "2016-03-31": {
        "Diluted EPS": 0.2,
        "Total Revenue": 227,
        "Gross Profit": 40,
        "Operating Income": 13,
        "EBIT": 13,
        "Net Income": 52
    },
    "2015-12-31": {
        "Diluted EPS": -1.16,
        "Total Revenue": 235,
        "Gross Profit": 3,
        "Operating Income": -43,
        "EBIT": -43,
        "Net Income": -293
    },
    "2015-09-30": {
        "Diluted EPS": -0.09,
        "Total Revenue": 211,
        "Gross Profit": -22,
        "Operating Income": -54,
        "EBIT": -54,
        "Net Income": -23
    },
    "2015-06-30": {
        "Diluted EPS": -0.07,
        "Total Revenue": 244,
        "Gross Profit": 6,
        "Operating Income": -36,
        "EBIT": -36,
        "Net Income": -19
    },
    "2015-03-31": {
        "Diluted EPS": 0.07,
        "Total Revenue": 239,
        "Gross Profit": 21,
        "Operating Income": -4,
        "EBIT": -4,
        "Net Income": 17
    },
    "2014-12-31": {
        "Diluted EPS": -0.74,
        "Total Revenue": 254,
        "Gross Profit": 6,
        "Operating Income": -22,
        "EBIT": -22,
        "Net Income": -188
    },
    "2014-09-30": {
        "Diluted EPS": 0.31,
        "Total Revenue": 316,
        "Gross Profit": 67,
        "Operating Income": 31,
        "EBIT": 31,
        "Net Income": 78
    },
    "2014-06-30": {
        "Diluted EPS": 0.09,
        "Total Revenue": 305,
        "Gross Profit": 155,
        "Operating Income": 106,
        "EBIT": 106,
        "Net Income": 23
    },
    "2014-03-31": {
        "Diluted EPS": -0.06,
        "Total Revenue": 282,
        "Gross Profit": 54,
        "Operating Income": 11,
        "EBIT": 11,
        "Net Income": -16
    },
    "2013-12-31": {
        "Diluted EPS": -1.13,
        "Total Revenue": 299,
        "Gross Profit": 120,
        "Operating Income": 131,
        "EBIT": 131,
        "Net Income": -288
    },
    "2013-09-30": {
        "Diluted EPS": 0.26,
        "Total Revenue": 346,
        "Gross Profit": 96,
        "Operating Income": 63,
        "EBIT": 63,
        "Net Income": 65
    },
    "2013-06-30": {
        "Diluted EPS": 0.07,
        "Total Revenue": 286,
        "Gross Profit": 10,
        "Operating Income": -13,
        "EBIT": -13,
        "Net Income": 19
    },
    "2013-03-31": {
        "Diluted EPS": 0.4,
        "Total Revenue": 355,
        "Gross Profit": 141,
        "Operating Income": 59,
        "EBIT": 59,
        "Net Income": 103
    },
    "2012-12-31": {
        "Diluted EPS": 0.54,
        "Total Revenue": 424,
        "Gross Profit": 36,
        "Operating Income": 286,
        "EBIT": 286,
        "Net Income": 139
    },
    "2012-09-30": {
        "Diluted EPS": 0.73,
        "Total Revenue": 412,
        "Gross Profit": 248,
        "Operating Income": 132,
        "EBIT": 80,
        "Net Income": 186
    },
    "2012-06-30": {
        "Diluted EPS": 0.6,
        "Total Revenue": 350,
        "Gross Profit": 213,
        "Operating Income": 89,
        "EBIT": 117,
        "Net Income": 153
    },
    "2012-03-31": {
        "Diluted EPS": 0.82,
        "Total Revenue": 377,
        "Gross Profit": 244,
        "Operating Income": 141,
        "EBIT": 165,
        "Net Income": 207
    },
    "2011-12-31": {
        "Diluted EPS": 0.91,
        "Total Revenue": 402,
        "Gross Profit": 365,
        "Operating Income": 179,
        "EBIT": 206,
        "Net Income": 231
    },
    "2011-09-30": {
        "Diluted EPS": 0.82,
        "Total Revenue": 435,
        "Gross Profit": 321,
        "Operating Income": 231,
        "EBIT": 299,
        "Net Income": 208
    },
    "2011-06-30": {
        "Diluted EPS": 0.8,
        "Total Revenue": 327,
        "Gross Profit": 183,
        "Operating Income": 149,
        "EBIT": 149,
        "Net Income": 204
    },
    "2011-03-31": {
        "Diluted EPS": 0.86,
        "Total Revenue": 376,
        "Gross Profit": 221,
        "Operating Income": 191,
        "EBIT": 191,
        "Net Income": 218
    },
    "2010-12-31": {
        "Diluted EPS": 0.88,
        "Total Revenue": 397,
        "Gross Profit": 409,
        "Operating Income": 222,
        "EBIT": 240,
        "Net Income": 223
    },
    "2010-09-30": {
        "Diluted EPS": 0.68,
        "Total Revenue": 280,
        "Gross Profit": 149,
        "Operating Income": 97,
        "EBIT": 150,
        "Net Income": 174
    },
    "2010-06-30": {
        "Diluted EPS": 0.44,
        "Total Revenue": 212,
        "Gross Profit": 94,
        "Operating Income": 54,
        "EBIT": 54,
        "Net Income": 111
    },
    "2010-03-31": {
        "Diluted EPS": 0.61,
        "Total Revenue": 188,
        "Gross Profit": 83,
        "Operating Income": 62,
        "EBIT": 62,
        "Net Income": 155
    },
    "2009-12-31": {
        "Diluted EPS": 0.83,
        "Total Revenue": 244,
        "Gross Profit": 121,
        "Operating Income": 54,
        "EBIT": 127,
        "Net Income": 210
    },
    "2009-09-30": {
        "Diluted EPS": 0.59,
        "Total Revenue": 231,
        "Gross Profit": 118,
        "Operating Income": 74,
        "EBIT": 74,
        "Net Income": 148
    },
    "2009-06-30": {
        "Diluted EPS": 0.53,
        "Total Revenue": 198,
        "Gross Profit": 98,
        "Operating Income": 66,
        "EBIT": 66,
        "Net Income": 134
    },
    "2009-03-31": {
        "Diluted EPS": 0.39,
        "Total Revenue": 163,
        "Gross Profit": 76,
        "Operating Income": 50,
        "EBIT": 50,
        "Net Income": 100
    },
    "2023-09-30": {
        "Tax Effect Of Unusual Items": -1539615.706193,
        "Tax Rate For Calcs": 0.049385,
        "Normalized EBITDA": 70226000.0,
        "Total Unusual Items": -31176000.0,
        "Total Unusual Items Excluding Goodwill": -31176000.0,
        "Net Income From Continuing Operation Net Minority Interest": -27865000.0,
        "Reconciled Depreciation": 51264000.0,
        "Reconciled Cost Of Revenue": 211783000.0,
        "EBITDA": 39050000.0,
        "EBIT": -12214000.0,
        "Net Interest Income": -11259000.0,
        "Interest Expense": 13381000.0,
        "Interest Income": 2122000.0,
        "Normalized Income": 1771384.293807,
        "Net Income From Continuing And Discontinued Operation": -28032000.0,
        "Total Expenses": 237909000.0,
        "Total Operating Income As Reported": -29535000.0,
        "Diluted Average Shares": 254836364.0,
        "Basic Average Shares": 254836364.0,
        "Diluted EPS": -0.11,
        "Basic EPS": -0.11,
        "Diluted NI Availto Com Stockholders": -28032000.0,
        "Net Income Common Stockholders": -28032000.0,
        "Net Income": -28032000.0,
        "Minority Interests": -3534000.0,
        "Net Income Including Noncontrolling Interests": -24498000.0,
        "Net Income Discontinuous Operations": -167000.0,
        "Net Income Continuous Operations": -24331000.0,
        "Tax Provision": -1264000.0,
        "Pretax Income": -25595000.0,
        "Other Income Expense": 12280000.0,
        "Other Non Operating Income Expenses": -2919000.0,
        "Special Income Charges": NaN,
        "Impairment Of Capital Assets": NaN,
        "Earnings From Equity Interest": 46375000.0,
        "Gain On Sale Of Security": -31176000.0,
        "Net Non Operating Interest Income Expense": -11259000.0,
        "Interest Expense Non Operating": 13381000.0,
        "Interest Income Non Operating": 2122000.0,
        "Operating Income": -26616000.0,
        "Operating Expense": 26126000.0,
        "Other Operating Expenses": 4313000.0,
        "Selling General And Administration": 21813000.0,
        "Selling And Marketing Expense": 4277000.0,
        "General And Administrative Expense": 17536000.0,
        "Other Gand A": 17536000.0,
        "Gross Profit": -490000.0,
        "Cost Of Revenue": 211783000.0,
        "Total Revenue": 211293000.0,
        "Operating Revenue": 211293000.0
    },
    "2024-03-31": {
        "Tax Effect Of Unusual Items": -158247.634857,
        "Tax Rate For Calcs": 0.095618,
        "Normalized EBITDA": 131232000.0,
        "Total Unusual Items": -1655000.0,
        "Total Unusual Items Excluding Goodwill": -1655000.0,
        "Net Income From Continuing Operation Net Minority Interest": 61387000.0,
        "Reconciled Depreciation": 41503000.0,
        "Reconciled Cost Of Revenue": 176894000.0,
        "EBITDA": 129577000.0,
        "EBIT": 88074000.0,
        "Net Interest Income": -12253000.0,
        "Interest Expense": 13977000.0,
        "Interest Income": 1724000.0,
        "Normalized Income": 62883752.365143,
        "Net Income From Continuing And Discontinued Operation": 61428000.0,
        "Total Expenses": 198014000.0,
        "Total Operating Income As Reported": 46872000.0,
        "Diluted Average Shares": 253986867.0,
        "Basic Average Shares": 253986867.0,
        "Diluted EPS": 0.24,
        "Basic EPS": 0.24,
        "Diluted NI Availto Com Stockholders": 61428000.0,
        "Net Income Common Stockholders": 61428000.0,
        "Net Income": 61428000.0,
        "Minority Interests": -5625000.0,
        "Net Income Including Noncontrolling Interests": 67053000.0,
        "Net Income Discontinuous Operations": 41000.0,
        "Net Income Continuous Operations": 67012000.0,
        "Tax Provision": 7085000.0,
        "Pretax Income": 74097000.0,
        "Other Income Expense": 37563000.0,
        "Other Non Operating Income Expenses": -1915000.0,
        "Special Income Charges": NaN,
        "Impairment Of Capital Assets": NaN,
        "Earnings From Equity Interest": 41133000.0,
        "Gain On Sale Of Security": -1655000.0,
        "Net Non Operating Interest Income Expense": -12253000.0,
        "Interest Expense Non Operating": 13977000.0,
        "Interest Income Non Operating": 1724000.0,
        "Operating Income": 48787000.0,
        "Operating Expense": 21120000.0,
        "Other Operating Expenses": 5568000.0,
        "Selling General And Administration": 15552000.0,
        "Selling And Marketing Expense": 5350000.0,
        "General And Administrative Expense": 10202000.0,
        "Other Gand A": 10202000.0,
        "Gross Profit": 69907000.0,
        "Cost Of Revenue": 176894000.0,
        "Total Revenue": 246801000.0,
        "Operating Revenue": 246801000.0
    },
    "2023-12-31": {
        "Tax Effect Of Unusual Items": 21354755.0,
        "Tax Rate For Calcs": 0.295,
        "Normalized EBITDA": -34204000.0,
        "Total Unusual Items": 72389000.0,
        "Total Unusual Items Excluding Goodwill": 72389000.0,
        "Net Income From Continuing Operation Net Minority Interest": -2485000.0,
        "Reconciled Depreciation": NaN,
        "Reconciled Cost Of Revenue": 198176000.0,
        "EBITDA": 38185000.0,
        "EBIT": 38185000.0,
        "Net Interest Income": -67000.0,
        "Interest Expense": -3895000.0,
        "Interest Income": 2630000.0,
        "Normalized Income": -53519245.0,
        "Net Income From Continuing And Discontinued Operation": -9772000.0,
        "Total Expenses": 299915000.0,
        "Total Operating Income As Reported": 60113000.0,
        "Diluted Average Shares": 253986867.0,
        "Basic Average Shares": 253986867.0,
        "Diluted EPS": -0.04,
        "Basic EPS": -0.04,
        "Diluted NI Availto Com Stockholders": -9772000.0,
        "Net Income Common Stockholders": -9772000.0,
        "Net Income": -9772000.0,
        "Minority Interests": 499000.0,
        "Net Income Including Noncontrolling Interests": -10271000.0,
        "Net Income Discontinuous Operations": -7287000.0,
        "Net Income Continuous Operations": -2984000.0,
        "Tax Provision": 45064000.0,
        "Pretax Income": 42080000.0,
        "Other Income Expense": 148671000.0,
        "Other Non Operating Income Expenses": 37425000.0,
        "Special Income Charges": 0.0,
        "Impairment Of Capital Assets": 0.0,
        "Earnings From Equity Interest": 38857000.0,
        "Gain On Sale Of Security": 16170000.0,
        "Net Non Operating Interest Income Expense": -67000.0,
        "Interest Expense Non Operating": -3895000.0,
        "Interest Income Non Operating": 2630000.0,
        "Operating Income": -46114000.0,
        "Operating Expense": 101739000.0,
        "Other Operating Expenses": 75114000.0,
        "Selling General And Administration": 22978000.0,
        "Selling And Marketing Expense": 5511000.0,
        "General And Administrative Expense": 17467000.0,
        "Other Gand A": -28109000.0,
        "Gross Profit": 55625000.0,
        "Cost Of Revenue": 198176000.0,
        "Total Revenue": 253801000.0,
        "Operating Revenue": 253801000.0
    },
    "2024-06-30": {
        "Tax Effect Of Unusual Items": -3941927.548249,
        "Tax Rate For Calcs": 0.228042,
        "Normalized EBITDA": 163594000.0,
        "Total Unusual Items": -17286000.0,
        "Total Unusual Items Excluding Goodwill": -17286000.0,
        "Net Income From Continuing Operation Net Minority Interest": 70823000.0,
        "Reconciled Depreciation": 34399000.0,
        "Reconciled Cost Of Revenue": 179322000.0,
        "EBITDA": 146308000.0,
        "EBIT": 111909000.0,
        "Net Interest Income": -13182000.0,
        "Interest Expense": 15431000.0,
        "Interest Income": 2249000.0,
        "Normalized Income": 84167072.451751,
        "Net Income From Continuing And Discontinued Operation": 70720000.0,
        "Total Expenses": 209902000.0,
        "Total Operating Income As Reported": 66554000.0,
        "Diluted Average Shares": 253986867.0,
        "Basic Average Shares": 253986867.0,
        "Diluted EPS": 0.28,
        "Basic EPS": 0.28,
        "Diluted NI Availto Com Stockholders": 70720000.0,
        "Net Income Common Stockholders": 70720000.0,
        "Net Income": 70720000.0,
        "Minority Interests": -3654000.0,
        "Net Income Including Noncontrolling Interests": 74374000.0,
        "Net Income Discontinuous Operations": -103000.0,
        "Net Income Continuous Operations": 74477000.0,
        "Tax Provision": 22001000.0,
        "Pretax Income": 96478000.0,
        "Other Income Expense": 42456000.0,
        "Other Non Operating Income Expenses": -649000.0,
        "Special Income Charges": NaN,
        "Impairment Of Capital Assets": NaN,
        "Earnings From Equity Interest": 60391000.0,
        "Gain On Sale Of Security": -17286000.0,
        "Net Non Operating Interest Income Expense": -13182000.0,
        "Interest Expense Non Operating": 15431000.0,
        "Interest Income Non Operating": 2249000.0,
        "Operating Income": 67203000.0,
        "Operating Expense": 30580000.0,
        "Other Operating Expenses": 5615000.0,
        "Selling General And Administration": 24965000.0,
        "Selling And Marketing Expense": 6317000.0,
        "General And Administrative Expense": 18648000.0,
        "Other Gand A": 18648000.0,
        "Gross Profit": 97783000.0,
        "Cost Of Revenue": 179322000.0,
        "Total Revenue": 277105000.0,
        "Operating Revenue": 277105000.0
    },
    "2024-09-30": {
        "Tax Effect Of Unusual Items": 5240162.165069,
        "Tax Rate For Calcs": 0.285272,
        "Normalized EBITDA": 382441000.0,
        "Total Unusual Items": 18369000.0,
        "Total Unusual Items Excluding Goodwill": 18369000.0,
        "Net Income From Continuing Operation Net Minority Interest": 238386000.0,
        "Reconciled Depreciation": 43815000.0,
        "Reconciled Cost Of Revenue": 218054000.0,
        "EBITDA": 400810000.0,
        "EBIT": 356995000.0,
        "Net Interest Income": -9315000.0,
        "Interest Expense": 12969000.0,
        "Interest Income": 3654000.0,
        "Normalized Income": 225257162.165069,
        "Net Income From Continuing And Discontinued Operation": 236927000.0,
        "Total Expenses": 249549000.0,
        "Total Operating Income As Reported": 286308000.0,
        "Diluted Average Shares": 253986867.0,
        "Basic Average Shares": 253986867.0,
        "Diluted EPS": 0.93,
        "Basic EPS": 0.93,
        "Diluted NI Availto Com Stockholders": 236927000.0,
        "Net Income Common Stockholders": 236927000.0,
        "Net Income": 236927000.0,
        "Minority Interests": -7499000.0,
        "Net Income Including Noncontrolling Interests": 244426000.0,
        "Net Income Discontinuous Operations": -1459000.0,
        "Net Income Continuous Operations": 245885000.0,
        "Tax Provision": 98141000.0,
        "Pretax Income": 344026000.0,
        "Other Income Expense": 271784000.0,
        "Other Non Operating Income Expenses": 204751000.0,
        "Special Income Charges": NaN,
        "Impairment Of Capital Assets": NaN,
        "Earnings From Equity Interest": 48664000.0,
        "Gain On Sale Of Security": 18369000.0,
        "Net Non Operating Interest Income Expense": -9315000.0,
        "Interest Expense Non Operating": 12969000.0,
        "Interest Income Non Operating": 3654000.0,
        "Operating Income": 81557000.0,
        "Operating Expense": 31495000.0,
        "Other Operating Expenses": 7542000.0,
        "Selling General And Administration": 23953000.0,
        "Selling And Marketing Expense": 7003000.0,
        "General And Administrative Expense": 16950000.0,
        "Other Gand A": 16950000.0,
        "Gross Profit": 113052000.0,
        "Cost Of Revenue": 218054000.0,
        "Total Revenue": 331106000.0,
        "Operating Revenue": 331106000.0
    }
}