{
    "2023-03-31": {
        "Tax Effect Of Unusual Items": NaN,
        "Tax Rate For Calcs": NaN,
        "Normalized EBITDA": NaN,
        "Total Unusual Items": NaN,
        "Total Unusual Items Excluding Goodwill": NaN,
        "Net Income From Continuing Operation Net Minority Interest": NaN,
        "Reconciled Depreciation": NaN,
        "Reconciled Cost Of Revenue": NaN,
        "EBITDA": NaN,
        "EBIT": NaN,
        "Net Interest Income": NaN,
        "Interest Expense": NaN,
        "Normalized Income": NaN,
        "Net Income From Continuing And Discontinued Operation": NaN,
        "Total Expenses": NaN,
        "Total Operating Income As Reported": NaN,
        "Diluted Average Shares": NaN,
        "Basic Average Shares": NaN,
        "Diluted EPS": NaN,
        "Basic EPS": NaN,
        "Diluted NI Availto Com Stockholders": NaN,
        "Net Income Common Stockholders": NaN,
        "Net Income": NaN,
        "Minority Interests": NaN,
        "Net Income Including Noncontrolling Interests": NaN,
        "Net Income Discontinuous Operations": NaN,
        "Net Income Continuous Operations": NaN,
        "Tax Provision": NaN,
        "Pretax Income": NaN,
        "Other Income Expense": NaN,
        "Other Non Operating Income Expenses": NaN,
        "Special Income Charges": NaN,
        "Gain On Sale Of Business": NaN,
        "Write Off": 78615000.0,
        "Impairment Of Capital Assets": 78615000.0,
        "Restructuring And Mergern Acquisition": NaN,
        "Net Non Operating Interest Income Expense": NaN,
        "Total Other Finance Cost": 9694000.0,
        "Interest Expense Non Operating": NaN,
        "Operating Income": NaN,
        "Operating Expense": NaN,
        "Depreciation Amortization Depletion Income Statement": NaN,
        "Depreciation And Amortization In Income Statement": NaN,
        "Research And Development": NaN,
        "Selling General And Administration": NaN,
        "Gross Profit": NaN,
        "Cost Of Revenue": NaN,
        "Total Revenue": NaN,
        "Operating Revenue": NaN
    },
    "2022-12-31": {
        "Tax Effect Of Unusual Items": NaN,
        "Tax Rate For Calcs": NaN,
        "Normalized EBITDA": NaN,
        "Total Unusual Items": NaN,
        "Total Unusual Items Excluding Goodwill": NaN,
        "Net Income From Continuing Operation Net Minority Interest": NaN,
        "Reconciled Depreciation": NaN,
        "Reconciled Cost Of Revenue": NaN,
        "EBITDA": NaN,
        "EBIT": NaN,
        "Net Interest Income": NaN,
        "Interest Expense": NaN,
        "Normalized Income": NaN,
        "Net Income From Continuing And Discontinued Operation": NaN,
        "Total Expenses": NaN,
        "Total Operating Income As Reported": NaN,
        "Diluted Average Shares": NaN,
        "Basic Average Shares": NaN,
        "Diluted EPS": NaN,
        "Basic EPS": NaN,
        "Diluted NI Availto Com Stockholders": NaN,
        "Net Income Common Stockholders": NaN,
        "Net Income": NaN,
        "Minority Interests": NaN,
        "Net Income Including Noncontrolling Interests": NaN,
        "Net Income Discontinuous Operations": NaN,
        "Net Income Continuous Operations": NaN,
        "Tax Provision": NaN,
        "Pretax Income": NaN,
        "Other Income Expense": NaN,
        "Other Non Operating Income Expenses": NaN,
        "Special Income Charges": NaN,
        "Gain On Sale Of Business": NaN,
        "Write Off": 0.0,
        "Impairment Of Capital Assets": 0.0,
        "Restructuring And Mergern Acquisition": NaN,
        "Net Non Operating Interest Income Expense": NaN,
        "Total Other Finance Cost": NaN,
        "Interest Expense Non Operating": NaN,
        "Operating Income": NaN,
        "Operating Expense": NaN,
        "Depreciation Amortization Depletion Income Statement": NaN,
        "Depreciation And Amortization In Income Statement": NaN,
        "Research And Development": NaN,
        "Selling General And Administration": NaN,
        "Gross Profit": NaN,
        "Cost Of Revenue": NaN,
        "Total Revenue": NaN,
        "Operating Revenue": NaN
    },
    "2022-09-30": {
        "Tax Effect Of Unusual Items": NaN,
        "Tax Rate For Calcs": NaN,
        "Normalized EBITDA": NaN,
        "Total Unusual Items": NaN,
        "Total Unusual Items Excluding Goodwill": NaN,
        "Net Income From Continuing Operation Net Minority Interest": NaN,
        "Reconciled Depreciation": NaN,
        "Reconciled Cost Of Revenue": NaN,
        "EBITDA": NaN,
        "EBIT": NaN,
        "Net Interest Income": NaN,
        "Interest Expense": NaN,
        "Normalized Income": NaN,
        "Net Income From Continuing And Discontinued Operation": NaN,
        "Total Expenses": NaN,
        "Total Operating Income As Reported": NaN,
        "Diluted Average Shares": NaN,
        "Basic Average Shares": NaN,
        "Diluted EPS": NaN,
        "Basic EPS": NaN,
        "Diluted NI Availto Com Stockholders": NaN,
        "Net Income Common Stockholders": NaN,
        "Net Income": NaN,
        "Minority Interests": NaN,
        "Net Income Including Noncontrolling Interests": NaN,
        "Net Income Discontinuous Operations": NaN,
        "Net Income Continuous Operations": NaN,
        "Tax Provision": NaN,
        "Pretax Income": NaN,
        "Other Income Expense": NaN,
        "Other Non Operating Income Expenses": NaN,
        "Special Income Charges": NaN,
        "Gain On Sale Of Business": 0.0,
        "Write Off": NaN,
        "Impairment Of Capital Assets": 189197000.0,
        "Restructuring And Mergern Acquisition": NaN,
        "Net Non Operating Interest Income Expense": NaN,
        "Total Other Finance Cost": NaN,
        "Interest Expense Non Operating": NaN,
        "Operating Income": NaN,
        "Operating Expense": NaN,
        "Depreciation Amortization Depletion Income Statement": NaN,
        "Depreciation And Amortization In Income Statement": NaN,
        "Research And Development": NaN,
        "Selling General And Administration": NaN,
        "Gross Profit": NaN,
        "Cost Of Revenue": NaN,
        "Total Revenue": NaN,
        "Operating Revenue": NaN
    },
    "2022-06-30": {
        "Tax Effect Of Unusual Items": -512000.0,
        "Tax Rate For Calcs": 0.4,
        "Normalized EBITDA": 11636000.0,
        "Total Unusual Items": -1280000.0,
        "Total Unusual Items Excluding Goodwill": -1280000.0,
        "Net Income From Continuing Operation Net Minority Interest": -7252000.0,
        "Reconciled Depreciation": 12384000.0,
        "Reconciled Cost Of Revenue": 33989000.0,
        "EBITDA": 10356000.0,
        "EBIT": -2028000.0,
        "Net Interest Income": -2578000.0,
        "Interest Expense": NaN,
        "Normalized Income": -6484000.0,
        "Net Income From Continuing And Discontinued Operation": -7252000.0,
        "Total Expenses": 142359000.0,
        "Total Operating Income As Reported": -3308000.0,
        "Diluted Average Shares": 61475350.0,
        "Basic Average Shares": 61475350.0,
        "Diluted EPS": -0.11,
        "Basic EPS": -0.11,
        "Diluted NI Availto Com Stockholders": -7252000.0,
        "Net Income Common Stockholders": -7252000.0,
        "Net Income": -7252000.0,
        "Minority Interests": 762000.0,
        "Net Income Including Noncontrolling Interests": -8014000.0,
        "Net Income Discontinuous Operations": NaN,
        "Net Income Continuous Operations": -8014000.0,
        "Tax Provision": 1244000.0,
        "Pretax Income": -6770000.0,
        "Other Income Expense": -2164000.0,
        "Other Non Operating Income Expenses": -884000.0,
        "Special Income Charges": -1280000.0,
        "Gain On Sale Of Business": NaN,
        "Write Off": 0.0,
        "Impairment Of Capital Assets": NaN,
        "Restructuring And Mergern Acquisition": 1280000.0,
        "Net Non Operating Interest Income Expense": -2578000.0,
        "Total Other Finance Cost": 2578000.0,
        "Interest Expense Non Operating": NaN,
        "Operating Income": -2028000.0,
        "Operating Expense": 98682000.0,
        "Depreciation Amortization Depletion Income Statement": 2696000.0,
        "Depreciation And Amortization In Income Statement": 2696000.0,
        "Research And Development": 6366000.0,
        "Selling General And Administration": 89620000.0,
        "Gross Profit": 96654000.0,
        "Cost Of Revenue": 43677000.0,
        "Total Revenue": 140331000.0,
        "Operating Revenue": 140331000.0
    },
    "2022-03-31": {
        "Diluted EPS": -0.19,
        "Total Revenue": 117,
        "Gross Profit": 76,
        "Operating Income": -21,
        "EBIT": -9,
        "Net Income": -11
    },
    "2021-12-31": {
        "Diluted EPS": 0.0,
        "Total Revenue": 130,
        "Gross Profit": 88,
        "Operating Income": -3,
        "EBIT": 9,
        "Net Income": 0
    },
    "2021-09-30": {
        "Diluted EPS": -0.03,
        "Total Revenue": 109,
        "Gross Profit": 79,
        "Operating Income": -1,
        "EBIT": 7,
        "Net Income": -1
    },
    "2021-06-30": {
        "Diluted EPS": -0.1,
        "Total Revenue": 110,
        "Gross Profit": 76,
        "Operating Income": -6,
        "EBIT": 2,
        "Net Income": -4
    },
    "2021-03-31": {
        "Diluted EPS": -0.02,
        "Total Revenue": 82,
        "Gross Profit": 60,
        "Operating Income": 22,
        "EBIT": 29,
        "Net Income": 25
    },
    "2020-12-31": {
        "Diluted EPS": 0.1,
        "Total Revenue": 99,
        "Gross Profit": 73,
        "Operating Income": 6,
        "EBIT": 13,
        "Net Income": 3
    },
    "2020-09-30": {
        "Diluted EPS": 0.0,
        "Total Revenue": 86,
        "Gross Profit": 62,
        "Operating Income": 7,
        "EBIT": 14,
        "Net Income": 8
    },
    "2020-06-30": {
        "Diluted EPS": 0.0,
        "Total Revenue": 58,
        "Gross Profit": 40,
        "Operating Income": -5,
        "EBIT": 3,
        "Net Income": -6
    },
    "2020-03-31": {
        "Diluted EPS": 0.0,
        "Total Revenue": 79,
        "Gross Profit": 57,
        "Operating Income": 13,
        "EBIT": 20,
        "Net Income": 11
    },
    "2019-12-31": {
        "Diluted EPS": 0.0,
        "Total Revenue": NaN,
        "Gross Profit": NaN,
        "Operating Income": NaN,
        "EBIT": NaN,
        "Net Income": NaN
    },
    "2018-12-31": {
        "Diluted EPS": 0.0,
        "Total Revenue": NaN,
        "Gross Profit": NaN,
        "Operating Income": NaN,
        "EBIT": NaN,
        "Net Income": NaN
    },
    "2017-12-31": {
        "Diluted EPS": 0.0,
        "Total Revenue": NaN,
        "Gross Profit": NaN,
        "Operating Income": NaN,
        "EBIT": NaN,
        "Net Income": NaN
    },
    "2023-06-30": {
        "Tax Effect Of Unusual Items": NaN,
        "Tax Rate For Calcs": NaN,
        "Normalized EBITDA": NaN,
        "Total Unusual Items": NaN,
        "Total Unusual Items Excluding Goodwill": NaN,
        "Net Income From Continuing Operation Net Minority Interest": NaN,
        "Reconciled Depreciation": NaN,
        "Reconciled Cost Of Revenue": NaN,
        "EBITDA": NaN,
        "EBIT": NaN,
        "Net Interest Income": NaN,
        "Interest Expense": NaN,
        "Normalized Income": NaN,
        "Net Income From Continuing And Discontinued Operation": NaN,
        "Total Expenses": NaN,
        "Total Operating Income As Reported": NaN,
        "Diluted Average Shares": 62551285.0,
        "Basic Average Shares": 62551285.0,
        "Diluted EPS": -0.06,
        "Basic EPS": -0.06,
        "Diluted NI Availto Com Stockholders": NaN,
        "Net Income Common Stockholders": NaN,
        "Net Income": NaN,
        "Minority Interests": NaN,
        "Net Income Including Noncontrolling Interests": NaN,
        "Net Income Discontinuous Operations": NaN,
        "Net Income Continuous Operations": NaN,
        "Tax Provision": NaN,
        "Pretax Income": NaN,
        "Other Income Expense": NaN,
        "Other Non Operating Income Expenses": NaN,
        "Special Income Charges": NaN,
        "Gain On Sale Of Business": -977000.0,
        "Write Off": 0.0,
        "Impairment Of Capital Assets": 0.0,
        "Restructuring And Mergern Acquisition": NaN,
        "Net Non Operating Interest Income Expense": NaN,
        "Total Other Finance Cost": NaN,
        "Interest Expense Non Operating": NaN,
        "Operating Income": NaN,
        "Operating Expense": NaN,
        "Depreciation Amortization Depletion Income Statement": NaN,
        "Depreciation And Amortization In Income Statement": NaN,
        "Research And Development": NaN,
        "Selling General And Administration": NaN,
        "Gross Profit": NaN,
        "Cost Of Revenue": NaN,
        "Total Revenue": NaN,
        "Operating Revenue": NaN
    },
    "2023-09-30": {
        "Tax Effect Of Unusual Items": -268800.0,
        "Tax Rate For Calcs": 0.21,
        "Normalized EBITDA": 17031000.0,
        "Total Unusual Items": -1280000.0,
        "Total Unusual Items Excluding Goodwill": -1280000.0,
        "Net Income From Continuing Operation Net Minority Interest": -7303000.0,
        "Reconciled Depreciation": 13827000.0,
        "Reconciled Cost Of Revenue": 30434000.0,
        "EBITDA": 15751000.0,
        "EBIT": 1924000.0,
        "Net Interest Income": -10115000.0,
        "Interest Expense": 10115000.0,
        "Normalized Income": -6291800.0,
        "Net Income From Continuing And Discontinued Operation": -7303000.0,
        "Total Expenses": 117096000.0,
        "Total Operating Income As Reported": 2418000.0,
        "Diluted Average Shares": 62824318.0,
        "Basic Average Shares": 62824318.0,
        "Diluted EPS": -0.12,
        "Basic EPS": -0.12,
        "Diluted NI Availto Com Stockholders": -7303000.0,
        "Net Income Common Stockholders": -7303000.0,
        "Net Income": -7303000.0,
        "Minority Interests": 1488000.0,
        "Net Income Including Noncontrolling Interests": -8791000.0,
        "Net Income Discontinuous Operations": 0.0,
        "Net Income Continuous Operations": -8791000.0,
        "Tax Provision": 600000.0,
        "Pretax Income": -8191000.0,
        "Other Income Expense": -1774000.0,
        "Other Non Operating Income Expenses": -494000.0,
        "Special Income Charges": -1280000.0,
        "Gain On Sale Of Business": -1404000.0,
        "Write Off": 0.0,
        "Impairment Of Capital Assets": NaN,
        "Restructuring And Mergern Acquisition": -124000.0,
        "Net Non Operating Interest Income Expense": -10115000.0,
        "Total Other Finance Cost": NaN,
        "Interest Expense Non Operating": 10115000.0,
        "Operating Income": 3698000.0,
        "Operating Expense": 75152000.0,
        "Depreciation Amortization Depletion Income Statement": 2317000.0,
        "Depreciation And Amortization In Income Statement": 2317000.0,
        "Research And Development": 3015000.0,
        "Selling General And Administration": 69820000.0,
        "Gross Profit": 78850000.0,
        "Cost Of Revenue": 41944000.0,
        "Total Revenue": 120794000.0,
        "Operating Revenue": 120794000.0
    },
    "2023-12-31": {
        "Tax Effect Of Unusual Items": -126249.10778,
        "Tax Rate For Calcs": 0.089222,
        "Normalized EBITDA": 15754000.0,
        "Total Unusual Items": -1415000.0,
        "Total Unusual Items Excluding Goodwill": -1415000.0,
        "Net Income From Continuing Operation Net Minority Interest": -6096000.0,
        "Reconciled Depreciation": 12465000.0,
        "Reconciled Cost Of Revenue": 38759000.0,
        "EBITDA": 14339000.0,
        "EBIT": 1874000.0,
        "Net Interest Income": -10280000.0,
        "Interest Expense": 10280000.0,
        "Normalized Income": -4807249.10778,
        "Net Income From Continuing And Discontinued Operation": -6096000.0,
        "Total Expenses": 132843000.0,
        "Total Operating Income As Reported": 1165000.0,
        "Diluted Average Shares": NaN,
        "Basic Average Shares": NaN,
        "Diluted EPS": NaN,
        "Basic EPS": NaN,
        "Diluted NI Availto Com Stockholders": -6096000.0,
        "Net Income Common Stockholders": -6096000.0,
        "Net Income": -6096000.0,
        "Minority Interests": 1560000.0,
        "Net Income Including Noncontrolling Interests": -7656000.0,
        "Net Income Discontinuous Operations": 0.0,
        "Net Income Continuous Operations": -7656000.0,
        "Tax Provision": -750000.0,
        "Pretax Income": -8406000.0,
        "Other Income Expense": -706000.0,
        "Other Non Operating Income Expenses": 709000.0,
        "Special Income Charges": -1415000.0,
        "Gain On Sale Of Business": NaN,
        "Write Off": -78615000.0,
        "Impairment Of Capital Assets": NaN,
        "Restructuring And Mergern Acquisition": 219000.0,
        "Net Non Operating Interest Income Expense": -10280000.0,
        "Total Other Finance Cost": NaN,
        "Interest Expense Non Operating": 10280000.0,
        "Operating Income": 2580000.0,
        "Operating Expense": 83721000.0,
        "Depreciation Amortization Depletion Income Statement": 2102000.0,
        "Depreciation And Amortization In Income Statement": 2102000.0,
        "Research And Development": 3262000.0,
        "Selling General And Administration": 78357000.0,
        "Gross Profit": 86301000.0,
        "Cost Of Revenue": 49122000.0,
        "Total Revenue": 135423000.0,
        "Operating Revenue": 135423000.0
    },
    "2024-03-31": {
        "Tax Effect Of Unusual Items": -52805.0,
        "Tax Rate For Calcs": 0.179,
        "Normalized EBITDA": 17344000.0,
        "Total Unusual Items": -295000.0,
        "Total Unusual Items Excluding Goodwill": -295000.0,
        "Net Income From Continuing Operation Net Minority Interest": -4570000.0,
        "Reconciled Depreciation": 11785000.0,
        "Reconciled Cost Of Revenue": 31047000.0,
        "EBITDA": 17049000.0,
        "EBIT": 5264000.0,
        "Net Interest Income": -10339000.0,
        "Interest Expense": 10339000.0,
        "Normalized Income": -4327805.0,
        "Net Income From Continuing And Discontinued Operation": -4570000.0,
        "Total Expenses": 123835000.0,
        "Total Operating Income As Reported": 5327000.0,
        "Diluted Average Shares": 63380187.0,
        "Basic Average Shares": 63380187.0,
        "Diluted EPS": -0.07,
        "Basic EPS": -0.07,
        "Diluted NI Availto Com Stockholders": -4570000.0,
        "Net Income Common Stockholders": -4570000.0,
        "Net Income": -4570000.0,
        "Minority Interests": 1412000.0,
        "Net Income Including Noncontrolling Interests": -5982000.0,
        "Net Income Discontinuous Operations": 0.0,
        "Net Income Continuous Operations": -5982000.0,
        "Tax Provision": 907000.0,
        "Pretax Income": -5075000.0,
        "Other Income Expense": -358000.0,
        "Other Non Operating Income Expenses": -63000.0,
        "Special Income Charges": -295000.0,
        "Gain On Sale Of Business": NaN,
        "Write Off": NaN,
        "Impairment Of Capital Assets": 0.0,
        "Restructuring And Mergern Acquisition": 295000.0,
        "Net Non Operating Interest Income Expense": -10339000.0,
        "Total Other Finance Cost": NaN,
        "Interest Expense Non Operating": 10339000.0,
        "Operating Income": 5622000.0,
        "Operating Expense": 82758000.0,
        "Depreciation Amortization Depletion Income Statement": 1755000.0,
        "Depreciation And Amortization In Income Statement": 1755000.0,
        "Research And Development": 2597000.0,
        "Selling General And Administration": 78406000.0,
        "Gross Profit": 88380000.0,
        "Cost Of Revenue": 41077000.0,
        "Total Revenue": 129457000.0,
        "Operating Revenue": 129457000.0
    },
    "2024-06-30": {
        "Tax Effect Of Unusual Items": -5983620.0,
        "Tax Rate For Calcs": 0.186,
        "Normalized EBITDA": 15733000.0,
        "Total Unusual Items": -32170000.0,
        "Total Unusual Items Excluding Goodwill": -32170000.0,
        "Net Income From Continuing Operation Net Minority Interest": -23992000.0,
        "Reconciled Depreciation": 13090000.0,
        "Reconciled Cost Of Revenue": 36552000.0,
        "EBITDA": -16437000.0,
        "EBIT": -29527000.0,
        "Net Interest Income": -9924000.0,
        "Interest Expense": 9924000.0,
        "Normalized Income": 2194380.0,
        "Net Income From Continuing And Discontinued Operation": -23992000.0,
        "Total Expenses": 148415000.0,
        "Total Operating Income As Reported": -29368000.0,
        "Diluted Average Shares": 64056759.0,
        "Basic Average Shares": 64056759.0,
        "Diluted EPS": -0.37,
        "Basic EPS": -0.37,
        "Diluted NI Availto Com Stockholders": -23992000.0,
        "Net Income Common Stockholders": -23992000.0,
        "Net Income": -23992000.0,
        "Minority Interests": 8120000.0,
        "Net Income Including Noncontrolling Interests": -32112000.0,
        "Net Income Discontinuous Operations": 0.0,
        "Net Income Continuous Operations": -32112000.0,
        "Tax Provision": -7339000.0,
        "Pretax Income": -39451000.0,
        "Other Income Expense": -32329000.0,
        "Other Non Operating Income Expenses": -159000.0,
        "Special Income Charges": -32170000.0,
        "Gain On Sale Of Business": 0.0,
        "Write Off": NaN,
        "Impairment Of Capital Assets": 31870000.0,
        "Restructuring And Mergern Acquisition": 300000.0,
        "Net Non Operating Interest Income Expense": -9924000.0,
        "Total Other Finance Cost": NaN,
        "Interest Expense Non Operating": 9924000.0,
        "Operating Income": 2802000.0,
        "Operating Expense": 100837000.0,
        "Depreciation Amortization Depletion Income Statement": 2064000.0,
        "Depreciation And Amortization In Income Statement": 2064000.0,
        "Research And Development": 3988000.0,
        "Selling General And Administration": 94785000.0,
        "Gross Profit": 103639000.0,
        "Cost Of Revenue": 47578000.0,
        "Total Revenue": 151217000.0,
        "Operating Revenue": 151217000.0
    },
    "2024-09-30": {
        "Tax Effect Of Unusual Items": -527940.0,
        "Tax Rate For Calcs": 0.21,
        "Normalized EBITDA": 19489000.0,
        "Total Unusual Items": -2514000.0,
        "Total Unusual Items Excluding Goodwill": -2514000.0,
        "Net Income From Continuing Operation Net Minority Interest": -4824000.0,
        "Reconciled Depreciation": 12275000.0,
        "Reconciled Cost Of Revenue": 35203000.0,
        "EBITDA": 16975000.0,
        "EBIT": 4700000.0,
        "Net Interest Income": -9532000.0,
        "Interest Expense": 9532000.0,
        "Normalized Income": -2837940.0,
        "Net Income From Continuing And Discontinued Operation": -4824000.0,
        "Total Expenses": 132376000.0,
        "Total Operating Income As Reported": 4074000.0,
        "Diluted Average Shares": 65258427.0,
        "Basic Average Shares": 65258427.0,
        "Diluted EPS": -0.07,
        "Basic EPS": -0.07,
        "Diluted NI Availto Com Stockholders": -4824000.0,
        "Net Income Common Stockholders": -4824000.0,
        "Net Income": -4824000.0,
        "Minority Interests": 597000.0,
        "Net Income Including Noncontrolling Interests": -5421000.0,
        "Net Income Discontinuous Operations": 0.0,
        "Net Income Continuous Operations": -5421000.0,
        "Tax Provision": 589000.0,
        "Pretax Income": -4832000.0,
        "Other Income Expense": -1888000.0,
        "Other Non Operating Income Expenses": 626000.0,
        "Special Income Charges": -2514000.0,
        "Gain On Sale Of Business": 0.0,
        "Write Off": 2031000.0,
        "Impairment Of Capital Assets": NaN,
        "Restructuring And Mergern Acquisition": 483000.0,
        "Net Non Operating Interest Income Expense": -9532000.0,
        "Total Other Finance Cost": NaN,
        "Interest Expense Non Operating": 9532000.0,
        "Operating Income": 6588000.0,
        "Operating Expense": 86963000.0,
        "Depreciation Amortization Depletion Income Statement": 2065000.0,
        "Depreciation And Amortization In Income Statement": 2065000.0,
        "Research And Development": 3808000.0,
        "Selling General And Administration": 81090000.0,
        "Gross Profit": 93551000.0,
        "Cost Of Revenue": 45413000.0,
        "Total Revenue": 138964000.0,
        "Operating Revenue": 138964000.0
    }
}