{
    "2023-06-30": {
        "Tax Effect Of Unusual Items": 0.0,
        "Tax Rate For Calcs": 0.236,
        "Net Income From Continuing Operation Net Minority Interest": 9816000.0,
        "Reconciled Depreciation": 792000.0,
        "Net Interest Income": 25872000.0,
        "Interest Expense": 29129000.0,
        "Interest Income": 55001000.0,
        "Normalized Income": 9816000.0,
        "Net Income From Continuing And Discontinued Operation": 9816000.0,
        "Diluted Average Shares": 28198739.0,
        "Basic Average Shares": 27886425.0,
        "Diluted EPS": 0.31,
        "Basic EPS": 0.32,
        "Diluted NI Availto Com Stockholders": 8802000.0,
        "Net Income Common Stockholders": 8802000.0,
        "Preferred Stock Dividends": 1014000.0,
        "Net Income": 9816000.0,
        "Net Income Including Noncontrolling Interests": 9816000.0,
        "Net Income Continuous Operations": 9816000.0,
        "Tax Provision": 3033000.0,
        "Pretax Income": 12849000.0,
        "Gain On Sale Of Security": 50000.0,
        "Depreciation Amortization Depletion Income Statement": 34000.0,
        "Depreciation And Amortization In Income Statement": 34000.0,
        "Amortization": 34000.0,
        "Amortization Of Intangibles Income Statement": 34000.0,
        "Selling General And Administration": 9810000.0,
        "Selling And Marketing Expense": 321000.0,
        "General And Administrative Expense": 9489000.0,
        "Insurance And Claims": 900000.0,
        "Salaries And Wages": 8589000.0,
        "Total Revenue": 27287000.0,
        "Operating Revenue": 27287000.0
    },
    "2023-03-31": {
        "Tax Effect Of Unusual Items": 0.0,
        "Tax Rate For Calcs": 0.259,
        "Net Income From Continuing Operation Net Minority Interest": 11642000.0,
        "Reconciled Depreciation": 824000.0,
        "Net Interest Income": 28567000.0,
        "Interest Expense": 23425000.0,
        "Interest Income": 51992000.0,
        "Normalized Income": 11642000.0,
        "Net Income From Continuing And Discontinued Operation": 11642000.0,
        "Diluted Average Shares": 28490046.0,
        "Basic Average Shares": 27726894.0,
        "Diluted EPS": 0.37,
        "Basic EPS": 0.38,
        "Diluted NI Availto Com Stockholders": 10629000.0,
        "Net Income Common Stockholders": 10629000.0,
        "Preferred Stock Dividends": 1013000.0,
        "Net Income": 11642000.0,
        "Net Income Including Noncontrolling Interests": 11642000.0,
        "Net Income Continuous Operations": 11642000.0,
        "Tax Provision": 4060000.0,
        "Pretax Income": 15702000.0,
        "Gain On Sale Of Security": -56000.0,
        "Depreciation Amortization Depletion Income Statement": 48000.0,
        "Depreciation And Amortization In Income Statement": 48000.0,
        "Amortization": 48000.0,
        "Amortization Of Intangibles Income Statement": 48000.0,
        "Selling General And Administration": 9742000.0,
        "Selling And Marketing Expense": 262000.0,
        "General And Administrative Expense": 9480000.0,
        "Insurance And Claims": 665000.0,
        "Salaries And Wages": 8815000.0,
        "Total Revenue": 30510000.0,
        "Operating Revenue": 30510000.0
    },
    "2022-12-31": {
        "Tax Effect Of Unusual Items": 0.0,
        "Tax Rate For Calcs": 0.23388,
        "Net Income From Continuing Operation Net Minority Interest": 13735000.0,
        "Reconciled Depreciation": 1199000.0,
        "Net Interest Income": 32893000.0,
        "Interest Expense": 15967000.0,
        "Interest Income": 48860000.0,
        "Normalized Income": 13735000.0,
        "Net Income From Continuing And Discontinued Operation": 13735000.0,
        "Diluted Average Shares": 28527306.0,
        "Basic Average Shares": 27558983.0,
        "Diluted EPS": 0.45,
        "Basic EPS": 0.46,
        "Diluted NI Availto Com Stockholders": 12721000.0,
        "Net Income Common Stockholders": 12721000.0,
        "Preferred Stock Dividends": 1014000.0,
        "Net Income": 13735000.0,
        "Net Income Including Noncontrolling Interests": 13735000.0,
        "Net Income Continuous Operations": 13735000.0,
        "Tax Provision": 4193000.0,
        "Pretax Income": 17928000.0,
        "Gain On Sale Of Security": 30000.0,
        "Depreciation Amortization Depletion Income Statement": NaN,
        "Depreciation And Amortization In Income Statement": NaN,
        "Amortization": NaN,
        "Amortization Of Intangibles Income Statement": NaN,
        "Selling General And Administration": 13218000.0,
        "Selling And Marketing Expense": NaN,
        "General And Administrative Expense": 11186000.0,
        "Insurance And Claims": NaN,
        "Salaries And Wages": 9821000.0,
        "Total Revenue": 34631000.0,
        "Operating Revenue": 34631000.0
    },
    "2022-09-30": {
        "Tax Effect Of Unusual Items": 0.0,
        "Tax Rate For Calcs": 0.268,
        "Net Income From Continuing Operation Net Minority Interest": 14513000.0,
        "Reconciled Depreciation": 48000.0,
        "Net Interest Income": 34095000.0,
        "Interest Expense": 8264000.0,
        "Interest Income": 42359000.0,
        "Normalized Income": 14513000.0,
        "Net Income From Continuing And Discontinued Operation": 14513000.0,
        "Diluted Average Shares": 28592854.0,
        "Basic Average Shares": 27520117.0,
        "Diluted EPS": 0.47,
        "Basic EPS": 0.49,
        "Diluted NI Availto Com Stockholders": 13500000.0,
        "Net Income Common Stockholders": 13500000.0,
        "Preferred Stock Dividends": 1013000.0,
        "Net Income": 14513000.0,
        "Net Income Including Noncontrolling Interests": 14513000.0,
        "Net Income Continuous Operations": 14513000.0,
        "Tax Provision": 5312000.0,
        "Pretax Income": 19825000.0,
        "Gain On Sale Of Security": 0.0,
        "Depreciation Amortization Depletion Income Statement": 48000.0,
        "Depreciation And Amortization In Income Statement": 48000.0,
        "Amortization": 48000.0,
        "Amortization Of Intangibles Income Statement": 48000.0,
        "Selling General And Administration": 11265000.0,
        "Selling And Marketing Expense": 479000.0,
        "General And Administrative Expense": 10786000.0,
        "Other Gand A": 1022000.0,
        "Insurance And Claims": 315000.0,
        "Salaries And Wages": 9449000.0,
        "Total Revenue": 35482000.0,
        "Operating Revenue": 35482000.0
    },
    "2022-06-30": {
        "Tax Effect Of Unusual Items": 0.0,
        "Tax Rate For Calcs": 0.26,
        "Net Income From Continuing Operation Net Minority Interest": 12882000.0,
        "Reconciled Depreciation": 47000.0,
        "Net Interest Income": 32530000.0,
        "Interest Expense": 5252000.0,
        "Interest Income": 37782000.0,
        "Normalized Income": 12882000.0,
        "Net Income From Continuing And Discontinued Operation": 12882000.0,
        "Diluted Average Shares": 28803842.0,
        "Basic Average Shares": 27839260.0,
        "Diluted EPS": 0.41,
        "Basic EPS": 0.43,
        "Diluted NI Availto Com Stockholders": 11868000.0,
        "Net Income Common Stockholders": 11868000.0,
        "Preferred Stock Dividends": 1014000.0,
        "Net Income": 12882000.0,
        "Net Income Including Noncontrolling Interests": 12882000.0,
        "Net Income Continuous Operations": 12882000.0,
        "Tax Provision": 4521000.0,
        "Pretax Income": 17403000.0,
        "Gain On Sale Of Security": 52000.0,
        "Depreciation Amortization Depletion Income Statement": 47000.0,
        "Depreciation And Amortization In Income Statement": 47000.0,
        "Amortization": 47000.0,
        "Amortization Of Intangibles Income Statement": 47000.0,
        "Selling General And Administration": 10781000.0,
        "Selling And Marketing Expense": 524000.0,
        "General And Administrative Expense": 10257000.0,
        "Other Gand A": 950000.0,
        "Insurance And Claims": 330000.0,
        "Salaries And Wages": 8977000.0,
        "Total Revenue": 34180000.0,
        "Operating Revenue": 34180000.0
    },
    "2022-03-31": {
        "Diluted EPS": 0.39,
        "Total Revenue": 36,
        "Gross Profit": 32,
        "Operating Income": 17,
        "EBIT": NaN,
        "Net Income": 11
    },
    "2021-12-31": {
        "Diluted EPS": 0.39,
        "Total Revenue": 35,
        "Gross Profit": 30,
        "Operating Income": 17,
        "EBIT": NaN,
        "Net Income": 11
    },
    "2021-09-30": {
        "Diluted EPS": 0.4,
        "Total Revenue": 35,
        "Gross Profit": 30,
        "Operating Income": 16,
        "EBIT": NaN,
        "Net Income": 12
    },
    "2021-06-30": {
        "Diluted EPS": 0.38,
        "Total Revenue": 33,
        "Gross Profit": 28,
        "Operating Income": 15,
        "EBIT": NaN,
        "Net Income": 11
    },
    "2021-03-31": {
        "Diluted EPS": 0.37,
        "Total Revenue": 31,
        "Gross Profit": 26,
        "Operating Income": 14,
        "EBIT": NaN,
        "Net Income": 11
    },
    "2020-12-31": {
        "Diluted EPS": 0.17,
        "Total Revenue": 32,
        "Gross Profit": 26,
        "Operating Income": 7,
        "EBIT": NaN,
        "Net Income": 5
    },
    "2020-09-30": {
        "Diluted EPS": 0.25,
        "Total Revenue": 30,
        "Gross Profit": 23,
        "Operating Income": 9,
        "EBIT": NaN,
        "Net Income": 7
    },
    "2020-06-30": {
        "Diluted EPS": 0.26,
        "Total Revenue": 30,
        "Gross Profit": 23,
        "Operating Income": 10,
        "EBIT": NaN,
        "Net Income": 8
    },
    "2020-03-31": {
        "Diluted EPS": 0.25,
        "Total Revenue": 29,
        "Gross Profit": 22,
        "Operating Income": 10,
        "EBIT": NaN,
        "Net Income": 7
    },
    "2019-12-31": {
        "Diluted EPS": 0.29,
        "Total Revenue": 29,
        "Gross Profit": 21,
        "Operating Income": 10,
        "EBIT": NaN,
        "Net Income": 9
    },
    "2019-09-30": {
        "Diluted EPS": 0.27,
        "Total Revenue": 28,
        "Gross Profit": 20,
        "Operating Income": 10,
        "EBIT": NaN,
        "Net Income": 8
    },
    "2019-06-30": {
        "Diluted EPS": 0.26,
        "Total Revenue": 27,
        "Gross Profit": 19,
        "Operating Income": 9,
        "EBIT": NaN,
        "Net Income": 8
    },
    "2019-03-31": {
        "Diluted EPS": 0.23,
        "Total Revenue": 25,
        "Gross Profit": 18,
        "Operating Income": 9,
        "EBIT": NaN,
        "Net Income": 7
    },
    "2018-12-31": {
        "Diluted EPS": 0.25,
        "Total Revenue": 25,
        "Gross Profit": 18,
        "Operating Income": 6,
        "EBIT": NaN,
        "Net Income": 8
    },
    "2018-09-30": {
        "Diluted EPS": 0.21,
        "Total Revenue": 23,
        "Gross Profit": 17,
        "Operating Income": 9,
        "EBIT": NaN,
        "Net Income": 6
    },
    "2018-06-30": {
        "Diluted EPS": 0.22,
        "Total Revenue": 21,
        "Gross Profit": 16,
        "Operating Income": 9,
        "EBIT": NaN,
        "Net Income": 7
    },
    "2018-03-31": {
        "Diluted EPS": 0.23,
        "Total Revenue": 19,
        "Gross Profit": 15,
        "Operating Income": 8,
        "EBIT": NaN,
        "Net Income": 6
    },
    "2017-12-31": {
        "Diluted EPS": 0.14,
        "Total Revenue": 19,
        "Gross Profit": 15,
        "Operating Income": 4,
        "EBIT": NaN,
        "Net Income": 3
    },
    "2017-09-30": {
        "Diluted EPS": 0.19,
        "Total Revenue": 18,
        "Gross Profit": 15,
        "Operating Income": 8,
        "EBIT": NaN,
        "Net Income": 5
    },
    "2017-06-30": {
        "Diluted EPS": 0.19,
        "Total Revenue": 16,
        "Gross Profit": 14,
        "Operating Income": 7,
        "EBIT": NaN,
        "Net Income": 5
    },
    "2017-03-31": {
        "Diluted EPS": 0.16,
        "Total Revenue": 15,
        "Gross Profit": 13,
        "Operating Income": 6,
        "EBIT": NaN,
        "Net Income": 4
    },
    "2016-12-31": {
        "Diluted EPS": 0.0,
        "Total Revenue": NaN,
        "Gross Profit": NaN,
        "Operating Income": NaN,
        "EBIT": NaN,
        "Net Income": NaN
    },
    "2023-09-30": {
        "Tax Effect Of Unusual Items": 0.0,
        "Tax Rate For Calcs": 0.223,
        "Net Income From Continuing Operation Net Minority Interest": 9629000.0,
        "Reconciled Depreciation": 772000.0,
        "Net Interest Income": 25421000.0,
        "Interest Expense": 31388000.0,
        "Interest Income": 56809000.0,
        "Normalized Income": 9629000.0,
        "Net Income From Continuing And Discontinued Operation": 9629000.0,
        "Diluted Average Shares": 28311778.0,
        "Basic Average Shares": 27943409.0,
        "Diluted EPS": 0.3,
        "Basic EPS": 0.31,
        "Diluted NI Availto Com Stockholders": 8616000.0,
        "Net Income Common Stockholders": 8616000.0,
        "Preferred Stock Dividends": 1013000.0,
        "Net Income": 9629000.0,
        "Net Income Including Noncontrolling Interests": 9629000.0,
        "Net Income Continuous Operations": 9629000.0,
        "Tax Provision": 2768000.0,
        "Pretax Income": 12397000.0,
        "Gain On Sale Of Security": 0.0,
        "Depreciation Amortization Depletion Income Statement": NaN,
        "Depreciation And Amortization In Income Statement": NaN,
        "Amortization": NaN,
        "Amortization Of Intangibles Income Statement": NaN,
        "Selling General And Administration": 9519000.0,
        "Selling And Marketing Expense": NaN,
        "General And Administrative Expense": 9519000.0,
        "Insurance And Claims": NaN,
        "Salaries And Wages": 9519000.0,
        "Total Revenue": 27147000.0,
        "Operating Revenue": 27147000.0
    }
}