{
    "2023-03-31": {
        "Tax Effect Of Unusual Items": NaN,
        "Tax Rate For Calcs": NaN,
        "Normalized EBITDA": NaN,
        "Net Income From Continuing Operation Net Minority Interest": NaN,
        "Reconciled Depreciation": NaN,
        "Reconciled Cost Of Revenue": NaN,
        "EBITDA": NaN,
        "EBIT": NaN,
        "Net Interest Income": NaN,
        "Interest Expense": NaN,
        "Normalized Income": NaN,
        "Net Income From Continuing And Discontinued Operation": NaN,
        "Total Expenses": NaN,
        "Total Operating Income As Reported": NaN,
        "Diluted Average Shares": 21387000.0,
        "Basic Average Shares": 20869000.0,
        "Diluted EPS": 0.04,
        "Basic EPS": 0.04,
        "Diluted NI Availto Com Stockholders": NaN,
        "Net Income Common Stockholders": NaN,
        "Net Income": NaN,
        "Net Income Including Noncontrolling Interests": NaN,
        "Net Income Continuous Operations": NaN,
        "Tax Provision": NaN,
        "Pretax Income": NaN,
        "Other Income Expense": NaN,
        "Other Non Operating Income Expenses": NaN,
        "Net Non Operating Interest Income Expense": NaN,
        "Interest Expense Non Operating": NaN,
        "Operating Income": NaN,
        "Operating Expense": NaN,
        "Depreciation Amortization Depletion Income Statement": NaN,
        "Depreciation And Amortization In Income Statement": NaN,
        "Amortization": NaN,
        "Amortization Of Intangibles Income Statement": NaN,
        "Selling General And Administration": NaN,
        "Gross Profit": NaN,
        "Cost Of Revenue": NaN,
        "Total Revenue": NaN,
        "Operating Revenue": NaN
    },
    "2022-12-31": {
        "Tax Effect Of Unusual Items": NaN,
        "Tax Rate For Calcs": NaN,
        "Normalized EBITDA": NaN,
        "Total Unusual Items": 0.0,
        "Total Unusual Items Excluding Goodwill": 0.0,
        "Net Income From Continuing Operation Net Minority Interest": NaN,
        "Reconciled Depreciation": NaN,
        "Reconciled Cost Of Revenue": NaN,
        "EBITDA": NaN,
        "EBIT": NaN,
        "Net Interest Income": NaN,
        "Interest Expense": NaN,
        "Normalized Income": NaN,
        "Net Income From Continuing And Discontinued Operation": NaN,
        "Total Expenses": NaN,
        "Total Operating Income As Reported": NaN,
        "Diluted Average Shares": NaN,
        "Basic Average Shares": NaN,
        "Diluted EPS": NaN,
        "Basic EPS": NaN,
        "Diluted NI Availto Com Stockholders": NaN,
        "Net Income Common Stockholders": NaN,
        "Net Income": NaN,
        "Net Income Including Noncontrolling Interests": NaN,
        "Net Income Continuous Operations": NaN,
        "Tax Provision": NaN,
        "Pretax Income": NaN,
        "Other Income Expense": NaN,
        "Other Non Operating Income Expenses": NaN,
        "Special Income Charges": 0.0,
        "Net Non Operating Interest Income Expense": NaN,
        "Interest Expense Non Operating": NaN,
        "Operating Income": NaN,
        "Operating Expense": NaN,
        "Depreciation Amortization Depletion Income Statement": NaN,
        "Depreciation And Amortization In Income Statement": NaN,
        "Amortization": NaN,
        "Amortization Of Intangibles Income Statement": NaN,
        "Selling General And Administration": NaN,
        "Gross Profit": NaN,
        "Cost Of Revenue": NaN,
        "Total Revenue": NaN,
        "Operating Revenue": NaN
    },
    "2022-09-30": {
        "Tax Effect Of Unusual Items": NaN,
        "Tax Rate For Calcs": NaN,
        "Normalized EBITDA": NaN,
        "Total Unusual Items": 0.0,
        "Total Unusual Items Excluding Goodwill": 0.0,
        "Net Income From Continuing Operation Net Minority Interest": NaN,
        "Reconciled Depreciation": NaN,
        "Reconciled Cost Of Revenue": NaN,
        "EBITDA": NaN,
        "EBIT": NaN,
        "Net Interest Income": NaN,
        "Interest Expense": NaN,
        "Normalized Income": NaN,
        "Net Income From Continuing And Discontinued Operation": NaN,
        "Total Expenses": NaN,
        "Total Operating Income As Reported": NaN,
        "Diluted Average Shares": NaN,
        "Basic Average Shares": NaN,
        "Diluted EPS": NaN,
        "Basic EPS": NaN,
        "Diluted NI Availto Com Stockholders": NaN,
        "Net Income Common Stockholders": NaN,
        "Net Income": NaN,
        "Net Income Including Noncontrolling Interests": NaN,
        "Net Income Continuous Operations": NaN,
        "Tax Provision": NaN,
        "Pretax Income": NaN,
        "Other Income Expense": NaN,
        "Other Non Operating Income Expenses": NaN,
        "Special Income Charges": 0.0,
        "Net Non Operating Interest Income Expense": NaN,
        "Interest Expense Non Operating": NaN,
        "Operating Income": NaN,
        "Operating Expense": NaN,
        "Depreciation Amortization Depletion Income Statement": NaN,
        "Depreciation And Amortization In Income Statement": NaN,
        "Amortization": NaN,
        "Amortization Of Intangibles Income Statement": NaN,
        "Selling General And Administration": NaN,
        "Gross Profit": NaN,
        "Cost Of Revenue": NaN,
        "Total Revenue": NaN,
        "Operating Revenue": NaN
    },
    "2022-06-30": {
        "Tax Effect Of Unusual Items": 0.0,
        "Tax Rate For Calcs": 0.4,
        "Normalized EBITDA": -336000.0,
        "Total Unusual Items": 0.0,
        "Total Unusual Items Excluding Goodwill": 0.0,
        "Net Income From Continuing Operation Net Minority Interest": -2703000.0,
        "Reconciled Depreciation": 1576000.0,
        "Reconciled Cost Of Revenue": 46226000.0,
        "EBITDA": -336000.0,
        "EBIT": -1912000.0,
        "Net Interest Income": -776000.0,
        "Interest Expense": 776000.0,
        "Normalized Income": -2703000.0,
        "Net Income From Continuing And Discontinued Operation": -2703000.0,
        "Total Expenses": 51924000.0,
        "Total Operating Income As Reported": -1912000.0,
        "Diluted Average Shares": 20244176.0,
        "Basic Average Shares": 20244176.0,
        "Diluted EPS": -0.13,
        "Basic EPS": -0.13,
        "Diluted NI Availto Com Stockholders": -2703000.0,
        "Net Income Common Stockholders": -2703000.0,
        "Net Income": -2703000.0,
        "Net Income Including Noncontrolling Interests": -2703000.0,
        "Net Income Continuous Operations": -2703000.0,
        "Tax Provision": 15000.0,
        "Pretax Income": -2688000.0,
        "Other Income Expense": NaN,
        "Other Non Operating Income Expenses": NaN,
        "Special Income Charges": 0.0,
        "Net Non Operating Interest Income Expense": -776000.0,
        "Interest Expense Non Operating": 776000.0,
        "Operating Income": -1912000.0,
        "Operating Expense": 4306000.0,
        "Depreciation Amortization Depletion Income Statement": 184000.0,
        "Depreciation And Amortization In Income Statement": 184000.0,
        "Amortization": 184000.0,
        "Amortization Of Intangibles Income Statement": 184000.0,
        "Selling General And Administration": 4122000.0,
        "Gross Profit": 2394000.0,
        "Cost Of Revenue": 47618000.0,
        "Total Revenue": 50012000.0,
        "Operating Revenue": 50012000.0
    },
    "2022-03-31": {
        "Diluted EPS": -0.12,
        "Total Revenue": 42,
        "Gross Profit": 2,
        "Operating Income": -2,
        "EBIT": -1,
        "Net Income": -2
    },
    "2021-12-31": {
        "Diluted EPS": -0.2,
        "Total Revenue": 26,
        "Gross Profit": 1,
        "Operating Income": -4,
        "EBIT": -2,
        "Net Income": -4
    },
    "2021-09-30": {
        "Diluted EPS": -0.11,
        "Total Revenue": 40,
        "Gross Profit": 2,
        "Operating Income": -2,
        "EBIT": 0,
        "Net Income": -2
    },
    "2021-06-30": {
        "Diluted EPS": 0.53,
        "Total Revenue": 46,
        "Gross Profit": 2,
        "Operating Income": -2,
        "EBIT": -1,
        "Net Income": 10
    },
    "2021-03-31": {
        "Diluted EPS": -0.07,
        "Total Revenue": 33,
        "Gross Profit": 0,
        "Operating Income": -4,
        "EBIT": -3,
        "Net Income": -1
    },
    "2020-12-31": {
        "Diluted EPS": -0.12,
        "Total Revenue": 40,
        "Gross Profit": 3,
        "Operating Income": -2,
        "EBIT": 0,
        "Net Income": -2
    },
    "2020-09-30": {
        "Diluted EPS": -0.06,
        "Total Revenue": 55,
        "Gross Profit": 4,
        "Operating Income": 0,
        "EBIT": 1,
        "Net Income": -1
    },
    "2020-06-30": {
        "Diluted EPS": 0.03,
        "Total Revenue": 55,
        "Gross Profit": 5,
        "Operating Income": 1,
        "EBIT": 3,
        "Net Income": 1
    },
    "2020-03-31": {
        "Diluted EPS": 0.06,
        "Total Revenue": 49,
        "Gross Profit": 6,
        "Operating Income": 2,
        "EBIT": 3,
        "Net Income": 1
    },
    "2019-12-31": {
        "Diluted EPS": -0.09,
        "Total Revenue": 49,
        "Gross Profit": 4,
        "Operating Income": -1,
        "EBIT": 1,
        "Net Income": -2
    },
    "2019-09-30": {
        "Diluted EPS": -0.06,
        "Total Revenue": 46,
        "Gross Profit": 4,
        "Operating Income": 0,
        "EBIT": 1,
        "Net Income": -1
    },
    "2019-06-30": {
        "Diluted EPS": -0.06,
        "Total Revenue": 41,
        "Gross Profit": 4,
        "Operating Income": 0,
        "EBIT": 1,
        "Net Income": -1
    },
    "2019-03-31": {
        "Diluted EPS": -0.07,
        "Total Revenue": 42,
        "Gross Profit": 4,
        "Operating Income": 0,
        "EBIT": 1,
        "Net Income": -1
    },
    "2018-12-31": {
        "Diluted EPS": -0.79,
        "Total Revenue": 27,
        "Gross Profit": -1,
        "Operating Income": -12,
        "EBIT": -10,
        "Net Income": -12
    },
    "2018-09-30": {
        "Diluted EPS": -0.05,
        "Total Revenue": 31,
        "Gross Profit": 1,
        "Operating Income": -3,
        "EBIT": 0,
        "Net Income": -1
    },
    "2018-06-30": {
        "Diluted EPS": -0.4,
        "Total Revenue": 37,
        "Gross Profit": 2,
        "Operating Income": -6,
        "EBIT": -3,
        "Net Income": -6
    },
    "2018-03-31": {
        "Diluted EPS": -0.32,
        "Total Revenue": 30,
        "Gross Profit": 0,
        "Operating Income": -5,
        "EBIT": -2,
        "Net Income": -5
    },
    "2017-12-31": {
        "Diluted EPS": -0.46,
        "Total Revenue": 18,
        "Gross Profit": -3,
        "Operating Income": -7,
        "EBIT": -4,
        "Net Income": -7
    },
    "2017-09-30": {
        "Diluted EPS": -0.15,
        "Total Revenue": 30,
        "Gross Profit": 1,
        "Operating Income": -2,
        "EBIT": 0,
        "Net Income": -2
    },
    "2017-06-30": {
        "Diluted EPS": -0.05,
        "Total Revenue": 43,
        "Gross Profit": 4,
        "Operating Income": -1,
        "EBIT": 2,
        "Net Income": -1
    },
    "2017-03-31": {
        "Diluted EPS": 0.42,
        "Total Revenue": 56,
        "Gross Profit": 6,
        "Operating Income": 2,
        "EBIT": 4,
        "Net Income": 6
    },
    "2016-12-31": {
        "Diluted EPS": 0.02,
        "Total Revenue": 48,
        "Gross Profit": 5,
        "Operating Income": 1,
        "EBIT": 2,
        "Net Income": 0
    },
    "2016-09-30": {
        "Diluted EPS": 0.06,
        "Total Revenue": 43,
        "Gross Profit": 5,
        "Operating Income": 1,
        "EBIT": 3,
        "Net Income": 1
    },
    "2016-06-30": {
        "Diluted EPS": -0.03,
        "Total Revenue": 43,
        "Gross Profit": 4,
        "Operating Income": 0,
        "EBIT": 2,
        "Net Income": 0
    },
    "2016-03-31": {
        "Diluted EPS": -0.03,
        "Total Revenue": 47,
        "Gross Profit": 4,
        "Operating Income": 0,
        "EBIT": 1,
        "Net Income": 0
    },
    "2015-12-31": {
        "Diluted EPS": -0.73,
        "Total Revenue": 38,
        "Gross Profit": -6,
        "Operating Income": -11,
        "EBIT": -9,
        "Net Income": -11
    },
    "2015-09-30": {
        "Diluted EPS": -0.52,
        "Total Revenue": 50,
        "Gross Profit": 3,
        "Operating Income": -2,
        "EBIT": 0,
        "Net Income": -8
    },
    "2015-06-30": {
        "Diluted EPS": 0.11,
        "Total Revenue": 63,
        "Gross Profit": 8,
        "Operating Income": 4,
        "EBIT": 6,
        "Net Income": 2
    },
    "2015-03-31": {
        "Diluted EPS": -0.34,
        "Total Revenue": 49,
        "Gross Profit": 3,
        "Operating Income": -2,
        "EBIT": 0,
        "Net Income": -5
    },
    "2014-12-31": {
        "Diluted EPS": -0.35,
        "Total Revenue": 43,
        "Gross Profit": 2,
        "Operating Income": -1,
        "EBIT": 1,
        "Net Income": -5
    },
    "2014-09-30": {
        "Diluted EPS": -0.12,
        "Total Revenue": 55,
        "Gross Profit": 4,
        "Operating Income": -1,
        "EBIT": 1,
        "Net Income": -2
    },
    "2014-06-30": {
        "Diluted EPS": 0.12,
        "Total Revenue": 68,
        "Gross Profit": 9,
        "Operating Income": 2,
        "EBIT": 5,
        "Net Income": 2
    },
    "2014-03-31": {
        "Diluted EPS": -0.07,
        "Total Revenue": 59,
        "Gross Profit": 5,
        "Operating Income": -1,
        "EBIT": 2,
        "Net Income": -1
    },
    "2013-12-31": {
        "Diluted EPS": -0.26,
        "Total Revenue": 56,
        "Gross Profit": 2,
        "Operating Income": -4,
        "EBIT": -1,
        "Net Income": -4
    },
    "2013-09-30": {
        "Diluted EPS": -0.17,
        "Total Revenue": 61,
        "Gross Profit": 5,
        "Operating Income": -2,
        "EBIT": 1,
        "Net Income": -2
    },
    "2013-06-30": {
        "Diluted EPS": 0.03,
        "Total Revenue": 53,
        "Gross Profit": 3,
        "Operating Income": -2,
        "EBIT": 2,
        "Net Income": 0
    },
    "2013-03-31": {
        "Diluted EPS": -0.33,
        "Total Revenue": 46,
        "Gross Profit": 2,
        "Operating Income": -4,
        "EBIT": 0,
        "Net Income": -5
    },
    "2012-12-31": {
        "Diluted EPS": -0.41,
        "Total Revenue": 45,
        "Gross Profit": 0,
        "Operating Income": -6,
        "EBIT": -1,
        "Net Income": -6
    },
    "2012-09-30": {
        "Diluted EPS": -0.28,
        "Total Revenue": 55,
        "Gross Profit": 3,
        "Operating Income": -4,
        "EBIT": 1,
        "Net Income": -4
    },
    "2012-06-30": {
        "Diluted EPS": -0.3,
        "Total Revenue": 56,
        "Gross Profit": 2,
        "Operating Income": -4,
        "EBIT": 0,
        "Net Income": -4
    },
    "2012-03-31": {
        "Diluted EPS": -0.28,
        "Total Revenue": 54,
        "Gross Profit": 2,
        "Operating Income": -4,
        "EBIT": 0,
        "Net Income": -4
    },
    "2011-12-31": {
        "Diluted EPS": -0.39,
        "Total Revenue": 55,
        "Gross Profit": 1,
        "Operating Income": -6,
        "EBIT": -2,
        "Net Income": -6
    },
    "2011-09-30": {
        "Diluted EPS": -0.6,
        "Total Revenue": 48,
        "Gross Profit": 1,
        "Operating Income": -6,
        "EBIT": -3,
        "Net Income": -7
    },
    "2011-06-30": {
        "Diluted EPS": -0.4,
        "Total Revenue": 39,
        "Gross Profit": 3,
        "Operating Income": -4,
        "EBIT": -1,
        "Net Income": -4
    },
    "2011-03-31": {
        "Diluted EPS": -0.5,
        "Total Revenue": 44,
        "Gross Profit": 3,
        "Operating Income": -4,
        "EBIT": 0,
        "Net Income": -5
    },
    "2010-12-31": {
        "Diluted EPS": -4.51,
        "Total Revenue": 48,
        "Gross Profit": 5,
        "Operating Income": -37,
        "EBIT": -33,
        "Net Income": -49
    },
    "2010-09-30": {
        "Diluted EPS": -0.8,
        "Total Revenue": 34,
        "Gross Profit": 0,
        "Operating Income": -8,
        "EBIT": -4,
        "Net Income": -8
    },
    "2010-06-30": {
        "Diluted EPS": -1.3,
        "Total Revenue": 34,
        "Gross Profit": 0,
        "Operating Income": -12,
        "EBIT": -8,
        "Net Income": -14
    },
    "2010-03-31": {
        "Diluted EPS": -1.4,
        "Total Revenue": 22,
        "Gross Profit": -3,
        "Operating Income": -12,
        "EBIT": -8,
        "Net Income": -14
    },
    "2009-12-31": {
        "Diluted EPS": -9.6,
        "Total Revenue": 32,
        "Gross Profit": -1,
        "Operating Income": -92,
        "EBIT": -89,
        "Net Income": -93
    },
    "2009-09-30": {
        "Diluted EPS": -0.5,
        "Total Revenue": 60,
        "Gross Profit": 7,
        "Operating Income": -5,
        "EBIT": 2,
        "Net Income": -5
    },
    "2009-06-30": {
        "Diluted EPS": -0.6,
        "Total Revenue": 52,
        "Gross Profit": 3,
        "Operating Income": -10,
        "EBIT": -3,
        "Net Income": -5
    },
    "2009-03-31": {
        "Diluted EPS": -0.7,
        "Total Revenue": 53,
        "Gross Profit": 5,
        "Operating Income": -7,
        "EBIT": -1,
        "Net Income": -7
    },
    "2023-06-30": {
        "Tax Effect Of Unusual Items": 0.0,
        "Tax Rate For Calcs": 0.019404,
        "Normalized EBITDA": 3756000.0,
        "Net Income From Continuing Operation Net Minority Interest": 1415000.0,
        "Reconciled Depreciation": 1562000.0,
        "Reconciled Cost Of Revenue": 41113000.0,
        "EBITDA": 3756000.0,
        "EBIT": 2194000.0,
        "Net Interest Income": -751000.0,
        "Interest Expense": 751000.0,
        "Normalized Income": 1415000.0,
        "Net Income From Continuing And Discontinued Operation": 1415000.0,
        "Total Expenses": 48627000.0,
        "Total Operating Income As Reported": 2216000.0,
        "Diluted Average Shares": 21409000.0,
        "Basic Average Shares": 21091000.0,
        "Diluted EPS": 0.07,
        "Basic EPS": 0.07,
        "Diluted NI Availto Com Stockholders": 1415000.0,
        "Net Income Common Stockholders": 1415000.0,
        "Net Income": 1415000.0,
        "Net Income Including Noncontrolling Interests": 1415000.0,
        "Net Income Continuous Operations": 1415000.0,
        "Tax Provision": 28000.0,
        "Pretax Income": 1443000.0,
        "Other Income Expense": -22000.0,
        "Other Non Operating Income Expenses": -22000.0,
        "Net Non Operating Interest Income Expense": -751000.0,
        "Interest Expense Non Operating": 751000.0,
        "Operating Income": 2216000.0,
        "Operating Expense": 6117000.0,
        "Depreciation Amortization Depletion Income Statement": 165000.0,
        "Depreciation And Amortization In Income Statement": 165000.0,
        "Amortization": 165000.0,
        "Amortization Of Intangibles Income Statement": 165000.0,
        "Selling General And Administration": 5952000.0,
        "Gross Profit": 8333000.0,
        "Cost Of Revenue": 42510000.0,
        "Total Revenue": 50843000.0,
        "Operating Revenue": 50843000.0
    },
    "2023-09-30": {
        "Tax Effect Of Unusual Items": 0.0,
        "Tax Rate For Calcs": 0.006332,
        "Normalized EBITDA": 6959000.0,
        "Net Income From Continuing Operation Net Minority Interest": 4394000.0,
        "Reconciled Depreciation": 1605000.0,
        "Reconciled Cost Of Revenue": 45556000.0,
        "EBITDA": 6959000.0,
        "EBIT": 5354000.0,
        "Net Interest Income": -932000.0,
        "Interest Expense": 932000.0,
        "Normalized Income": 4394000.0,
        "Net Income From Continuing And Discontinued Operation": 4394000.0,
        "Total Expenses": 51796000.0,
        "Total Operating Income As Reported": 5367000.0,
        "Diluted Average Shares": 21574000.0,
        "Basic Average Shares": 21337000.0,
        "Diluted EPS": 0.2,
        "Basic EPS": 0.21,
        "Diluted NI Availto Com Stockholders": 4394000.0,
        "Net Income Common Stockholders": 4394000.0,
        "Net Income": 4394000.0,
        "Net Income Including Noncontrolling Interests": 4394000.0,
        "Net Income Continuous Operations": 4394000.0,
        "Tax Provision": 28000.0,
        "Pretax Income": 4422000.0,
        "Other Income Expense": -13000.0,
        "Other Non Operating Income Expenses": -13000.0,
        "Net Non Operating Interest Income Expense": -932000.0,
        "Interest Expense Non Operating": 932000.0,
        "Operating Income": 5367000.0,
        "Operating Expense": 4800000.0,
        "Depreciation Amortization Depletion Income Statement": 165000.0,
        "Depreciation And Amortization In Income Statement": 165000.0,
        "Amortization": 165000.0,
        "Amortization Of Intangibles Income Statement": 165000.0,
        "Selling General And Administration": 4635000.0,
        "Gross Profit": 10167000.0,
        "Cost Of Revenue": 46996000.0,
        "Total Revenue": 57163000.0,
        "Operating Revenue": 57163000.0
    },
    "2023-12-31": {
        "Tax Effect Of Unusual Items": 0.0,
        "Tax Rate For Calcs": 0.131387,
        "Normalized EBITDA": 3874000.0,
        "Net Income From Continuing Operation Net Minority Interest": 1071000.0,
        "Reconciled Depreciation": 1611000.0,
        "Reconciled Cost Of Revenue": 38121000.0,
        "EBITDA": 3874000.0,
        "EBIT": 2263000.0,
        "Net Interest Income": -1030000.0,
        "Interest Expense": 1030000.0,
        "Normalized Income": 1071000.0,
        "Net Income From Continuing And Discontinued Operation": 1071000.0,
        "Total Expenses": 44324000.0,
        "Total Operating Income As Reported": 2274000.0,
        "Diluted Average Shares": NaN,
        "Basic Average Shares": NaN,
        "Diluted EPS": NaN,
        "Basic EPS": NaN,
        "Diluted NI Availto Com Stockholders": 1071000.0,
        "Net Income Common Stockholders": 1071000.0,
        "Net Income": 1071000.0,
        "Net Income Including Noncontrolling Interests": 1071000.0,
        "Net Income Continuous Operations": 1071000.0,
        "Tax Provision": 162000.0,
        "Pretax Income": 1233000.0,
        "Other Income Expense": -11000.0,
        "Other Non Operating Income Expenses": -11000.0,
        "Net Non Operating Interest Income Expense": -1030000.0,
        "Interest Expense Non Operating": 1030000.0,
        "Operating Income": 2274000.0,
        "Operating Expense": 4758000.0,
        "Depreciation Amortization Depletion Income Statement": 166000.0,
        "Depreciation And Amortization In Income Statement": 166000.0,
        "Amortization": 166000.0,
        "Amortization Of Intangibles Income Statement": 166000.0,
        "Selling General And Administration": 4592000.0,
        "Gross Profit": 7032000.0,
        "Cost Of Revenue": 39566000.0,
        "Total Revenue": 46598000.0,
        "Operating Revenue": 46598000.0
    },
    "2024-03-31": {
        "Tax Effect Of Unusual Items": 0.0,
        "Tax Rate For Calcs": 0.025178,
        "Normalized EBITDA": 3677000.0,
        "Net Income From Continuing Operation Net Minority Interest": 1510000.0,
        "Reconciled Depreciation": 1596000.0,
        "Reconciled Cost Of Revenue": 29548000.0,
        "EBITDA": 3677000.0,
        "EBIT": 2081000.0,
        "Net Interest Income": -532000.0,
        "Interest Expense": 532000.0,
        "Normalized Income": 1510000.0,
        "Net Income From Continuing And Discontinued Operation": 1510000.0,
        "Total Expenses": 35538000.0,
        "Total Operating Income As Reported": 2078000.0,
        "Diluted Average Shares": 21807000.0,
        "Basic Average Shares": 21595000.0,
        "Diluted EPS": 0.07,
        "Basic EPS": 0.07,
        "Diluted NI Availto Com Stockholders": 1510000.0,
        "Net Income Common Stockholders": 1510000.0,
        "Net Income": 1510000.0,
        "Net Income Including Noncontrolling Interests": 1510000.0,
        "Net Income Continuous Operations": 1510000.0,
        "Tax Provision": 39000.0,
        "Pretax Income": 1549000.0,
        "Other Income Expense": 3000.0,
        "Other Non Operating Income Expenses": 3000.0,
        "Net Non Operating Interest Income Expense": -532000.0,
        "Interest Expense Non Operating": 532000.0,
        "Operating Income": 2078000.0,
        "Operating Expense": 4559000.0,
        "Depreciation Amortization Depletion Income Statement": 165000.0,
        "Depreciation And Amortization In Income Statement": 165000.0,
        "Amortization": 165000.0,
        "Amortization Of Intangibles Income Statement": 165000.0,
        "Selling General And Administration": 4394000.0,
        "Gross Profit": 6637000.0,
        "Cost Of Revenue": 30979000.0,
        "Total Revenue": 37616000.0,
        "Operating Revenue": 37616000.0
    },
    "2024-06-30": {
        "Tax Effect Of Unusual Items": 0.0,
        "Tax Rate For Calcs": 0.099065,
        "Normalized EBITDA": 2979000.0,
        "Net Income From Continuing Operation Net Minority Interest": 482000.0,
        "Reconciled Depreciation": 1718000.0,
        "Reconciled Cost Of Revenue": 29334000.0,
        "EBITDA": 2979000.0,
        "EBIT": 1261000.0,
        "Net Interest Income": -726000.0,
        "Interest Expense": 726000.0,
        "Normalized Income": 482000.0,
        "Net Income From Continuing And Discontinued Operation": 482000.0,
        "Total Expenses": 35195000.0,
        "Total Operating Income As Reported": 1257000.0,
        "Diluted Average Shares": 22003000.0,
        "Basic Average Shares": 21783000.0,
        "Diluted EPS": 0.02,
        "Basic EPS": 0.02,
        "Diluted NI Availto Com Stockholders": 482000.0,
        "Net Income Common Stockholders": 482000.0,
        "Net Income": 482000.0,
        "Net Income Including Noncontrolling Interests": 482000.0,
        "Net Income Continuous Operations": 482000.0,
        "Tax Provision": 53000.0,
        "Pretax Income": 535000.0,
        "Other Income Expense": 4000.0,
        "Other Non Operating Income Expenses": 4000.0,
        "Net Non Operating Interest Income Expense": -726000.0,
        "Interest Expense Non Operating": 726000.0,
        "Operating Income": 1257000.0,
        "Operating Expense": 4309000.0,
        "Depreciation Amortization Depletion Income Statement": 166000.0,
        "Depreciation And Amortization In Income Statement": 166000.0,
        "Amortization": 166000.0,
        "Amortization Of Intangibles Income Statement": 166000.0,
        "Selling General And Administration": 4143000.0,
        "Gross Profit": 5566000.0,
        "Cost Of Revenue": 30886000.0,
        "Total Revenue": 36452000.0,
        "Operating Revenue": 36452000.0
    }
}