{
    "2023-06-30": {
        "Tax Effect Of Unusual Items": 0.0,
        "Tax Rate For Calcs": 0.215,
        "Net Income From Continuing Operation Net Minority Interest": 7983000.0,
        "Reconciled Depreciation": 896000.0,
        "Net Interest Income": 23991000.0,
        "Interest Expense": 22515000.0,
        "Interest Income": 46506000.0,
        "Normalized Income": 7983000.0,
        "Net Income From Continuing And Discontinued Operation": 7983000.0,
        "Diluted Average Shares": 7601562.0,
        "Basic Average Shares": 7593417.0,
        "Diluted EPS": 1.02,
        "Basic EPS": 1.02,
        "Diluted NI Availto Com Stockholders": 7770000.0,
        "Net Income Common Stockholders": 7770000.0,
        "Otherunder Preferred Stock Dividend": 213000.0,
        "Net Income": 7983000.0,
        "Net Income Including Noncontrolling Interests": 7983000.0,
        "Net Income Continuous Operations": 7983000.0,
        "Tax Provision": 2189000.0,
        "Pretax Income": 10172000.0,
        "Selling General And Administration": 8070000.0,
        "Selling And Marketing Expense": 177000.0,
        "General And Administrative Expense": 7893000.0,
        "Insurance And Claims": 1050000.0,
        "Salaries And Wages": 6843000.0,
        "Total Revenue": 25392000.0,
        "Operating Revenue": 25392000.0
    },
    "2023-03-31": {
        "Tax Effect Of Unusual Items": 0.0,
        "Tax Rate For Calcs": 0.234,
        "Net Income From Continuing Operation Net Minority Interest": 10379000.0,
        "Reconciled Depreciation": 884000.0,
        "Net Interest Income": 25541000.0,
        "Interest Expense": 18750000.0,
        "Interest Income": 44291000.0,
        "Normalized Income": 10379000.0,
        "Net Income From Continuing And Discontinued Operation": 10379000.0,
        "Diluted Average Shares": 7616671.0,
        "Basic Average Shares": 7554689.0,
        "Diluted EPS": 1.33,
        "Basic EPS": 1.34,
        "Diluted NI Availto Com Stockholders": 10107000.0,
        "Net Income Common Stockholders": 10107000.0,
        "Otherunder Preferred Stock Dividend": 272000.0,
        "Net Income": 10379000.0,
        "Net Income Including Noncontrolling Interests": 10379000.0,
        "Net Income Continuous Operations": 10379000.0,
        "Tax Provision": 3171000.0,
        "Pretax Income": 13550000.0,
        "Selling General And Administration": 7686000.0,
        "Selling And Marketing Expense": 151000.0,
        "General And Administrative Expense": 7535000.0,
        "Insurance And Claims": 1062000.0,
        "Salaries And Wages": 6473000.0,
        "Total Revenue": 27067000.0,
        "Operating Revenue": 27067000.0
    },
    "2022-12-31": {
        "Tax Effect Of Unusual Items": 0.0,
        "Tax Rate For Calcs": 0.242873,
        "Net Income From Continuing Operation Net Minority Interest": 8021000.0,
        "Reconciled Depreciation": 890000.0,
        "Net Interest Income": 26809000.0,
        "Interest Expense": 12784000.0,
        "Interest Income": 39593000.0,
        "Normalized Income": 8021000.0,
        "Net Income From Continuing And Discontinued Operation": 8021000.0,
        "Diluted Average Shares": 7563116.0,
        "Basic Average Shares": 7507540.0,
        "Diluted EPS": 1.04,
        "Basic EPS": 1.04,
        "Diluted NI Availto Com Stockholders": 7838000.0,
        "Net Income Common Stockholders": 7838000.0,
        "Otherunder Preferred Stock Dividend": 183000.0,
        "Net Income": 8021000.0,
        "Net Income Including Noncontrolling Interests": 8021000.0,
        "Net Income Continuous Operations": 8021000.0,
        "Tax Provision": 2573000.0,
        "Pretax Income": 10594000.0,
        "Selling General And Administration": 5407000.0,
        "Selling And Marketing Expense": 112000.0,
        "General And Administrative Expense": 5295000.0,
        "Insurance And Claims": 898000.0,
        "Salaries And Wages": 6366000.0,
        "Total Revenue": 27337000.0,
        "Operating Revenue": 27337000.0
    },
    "2022-09-30": {
        "Tax Effect Of Unusual Items": 0.0,
        "Tax Rate For Calcs": 0.208524,
        "Net Income From Continuing Operation Net Minority Interest": 9174000.0,
        "Reconciled Depreciation": 886000.0,
        "Net Interest Income": 24601000.0,
        "Interest Expense": 5085000.0,
        "Interest Income": 29686000.0,
        "Normalized Income": 9174000.0,
        "Net Income From Continuing And Discontinued Operation": 9174000.0,
        "Diluted Average Shares": 7612421.0,
        "Basic Average Shares": 7553718.0,
        "Diluted EPS": 1.18,
        "Basic EPS": 1.19,
        "Diluted NI Availto Com Stockholders": 9174000.0,
        "Net Income Common Stockholders": 9174000.0,
        "Otherunder Preferred Stock Dividend": 192000.0,
        "Net Income": 9174000.0,
        "Net Income Including Noncontrolling Interests": 9174000.0,
        "Net Income Continuous Operations": 9174000.0,
        "Tax Provision": 2417000.0,
        "Pretax Income": 11591000.0,
        "Selling General And Administration": 7184000.0,
        "Selling And Marketing Expense": 102000.0,
        "General And Administrative Expense": 7082000.0,
        "Other Gand A": 626000.0,
        "Insurance And Claims": 255000.0,
        "Salaries And Wages": 6201000.0,
        "Total Revenue": 25003000.0,
        "Operating Revenue": 25003000.0
    },
    "2022-06-30": {
        "Tax Effect Of Unusual Items": 0.0,
        "Tax Rate For Calcs": 0.223586,
        "Net Income From Continuing Operation Net Minority Interest": 12022000.0,
        "Reconciled Depreciation": 838000.0,
        "Net Interest Income": 23823000.0,
        "Interest Expense": 2541000.0,
        "Interest Income": 26364000.0,
        "Normalized Income": 12022000.0,
        "Net Income From Continuing And Discontinued Operation": 12022000.0,
        "Diluted Average Shares": 7614243.0,
        "Basic Average Shares": 7556645.0,
        "Diluted EPS": 1.55,
        "Basic EPS": 1.56,
        "Diluted NI Availto Com Stockholders": 12022000.0,
        "Net Income Common Stockholders": 12022000.0,
        "Otherunder Preferred Stock Dividend": 257000.0,
        "Net Income": 12022000.0,
        "Net Income Including Noncontrolling Interests": 12022000.0,
        "Net Income Continuous Operations": 12022000.0,
        "Tax Provision": 3462000.0,
        "Pretax Income": 15484000.0,
        "Selling General And Administration": 6830000.0,
        "Selling And Marketing Expense": 107000.0,
        "General And Administrative Expense": 6723000.0,
        "Other Gand A": 689000.0,
        "Insurance And Claims": 262000.0,
        "Salaries And Wages": 5772000.0,
        "Total Revenue": 24975000.0,
        "Operating Revenue": 24975000.0
    },
    "2022-03-31": {
        "Diluted EPS": 1.04,
        "Total Revenue": 23,
        "Gross Profit": 20,
        "Operating Income": 10,
        "EBIT": NaN,
        "Net Income": 8
    },
    "2021-12-31": {
        "Diluted EPS": 0.99,
        "Total Revenue": 23,
        "Gross Profit": 20,
        "Operating Income": 10,
        "EBIT": NaN,
        "Net Income": 8
    },
    "2021-09-30": {
        "Diluted EPS": 0.87,
        "Total Revenue": 22,
        "Gross Profit": 19,
        "Operating Income": 9,
        "EBIT": NaN,
        "Net Income": 7
    },
    "2021-06-30": {
        "Diluted EPS": 0.79,
        "Total Revenue": 22,
        "Gross Profit": 18,
        "Operating Income": 8,
        "EBIT": NaN,
        "Net Income": 6
    },
    "2021-03-31": {
        "Diluted EPS": 0.71,
        "Total Revenue": 21,
        "Gross Profit": 17,
        "Operating Income": 7,
        "EBIT": NaN,
        "Net Income": 6
    },
    "2020-12-31": {
        "Diluted EPS": 0.04,
        "Total Revenue": 20,
        "Gross Profit": 15,
        "Operating Income": 1,
        "EBIT": NaN,
        "Net Income": 0
    },
    "2020-09-30": {
        "Diluted EPS": 0.38,
        "Total Revenue": 20,
        "Gross Profit": 14,
        "Operating Income": 4,
        "EBIT": NaN,
        "Net Income": 3
    },
    "2020-06-30": {
        "Diluted EPS": 0.16,
        "Total Revenue": 20,
        "Gross Profit": 14,
        "Operating Income": 1,
        "EBIT": NaN,
        "Net Income": 1
    },
    "2020-03-31": {
        "Diluted EPS": 0.17,
        "Total Revenue": 21,
        "Gross Profit": 14,
        "Operating Income": 2,
        "EBIT": NaN,
        "Net Income": 1
    },
    "2019-12-31": {
        "Diluted EPS": 0.43,
        "Total Revenue": 21,
        "Gross Profit": 14,
        "Operating Income": 4,
        "EBIT": NaN,
        "Net Income": 3
    },
    "2019-09-30": {
        "Diluted EPS": 0.52,
        "Total Revenue": 22,
        "Gross Profit": 15,
        "Operating Income": 5,
        "EBIT": NaN,
        "Net Income": 4
    },
    "2019-06-30": {
        "Diluted EPS": 0.71,
        "Total Revenue": 22,
        "Gross Profit": 15,
        "Operating Income": 7,
        "EBIT": NaN,
        "Net Income": 6
    },
    "2019-03-31": {
        "Diluted EPS": 0.65,
        "Total Revenue": 23,
        "Gross Profit": 16,
        "Operating Income": 6,
        "EBIT": NaN,
        "Net Income": 5
    },
    "2018-12-31": {
        "Diluted EPS": 0.4,
        "Total Revenue": 22,
        "Gross Profit": 15,
        "Operating Income": 3,
        "EBIT": NaN,
        "Net Income": 3
    },
    "2018-09-30": {
        "Diluted EPS": 0.62,
        "Total Revenue": 21,
        "Gross Profit": 15,
        "Operating Income": 6,
        "EBIT": NaN,
        "Net Income": 5
    },
    "2018-06-30": {
        "Diluted EPS": 0.6,
        "Total Revenue": 21,
        "Gross Profit": 15,
        "Operating Income": 6,
        "EBIT": NaN,
        "Net Income": 5
    },
    "2018-03-31": {
        "Diluted EPS": 0.59,
        "Total Revenue": 20,
        "Gross Profit": 15,
        "Operating Income": 6,
        "EBIT": NaN,
        "Net Income": 5
    },
    "2017-12-31": {
        "Diluted EPS": 0.26,
        "Total Revenue": 20,
        "Gross Profit": 15,
        "Operating Income": 7,
        "EBIT": NaN,
        "Net Income": 2
    },
    "2017-09-30": {
        "Diluted EPS": 0.55,
        "Total Revenue": 19,
        "Gross Profit": 15,
        "Operating Income": 6,
        "EBIT": NaN,
        "Net Income": 4
    },
    "2017-06-30": {
        "Diluted EPS": 0.49,
        "Total Revenue": 19,
        "Gross Profit": 15,
        "Operating Income": 6,
        "EBIT": NaN,
        "Net Income": 4
    },
    "2017-03-31": {
        "Diluted EPS": 0.48,
        "Total Revenue": 18,
        "Gross Profit": 14,
        "Operating Income": 5,
        "EBIT": NaN,
        "Net Income": 4
    },
    "2016-12-31": {
        "Diluted EPS": 0.43,
        "Total Revenue": 17,
        "Gross Profit": 14,
        "Operating Income": 5,
        "EBIT": NaN,
        "Net Income": 3
    },
    "2016-09-30": {
        "Diluted EPS": 0.41,
        "Total Revenue": 16,
        "Gross Profit": 13,
        "Operating Income": 5,
        "EBIT": NaN,
        "Net Income": 3
    },
    "2016-06-30": {
        "Diluted EPS": 0.38,
        "Total Revenue": 16,
        "Gross Profit": 13,
        "Operating Income": 4,
        "EBIT": NaN,
        "Net Income": 3
    },
    "2016-03-31": {
        "Diluted EPS": 0.4,
        "Total Revenue": 15,
        "Gross Profit": 12,
        "Operating Income": 4,
        "EBIT": NaN,
        "Net Income": 3
    },
    "2015-12-31": {
        "Diluted EPS": 0.33,
        "Total Revenue": 15,
        "Gross Profit": 12,
        "Operating Income": 4,
        "EBIT": NaN,
        "Net Income": 3
    },
    "2015-09-30": {
        "Diluted EPS": 0.31,
        "Total Revenue": 14,
        "Gross Profit": 12,
        "Operating Income": 3,
        "EBIT": NaN,
        "Net Income": 2
    },
    "2015-06-30": {
        "Diluted EPS": 0.31,
        "Total Revenue": 13,
        "Gross Profit": 12,
        "Operating Income": 4,
        "EBIT": NaN,
        "Net Income": 2
    },
    "2015-03-31": {
        "Diluted EPS": 0.26,
        "Total Revenue": 12,
        "Gross Profit": 10,
        "Operating Income": 3,
        "EBIT": NaN,
        "Net Income": 2
    },
    "2014-12-31": {
        "Diluted EPS": 0.05,
        "Total Revenue": 12,
        "Gross Profit": 11,
        "Operating Income": 2,
        "EBIT": NaN,
        "Net Income": 1
    },
    "2014-09-30": {
        "Diluted EPS": 0.22,
        "Total Revenue": 9,
        "Gross Profit": 8,
        "Operating Income": 2,
        "EBIT": NaN,
        "Net Income": 1
    },
    "2014-06-30": {
        "Diluted EPS": 0.23,
        "Total Revenue": 9,
        "Gross Profit": 8,
        "Operating Income": 2,
        "EBIT": NaN,
        "Net Income": 1
    },
    "2014-03-31": {
        "Diluted EPS": 0.28,
        "Total Revenue": 9,
        "Gross Profit": 8,
        "Operating Income": 2,
        "EBIT": NaN,
        "Net Income": 1
    },
    "2013-12-31": {
        "Diluted EPS": 0.34,
        "Total Revenue": 10,
        "Gross Profit": 9,
        "Operating Income": 2,
        "EBIT": NaN,
        "Net Income": 1
    },
    "2013-09-30": {
        "Diluted EPS": 0.37,
        "Total Revenue": 8,
        "Gross Profit": 7,
        "Operating Income": 2,
        "EBIT": NaN,
        "Net Income": 1
    },
    "2013-06-30": {
        "Diluted EPS": 0.42,
        "Total Revenue": 8,
        "Gross Profit": 8,
        "Operating Income": 2,
        "EBIT": NaN,
        "Net Income": 1
    },
    "2013-03-31": {
        "Diluted EPS": 0.3,
        "Total Revenue": 7,
        "Gross Profit": 6,
        "Operating Income": 2,
        "EBIT": NaN,
        "Net Income": 1
    },
    "2012-12-31": {
        "Diluted EPS": 0.0,
        "Total Revenue": NaN,
        "Gross Profit": NaN,
        "Operating Income": NaN,
        "EBIT": NaN,
        "Net Income": NaN
    },
    "2023-09-30": {
        "Tax Effect Of Unusual Items": 0.0,
        "Tax Rate For Calcs": 0.239,
        "Net Income From Continuing Operation Net Minority Interest": 9777000.0,
        "Reconciled Depreciation": 903000.0,
        "Net Interest Income": 22691000.0,
        "Interest Expense": 25572000.0,
        "Interest Income": 48263000.0,
        "Normalized Income": 9777000.0,
        "Net Income From Continuing And Discontinued Operation": 9777000.0,
        "Diluted Average Shares": 7633934.0,
        "Basic Average Shares": 7598230.0,
        "Diluted EPS": 1.25,
        "Basic EPS": 1.25,
        "Diluted NI Availto Com Stockholders": 9527000.0,
        "Net Income Common Stockholders": 9527000.0,
        "Otherunder Preferred Stock Dividend": 250000.0,
        "Net Income": 9777000.0,
        "Net Income Including Noncontrolling Interests": 9777000.0,
        "Net Income Continuous Operations": 9777000.0,
        "Tax Provision": 3074000.0,
        "Pretax Income": 12851000.0,
        "Selling General And Administration": 7608000.0,
        "Selling And Marketing Expense": 184000.0,
        "General And Administrative Expense": 7424000.0,
        "Insurance And Claims": 1026000.0,
        "Salaries And Wages": 6398000.0,
        "Total Revenue": 23477000.0,
        "Operating Revenue": 23477000.0
    },
    "2023-12-31": {
        "Tax Effect Of Unusual Items": NaN,
        "Tax Rate For Calcs": NaN,
        "Net Income From Continuing Operation Net Minority Interest": NaN,
        "Reconciled Depreciation": NaN,
        "Net Interest Income": NaN,
        "Interest Expense": NaN,
        "Interest Income": NaN,
        "Normalized Income": NaN,
        "Net Income From Continuing And Discontinued Operation": NaN,
        "Diluted Average Shares": 7650451.0,
        "Basic Average Shares": 7603938.0,
        "Diluted EPS": 1.09,
        "Basic EPS": 1.09,
        "Diluted NI Availto Com Stockholders": NaN,
        "Net Income Common Stockholders": NaN,
        "Otherunder Preferred Stock Dividend": NaN,
        "Net Income": NaN,
        "Net Income Including Noncontrolling Interests": NaN,
        "Net Income Continuous Operations": NaN,
        "Tax Provision": NaN,
        "Pretax Income": NaN,
        "Selling General And Administration": NaN,
        "Selling And Marketing Expense": NaN,
        "General And Administrative Expense": NaN,
        "Insurance And Claims": NaN,
        "Salaries And Wages": NaN,
        "Total Revenue": NaN,
        "Operating Revenue": NaN
    }
}