{
    "2023-03-31": {
        "Tax Effect Of Unusual Items": 2310.0,
        "Tax Rate For Calcs": 0.21,
        "Normalized EBITDA": 5080000.0,
        "Total Unusual Items": 11000.0,
        "Total Unusual Items Excluding Goodwill": 11000.0,
        "Net Income From Continuing Operation Net Minority Interest": 537000.0,
        "Reconciled Depreciation": 3565000.0,
        "Reconciled Cost Of Revenue": 37373000.0,
        "EBITDA": 5091000.0,
        "EBIT": 1526000.0,
        "Normalized Income": 528310.0,
        "Net Income From Continuing And Discontinued Operation": 537000.0,
        "Total Expenses": 74574000.0,
        "Total Operating Income As Reported": 1537000.0,
        "Diluted Average Shares": 12669581.0,
        "Basic Average Shares": 11800308.0,
        "Diluted EPS": 0.04,
        "Basic EPS": 0.04,
        "Diluted NI Availto Com Stockholders": 468000.0,
        "Net Income Common Stockholders": 468000.0,
        "Otherunder Preferred Stock Dividend": 69000.0,
        "Net Income": 537000.0,
        "Net Income Including Noncontrolling Interests": 537000.0,
        "Net Income Continuous Operations": 537000.0,
        "Tax Provision": -213000.0,
        "Pretax Income": 324000.0,
        "Other Income Expense": -1202000.0,
        "Other Non Operating Income Expenses": -1213000.0,
        "Special Income Charges": 11000.0,
        "Gain On Sale Of Ppe": 11000.0,
        "Operating Income": 1526000.0,
        "Operating Expense": 37201000.0,
        "Depreciation Amortization Depletion Income Statement": 3565000.0,
        "Depreciation And Amortization In Income Statement": 3565000.0,
        "Selling General And Administration": 33636000.0,
        "Gross Profit": 38727000.0,
        "Cost Of Revenue": 37373000.0,
        "Total Revenue": 76100000.0,
        "Operating Revenue": 76100000.0
    },
    "2022-12-31": {
        "Tax Effect Of Unusual Items": NaN,
        "Tax Rate For Calcs": NaN,
        "Normalized EBITDA": NaN,
        "Total Unusual Items": NaN,
        "Total Unusual Items Excluding Goodwill": NaN,
        "Net Income From Continuing Operation Net Minority Interest": NaN,
        "Reconciled Depreciation": NaN,
        "Reconciled Cost Of Revenue": NaN,
        "EBITDA": NaN,
        "EBIT": NaN,
        "Normalized Income": NaN,
        "Net Income From Continuing And Discontinued Operation": NaN,
        "Total Expenses": NaN,
        "Total Operating Income As Reported": NaN,
        "Diluted Average Shares": 12234109.0,
        "Basic Average Shares": 11538128.0,
        "Diluted EPS": 0.03,
        "Basic EPS": 0.03,
        "Diluted NI Availto Com Stockholders": NaN,
        "Net Income Common Stockholders": NaN,
        "Otherunder Preferred Stock Dividend": NaN,
        "Net Income": NaN,
        "Net Income Including Noncontrolling Interests": NaN,
        "Net Income Continuous Operations": NaN,
        "Tax Provision": NaN,
        "Pretax Income": NaN,
        "Other Income Expense": NaN,
        "Other Non Operating Income Expenses": NaN,
        "Special Income Charges": NaN,
        "Gain On Sale Of Ppe": NaN,
        "Operating Income": NaN,
        "Operating Expense": NaN,
        "Depreciation Amortization Depletion Income Statement": NaN,
        "Depreciation And Amortization In Income Statement": NaN,
        "Selling General And Administration": NaN,
        "Gross Profit": NaN,
        "Cost Of Revenue": NaN,
        "Total Revenue": NaN,
        "Operating Revenue": NaN
    },
    "2022-09-30": {
        "Tax Effect Of Unusual Items": 4400.0,
        "Tax Rate For Calcs": 0.4,
        "Normalized EBITDA": 5335000.0,
        "Total Unusual Items": 11000.0,
        "Total Unusual Items Excluding Goodwill": 11000.0,
        "Net Income From Continuing Operation Net Minority Interest": 3397000.0,
        "Reconciled Depreciation": 3138000.0,
        "Reconciled Cost Of Revenue": 33984000.0,
        "EBITDA": 5346000.0,
        "EBIT": 2208000.0,
        "Normalized Income": 3390400.0,
        "Net Income From Continuing And Discontinued Operation": 3397000.0,
        "Total Expenses": 69038000.0,
        "Total Operating Income As Reported": 2219000.0,
        "Diluted Average Shares": 11768411.0,
        "Basic Average Shares": 11304946.0,
        "Diluted EPS": 0.25,
        "Basic EPS": 0.26,
        "Diluted NI Availto Com Stockholders": 2893000.0,
        "Net Income Common Stockholders": 2893000.0,
        "Otherunder Preferred Stock Dividend": 504000.0,
        "Net Income": 3397000.0,
        "Net Income Including Noncontrolling Interests": 3397000.0,
        "Net Income Continuous Operations": 3397000.0,
        "Tax Provision": -1773000.0,
        "Pretax Income": 1624000.0,
        "Other Income Expense": -584000.0,
        "Other Non Operating Income Expenses": -595000.0,
        "Special Income Charges": 11000.0,
        "Gain On Sale Of Ppe": 11000.0,
        "Operating Income": 2208000.0,
        "Operating Expense": 35054000.0,
        "Depreciation Amortization Depletion Income Statement": 3138000.0,
        "Depreciation And Amortization In Income Statement": 3138000.0,
        "Selling General And Administration": 31916000.0,
        "Gross Profit": 37262000.0,
        "Cost Of Revenue": 33984000.0,
        "Total Revenue": 71246000.0,
        "Operating Revenue": 71246000.0
    },
    "2022-06-30": {
        "Tax Effect Of Unusual Items": 10017.0,
        "Tax Rate For Calcs": 0.371,
        "Normalized EBITDA": 3253000.0,
        "Total Unusual Items": 27000.0,
        "Total Unusual Items Excluding Goodwill": 27000.0,
        "Net Income From Continuing Operation Net Minority Interest": -320000.0,
        "Reconciled Depreciation": 2822000.0,
        "Reconciled Cost Of Revenue": 31055000.0,
        "EBITDA": 3280000.0,
        "EBIT": 457000.0,
        "Normalized Income": -336983.0,
        "Net Income From Continuing And Discontinued Operation": -320000.0,
        "Total Expenses": 61942000.0,
        "Total Operating Income As Reported": 484000.0,
        "Diluted Average Shares": 10761172.0,
        "Basic Average Shares": 10761172.0,
        "Diluted EPS": -0.03,
        "Basic EPS": -0.03,
        "Diluted NI Availto Com Stockholders": -320000.0,
        "Net Income Common Stockholders": -320000.0,
        "Otherunder Preferred Stock Dividend": 0.0,
        "Net Income": -320000.0,
        "Net Income Including Noncontrolling Interests": -320000.0,
        "Net Income Continuous Operations": -320000.0,
        "Tax Provision": -190000.0,
        "Pretax Income": -510000.0,
        "Other Income Expense": -967000.0,
        "Other Non Operating Income Expenses": -994000.0,
        "Special Income Charges": 27000.0,
        "Gain On Sale Of Ppe": 27000.0,
        "Operating Income": 457000.0,
        "Operating Expense": 30888000.0,
        "Depreciation Amortization Depletion Income Statement": 2823000.0,
        "Depreciation And Amortization In Income Statement": 2823000.0,
        "Selling General And Administration": 28065000.0,
        "Gross Profit": 31345000.0,
        "Cost Of Revenue": 31054000.0,
        "Total Revenue": 62399000.0,
        "Operating Revenue": 62399000.0
    },
    "2022-03-31": {
        "Diluted EPS": 0.12,
        "Total Revenue": 52,
        "Gross Profit": 27,
        "Operating Income": 2,
        "EBIT": 4,
        "Net Income": 1
    },
    "2021-12-31": {
        "Diluted EPS": -0.11,
        "Total Revenue": 42,
        "Gross Profit": 21,
        "Operating Income": -1,
        "EBIT": 1,
        "Net Income": 0
    },
    "2021-09-30": {
        "Diluted EPS": 0.03,
        "Total Revenue": 40,
        "Gross Profit": 20,
        "Operating Income": 0,
        "EBIT": 2,
        "Net Income": 0
    },
    "2021-06-30": {
        "Diluted EPS": -0.06,
        "Total Revenue": 37,
        "Gross Profit": 18,
        "Operating Income": 0,
        "EBIT": 1,
        "Net Income": 0
    },
    "2021-03-31": {
        "Diluted EPS": 0.17,
        "Total Revenue": 32,
        "Gross Profit": 16,
        "Operating Income": 1,
        "EBIT": 3,
        "Net Income": 1
    },
    "2020-12-31": {
        "Diluted EPS": 0.05,
        "Total Revenue": 30,
        "Gross Profit": 15,
        "Operating Income": 1,
        "EBIT": 2,
        "Net Income": 0
    },
    "2020-09-30": {
        "Diluted EPS": -0.22,
        "Total Revenue": 32,
        "Gross Profit": 12,
        "Operating Income": -2,
        "EBIT": -2,
        "Net Income": -1
    },
    "2020-06-30": {
        "Diluted EPS": 0.27,
        "Total Revenue": 32,
        "Gross Profit": 15,
        "Operating Income": 3,
        "EBIT": 3,
        "Net Income": 2
    },
    "2020-03-31": {
        "Diluted EPS": 0.07,
        "Total Revenue": 29,
        "Gross Profit": 13,
        "Operating Income": 1,
        "EBIT": 1,
        "Net Income": 0
    },
    "2023-06-30": {
        "Tax Effect Of Unusual Items": 47460.0,
        "Tax Rate For Calcs": 0.21,
        "Normalized EBITDA": 3152000.0,
        "Total Unusual Items": 226000.0,
        "Total Unusual Items Excluding Goodwill": 226000.0,
        "Net Income From Continuing Operation Net Minority Interest": -634000.0,
        "Reconciled Depreciation": 4720000.0,
        "Reconciled Cost Of Revenue": 41037000.0,
        "EBITDA": 3378000.0,
        "EBIT": -1342000.0,
        "Normalized Income": -812540.0,
        "Net Income From Continuing And Discontinued Operation": -634000.0,
        "Total Expenses": 84097000.0,
        "Total Operating Income As Reported": -1116000.0,
        "Diluted Average Shares": 12276173.0,
        "Basic Average Shares": 12276173.0,
        "Diluted EPS": -0.05,
        "Basic EPS": -0.05,
        "Diluted NI Availto Com Stockholders": -634000.0,
        "Net Income Common Stockholders": -634000.0,
        "Otherunder Preferred Stock Dividend": 0.0,
        "Net Income": -634000.0,
        "Net Income Including Noncontrolling Interests": -634000.0,
        "Net Income Continuous Operations": -634000.0,
        "Tax Provision": -1625000.0,
        "Pretax Income": -2259000.0,
        "Other Income Expense": -917000.0,
        "Other Non Operating Income Expenses": -1143000.0,
        "Special Income Charges": 226000.0,
        "Gain On Sale Of Ppe": 226000.0,
        "Operating Income": -1342000.0,
        "Operating Expense": 43059000.0,
        "Depreciation Amortization Depletion Income Statement": 4719000.0,
        "Depreciation And Amortization In Income Statement": 4719000.0,
        "Selling General And Administration": 38340000.0,
        "Gross Profit": 41717000.0,
        "Cost Of Revenue": 41038000.0,
        "Total Revenue": 82755000.0,
        "Operating Revenue": 82755000.0
    },
    "2023-09-30": {
        "Tax Effect Of Unusual Items": 23100.0,
        "Tax Rate For Calcs": 0.21,
        "Normalized EBITDA": 6896000.0,
        "Total Unusual Items": 110000.0,
        "Total Unusual Items Excluding Goodwill": 110000.0,
        "Net Income From Continuing Operation Net Minority Interest": 1183000.0,
        "Reconciled Depreciation": 4500000.0,
        "Reconciled Cost Of Revenue": 45693000.0,
        "EBITDA": 7006000.0,
        "EBIT": 2506000.0,
        "Normalized Income": 1096100.0,
        "Net Income From Continuing And Discontinued Operation": 1183000.0,
        "Total Expenses": 91928000.0,
        "Total Operating Income As Reported": 2616000.0,
        "Diluted Average Shares": 13793120.0,
        "Basic Average Shares": 12814971.0,
        "Diluted EPS": 0.08,
        "Basic EPS": 0.08,
        "Diluted NI Availto Com Stockholders": 1037000.0,
        "Net Income Common Stockholders": 1037000.0,
        "Otherunder Preferred Stock Dividend": 146000.0,
        "Net Income": 1183000.0,
        "Net Income Including Noncontrolling Interests": 1183000.0,
        "Net Income Continuous Operations": 1183000.0,
        "Tax Provision": -62000.0,
        "Pretax Income": 1121000.0,
        "Other Income Expense": -1385000.0,
        "Other Non Operating Income Expenses": -1495000.0,
        "Special Income Charges": 110000.0,
        "Gain On Sale Of Ppe": 110000.0,
        "Operating Income": 2506000.0,
        "Operating Expense": 46235000.0,
        "Depreciation Amortization Depletion Income Statement": 4500000.0,
        "Depreciation And Amortization In Income Statement": 4500000.0,
        "Selling General And Administration": 41735000.0,
        "Gross Profit": 48741000.0,
        "Cost Of Revenue": 45693000.0,
        "Total Revenue": 94434000.0,
        "Operating Revenue": 94434000.0
    },
    "2023-12-31": {
        "Tax Effect Of Unusual Items": 13440.0,
        "Tax Rate For Calcs": 0.21,
        "Normalized EBITDA": 2117000.0,
        "Total Unusual Items": 64000.0,
        "Total Unusual Items Excluding Goodwill": 64000.0,
        "Net Income From Continuing Operation Net Minority Interest": -7710000.0,
        "Reconciled Depreciation": 5938000.0,
        "Reconciled Cost Of Revenue": 46125000.0,
        "EBITDA": 2181000.0,
        "EBIT": -3757000.0,
        "Normalized Income": -7760560.0,
        "Net Income From Continuing And Discontinued Operation": -7710000.0,
        "Total Expenses": 96723000.0,
        "Total Operating Income As Reported": -3693000.0,
        "Diluted Average Shares": NaN,
        "Basic Average Shares": NaN,
        "Diluted EPS": NaN,
        "Basic EPS": NaN,
        "Diluted NI Availto Com Stockholders": -7570000.0,
        "Net Income Common Stockholders": -7570000.0,
        "Otherunder Preferred Stock Dividend": -140000.0,
        "Net Income": -7710000.0,
        "Net Income Including Noncontrolling Interests": -7710000.0,
        "Net Income Continuous Operations": -7710000.0,
        "Tax Provision": 2078000.0,
        "Pretax Income": -5632000.0,
        "Other Income Expense": -1875000.0,
        "Other Non Operating Income Expenses": -1939000.0,
        "Special Income Charges": 64000.0,
        "Gain On Sale Of Ppe": 64000.0,
        "Operating Income": -3757000.0,
        "Operating Expense": 50598000.0,
        "Depreciation Amortization Depletion Income Statement": 5938000.0,
        "Depreciation And Amortization In Income Statement": 5938000.0,
        "Selling General And Administration": 44660000.0,
        "Gross Profit": 46841000.0,
        "Cost Of Revenue": 46125000.0,
        "Total Revenue": 92966000.0,
        "Operating Revenue": 92966000.0
    },
    "2024-03-31": {
        "Tax Effect Of Unusual Items": 38400.0,
        "Tax Rate For Calcs": 0.4,
        "Normalized EBITDA": 3193000.0,
        "Total Unusual Items": 96000.0,
        "Total Unusual Items Excluding Goodwill": 96000.0,
        "Net Income From Continuing Operation Net Minority Interest": -1558000.0,
        "Reconciled Depreciation": 5995000.0,
        "Reconciled Cost Of Revenue": 46905000.0,
        "EBITDA": 3289000.0,
        "EBIT": -2706000.0,
        "Normalized Income": -1615600.0,
        "Net Income From Continuing And Discontinued Operation": -1558000.0,
        "Total Expenses": 97613000.0,
        "Total Operating Income As Reported": -2610000.0,
        "Diluted Average Shares": 13827728.0,
        "Basic Average Shares": 13827728.0,
        "Diluted EPS": -0.11,
        "Basic EPS": -0.11,
        "Diluted NI Availto Com Stockholders": -1558000.0,
        "Net Income Common Stockholders": -1558000.0,
        "Otherunder Preferred Stock Dividend": 0.0,
        "Net Income": -1558000.0,
        "Net Income Including Noncontrolling Interests": -1558000.0,
        "Net Income Continuous Operations": -1558000.0,
        "Tax Provision": -3453000.0,
        "Pretax Income": -5011000.0,
        "Other Income Expense": -2305000.0,
        "Other Non Operating Income Expenses": -2401000.0,
        "Special Income Charges": 96000.0,
        "Gain On Sale Of Ppe": 96000.0,
        "Operating Income": -2706000.0,
        "Operating Expense": 50708000.0,
        "Depreciation Amortization Depletion Income Statement": 5995000.0,
        "Depreciation And Amortization In Income Statement": 5995000.0,
        "Selling General And Administration": 44713000.0,
        "Gross Profit": 48002000.0,
        "Cost Of Revenue": 46905000.0,
        "Total Revenue": 94907000.0,
        "Operating Revenue": 94907000.0
    }
}