{
    "2023-03-31": {
        "Diluted EPS": 0.67,
        "Total Revenue": 568,
        "Gross Profit": 137,
        "Operating Income": 88,
        "EBIT": 121,
        "Net Income": 61
    },
    "2022-12-31": {
        "Diluted EPS": 0.47,
        "Total Revenue": 624,
        "Gross Profit": 160,
        "Operating Income": 102,
        "EBIT": 132,
        "Net Income": 43
    },
    "2022-09-30": {
        "Diluted EPS": 0.67,
        "Total Revenue": 524,
        "Gross Profit": 124,
        "Operating Income": 80,
        "EBIT": 113,
        "Net Income": 62
    },
    "2022-06-30": {
        "Diluted EPS": 0.82,
        "Total Revenue": 554,
        "Gross Profit": 141,
        "Operating Income": 95,
        "EBIT": 125,
        "Net Income": 75
    },
    "2022-03-31": {
        "Diluted EPS": 0.64,
        "Total Revenue": 531,
        "Gross Profit": 126,
        "Operating Income": 72,
        "EBIT": 98,
        "Net Income": 59
    },
    "2021-12-31": {
        "Diluted EPS": 1.26,
        "Total Revenue": 592,
        "Gross Profit": 148,
        "Operating Income": 102,
        "EBIT": 128,
        "Net Income": 117
    },
    "2021-09-30": {
        "Diluted EPS": 0.63,
        "Total Revenue": 499,
        "Gross Profit": 137,
        "Operating Income": 87,
        "EBIT": 116,
        "Net Income": 60
    },
    "2021-06-30": {
        "Diluted EPS": 0.62,
        "Total Revenue": 505,
        "Gross Profit": 129,
        "Operating Income": 74,
        "EBIT": 98,
        "Net Income": 59
    },
    "2021-03-31": {
        "Diluted EPS": 0.73,
        "Total Revenue": 528,
        "Gross Profit": 135,
        "Operating Income": 82,
        "EBIT": 107,
        "Net Income": 70
    },
    "2020-12-31": {
        "Diluted EPS": 0.69,
        "Total Revenue": 557,
        "Gross Profit": 143,
        "Operating Income": 89,
        "EBIT": 112,
        "Net Income": 66
    },
    "2020-09-30": {
        "Diluted EPS": 0.76,
        "Total Revenue": 520,
        "Gross Profit": 146,
        "Operating Income": 89,
        "EBIT": 112,
        "Net Income": 73
    },
    "2020-06-30": {
        "Diluted EPS": 0.67,
        "Total Revenue": 505,
        "Gross Profit": 137,
        "Operating Income": 82,
        "EBIT": 102,
        "Net Income": 64
    },
    "2020-03-31": {
        "Diluted EPS": 0.79,
        "Total Revenue": 542,
        "Gross Profit": 150,
        "Operating Income": 98,
        "EBIT": 120,
        "Net Income": 75
    },
    "2019-12-31": {
        "Diluted EPS": 0.64,
        "Total Revenue": 501,
        "Gross Profit": 140,
        "Operating Income": 83,
        "EBIT": 105,
        "Net Income": 61
    },
    "2019-09-30": {
        "Diluted EPS": 0.78,
        "Total Revenue": 506,
        "Gross Profit": 148,
        "Operating Income": 98,
        "EBIT": 122,
        "Net Income": 75
    },
    "2019-06-30": {
        "Diluted EPS": 0.62,
        "Total Revenue": 471,
        "Gross Profit": 133,
        "Operating Income": 81,
        "EBIT": 103,
        "Net Income": 59
    },
    "2019-03-31": {
        "Diluted EPS": 0.51,
        "Total Revenue": 416,
        "Gross Profit": 113,
        "Operating Income": 64,
        "EBIT": 86,
        "Net Income": 49
    },
    "2018-12-31": {
        "Diluted EPS": 0.23,
        "Total Revenue": 478,
        "Gross Profit": 154,
        "Operating Income": 103,
        "EBIT": 127,
        "Net Income": 22
    },
    "2018-09-30": {
        "Diluted EPS": 0.78,
        "Total Revenue": 426,
        "Gross Profit": 99,
        "Operating Income": 50,
        "EBIT": 75,
        "Net Income": 78
    },
    "2018-06-30": {
        "Diluted EPS": 0.6,
        "Total Revenue": 439,
        "Gross Profit": 121,
        "Operating Income": 72,
        "EBIT": 92,
        "Net Income": 61
    },
    "2018-03-31": {
        "Diluted EPS": 0.66,
        "Total Revenue": 457,
        "Gross Profit": 130,
        "Operating Income": 80,
        "EBIT": 101,
        "Net Income": 66
    },
    "2017-12-31": {
        "Diluted EPS": -0.15,
        "Total Revenue": 430,
        "Gross Profit": 122,
        "Operating Income": 64,
        "EBIT": 81,
        "Net Income": -16
    },
    "2017-09-30": {
        "Diluted EPS": 0.46,
        "Total Revenue": 419,
        "Gross Profit": 117,
        "Operating Income": 67,
        "EBIT": 84,
        "Net Income": 47
    },
    "2017-06-30": {
        "Diluted EPS": 0.61,
        "Total Revenue": 410,
        "Gross Profit": 132,
        "Operating Income": 85,
        "EBIT": 103,
        "Net Income": 61
    },
    "2017-03-31": {
        "Diluted EPS": 0.55,
        "Total Revenue": 428,
        "Gross Profit": 125,
        "Operating Income": 76,
        "EBIT": 94,
        "Net Income": 56
    },
    "2016-12-31": {
        "Diluted EPS": 0.34,
        "Total Revenue": 404,
        "Gross Profit": 103,
        "Operating Income": 41,
        "EBIT": 57,
        "Net Income": 34
    },
    "2016-09-30": {
        "Diluted EPS": 0.39,
        "Total Revenue": 380,
        "Gross Profit": 108,
        "Operating Income": 62,
        "EBIT": 80,
        "Net Income": 41
    },
    "2016-06-30": {
        "Diluted EPS": 0.56,
        "Total Revenue": 402,
        "Gross Profit": 137,
        "Operating Income": 88,
        "EBIT": 106,
        "Net Income": 58
    },
    "2016-03-31": {
        "Diluted EPS": 0.47,
        "Total Revenue": 365,
        "Gross Profit": 116,
        "Operating Income": 43,
        "EBIT": 58,
        "Net Income": 50
    },
    "2015-12-31": {
        "Diluted EPS": 0.0,
        "Total Revenue": 364,
        "Gross Profit": 64,
        "Operating Income": 10,
        "EBIT": 26,
        "Net Income": -1
    },
    "2015-09-30": {
        "Diluted EPS": 0.96,
        "Total Revenue": 359,
        "Gross Profit": 108,
        "Operating Income": 131,
        "EBIT": 150,
        "Net Income": 104
    },
    "2015-06-30": {
        "Diluted EPS": -0.16,
        "Total Revenue": 357,
        "Gross Profit": 108,
        "Operating Income": 12,
        "EBIT": 40,
        "Net Income": -17
    },
    "2015-03-31": {
        "Diluted EPS": 0.42,
        "Total Revenue": 335,
        "Gross Profit": 108,
        "Operating Income": 54,
        "EBIT": 82,
        "Net Income": 45
    },
    "2014-12-31": {
        "Diluted EPS": -0.95,
        "Total Revenue": 89,
        "Gross Profit": -62,
        "Operating Income": -91,
        "EBIT": -42,
        "Net Income": -103
    },
    "2014-09-30": {
        "Diluted EPS": 0.57,
        "Total Revenue": 337,
        "Gross Profit": 95,
        "Operating Income": 35,
        "EBIT": 62,
        "Net Income": 61
    },
    "2014-06-30": {
        "Diluted EPS": 0.24,
        "Total Revenue": 362,
        "Gross Profit": 105,
        "Operating Income": 27,
        "EBIT": 58,
        "Net Income": 26
    },
    "2014-03-31": {
        "Diluted EPS": 0.41,
        "Total Revenue": 662,
        "Gross Profit": 160,
        "Operating Income": 54,
        "EBIT": 86,
        "Net Income": 45
    },
    "2013-12-31": {
        "Diluted EPS": 1.47,
        "Total Revenue": -920,
        "Gross Profit": -48,
        "Operating Income": 66,
        "EBIT": 83,
        "Net Income": 166
    },
    "2013-09-30": {
        "Diluted EPS": 0.54,
        "Total Revenue": 775,
        "Gross Profit": 196,
        "Operating Income": 82,
        "EBIT": 118,
        "Net Income": 60
    },
    "2013-06-30": {
        "Diluted EPS": 0.65,
        "Total Revenue": 886,
        "Gross Profit": 200,
        "Operating Income": 99,
        "EBIT": 134,
        "Net Income": 73
    },
    "2013-03-31": {
        "Diluted EPS": 0.41,
        "Total Revenue": 805,
        "Gross Profit": 186,
        "Operating Income": 60,
        "EBIT": 92,
        "Net Income": 47
    },
    "2012-12-31": {
        "Diluted EPS": 0.33,
        "Total Revenue": 865,
        "Gross Profit": 191,
        "Operating Income": 66,
        "EBIT": 98,
        "Net Income": 39
    },
    "2012-09-30": {
        "Diluted EPS": 0.43,
        "Total Revenue": 808,
        "Gross Profit": 204,
        "Operating Income": 84,
        "EBIT": 117,
        "Net Income": 51
    },
    "2012-06-30": {
        "Diluted EPS": 0.65,
        "Total Revenue": 853,
        "Gross Profit": 233,
        "Operating Income": 110,
        "EBIT": 145,
        "Net Income": 77
    },
    "2012-03-31": {
        "Diluted EPS": 0.5,
        "Total Revenue": 766,
        "Gross Profit": 202,
        "Operating Income": 86,
        "EBIT": 122,
        "Net Income": 60
    },
    "2011-12-31": {
        "Diluted EPS": -0.23,
        "Total Revenue": 801,
        "Gross Profit": 105,
        "Operating Income": -47,
        "EBIT": -67,
        "Net Income": -27
    },
    "2011-09-30": {
        "Diluted EPS": 0.39,
        "Total Revenue": 708,
        "Gross Profit": 172,
        "Operating Income": 58,
        "EBIT": 116,
        "Net Income": 46
    },
    "2011-06-30": {
        "Diluted EPS": 0.39,
        "Total Revenue": 752,
        "Gross Profit": 165,
        "Operating Income": 63,
        "EBIT": 121,
        "Net Income": 46
    },
    "2011-03-31": {
        "Diluted EPS": 0.11,
        "Total Revenue": 691,
        "Gross Profit": 126,
        "Operating Income": 22,
        "EBIT": 77,
        "Net Income": 14
    },
    "2010-12-31": {
        "Diluted EPS": 0.33,
        "Total Revenue": 705,
        "Gross Profit": 171,
        "Operating Income": 59,
        "EBIT": 41,
        "Net Income": 40
    },
    "2010-09-30": {
        "Diluted EPS": 0.31,
        "Total Revenue": 633,
        "Gross Profit": 164,
        "Operating Income": 65,
        "EBIT": 121,
        "Net Income": 36
    },
    "2010-06-30": {
        "Diluted EPS": 0.41,
        "Total Revenue": 688,
        "Gross Profit": 186,
        "Operating Income": 86,
        "EBIT": 141,
        "Net Income": 48
    },
    "2010-03-31": {
        "Diluted EPS": 0.14,
        "Total Revenue": 662,
        "Gross Profit": 134,
        "Operating Income": 39,
        "EBIT": 91,
        "Net Income": 17
    },
    "2009-12-31": {
        "Diluted EPS": 0.0,
        "Total Revenue": NaN,
        "Gross Profit": NaN,
        "Operating Income": NaN,
        "EBIT": NaN,
        "Net Income": NaN
    },
    "2009-09-30": {
        "Diluted EPS": 0.22,
        "Total Revenue": 649,
        "Gross Profit": 135,
        "Operating Income": 46,
        "EBIT": 105,
        "Net Income": 26
    },
    "2009-06-30": {
        "Diluted EPS": 0.0,
        "Total Revenue": 732,
        "Gross Profit": 179,
        "Operating Income": 91,
        "EBIT": 101,
        "Net Income": 48
    }
}