{
    "2023-03-31": {
        "Tax Effect Of Unusual Items": 1404.0,
        "Tax Rate For Calcs": 0.234,
        "Normalized EBITDA": 109507000.0,
        "Total Unusual Items": 6000.0,
        "Total Unusual Items Excluding Goodwill": 6000.0,
        "Net Income From Continuing Operation Net Minority Interest": 61092000.0,
        "Reconciled Depreciation": 19020000.0,
        "Reconciled Cost Of Revenue": 431130000.0,
        "EBITDA": 109513000.0,
        "EBIT": 90493000.0,
        "Net Interest Income": -10356000.0,
        "Interest Expense": 10819000.0,
        "Interest Income": 463000.0,
        "Normalized Income": 61087404.0,
        "Net Income From Continuing And Discontinued Operation": 61092000.0,
        "Total Expenses": 494169000.0,
        "Total Operating Income As Reported": 87842000.0,
        "Diluted Average Shares": 91799690.0,
        "Basic Average Shares": 91503988.0,
        "Diluted EPS": 0.67,
        "Basic EPS": 0.67,
        "Diluted NI Availto Com Stockholders": 61092000.0,
        "Net Income Common Stockholders": 61092000.0,
        "Net Income": 61092000.0,
        "Minority Interests": 99000.0,
        "Net Income Including Noncontrolling Interests": 60993000.0,
        "Net Income Continuous Operations": 60993000.0,
        "Tax Provision": 18681000.0,
        "Pretax Income": 79674000.0,
        "Other Income Expense": 15839000.0,
        "Other Non Operating Income Expenses": 2188000.0,
        "Special Income Charges": 6000.0,
        "Gain On Sale Of Ppe": 6000.0,
        "Earnings From Equity Interest": 13645000.0,
        "Net Non Operating Interest Income Expense": -10356000.0,
        "Interest Expense Non Operating": 10819000.0,
        "Interest Income Non Operating": 463000.0,
        "Operating Income": 74191000.0,
        "Operating Expense": 63039000.0,
        "Research And Development": 2204000.0,
        "Selling General And Administration": 60835000.0,
        "Gross Profit": 137230000.0,
        "Cost Of Revenue": 431130000.0,
        "Total Revenue": 568360000.0,
        "Operating Revenue": 568360000.0
    },
    "2022-12-31": {
        "Tax Effect Of Unusual Items": -1392845.373891,
        "Tax Rate For Calcs": 0.242571,
        "Normalized EBITDA": 93011000.0,
        "Total Unusual Items": -5742000.0,
        "Total Unusual Items Excluding Goodwill": -5742000.0,
        "Net Income From Continuing Operation Net Minority Interest": 42965000.0,
        "Reconciled Depreciation": 19034000.0,
        "Reconciled Cost Of Revenue": 463791000.0,
        "EBITDA": 87269000.0,
        "EBIT": 68235000.0,
        "Net Interest Income": -11132000.0,
        "Interest Expense": 11427000.0,
        "Interest Income": 295000.0,
        "Normalized Income": 47314154.626109,
        "Net Income From Continuing And Discontinued Operation": 42965000.0,
        "Total Expenses": 527644000.0,
        "Total Operating Income As Reported": 101883000.0,
        "Diluted Average Shares": 91812291.0,
        "Basic Average Shares": 91422303.0,
        "Diluted EPS": 0.47,
        "Basic EPS": 0.47,
        "Diluted NI Availto Com Stockholders": 42965000.0,
        "Net Income Common Stockholders": 42965000.0,
        "Net Income": 42965000.0,
        "Minority Interests": -63000.0,
        "Net Income Including Noncontrolling Interests": 43028000.0,
        "Net Income Continuous Operations": 43028000.0,
        "Tax Provision": 13780000.0,
        "Pretax Income": 56808000.0,
        "Other Income Expense": -28593000.0,
        "Other Non Operating Income Expenses": -33943000.0,
        "Special Income Charges": -5742000.0,
        "Gain On Sale Of Ppe": -5742000.0,
        "Earnings From Equity Interest": 11092000.0,
        "Net Non Operating Interest Income Expense": -11132000.0,
        "Interest Expense Non Operating": 11427000.0,
        "Interest Income Non Operating": 295000.0,
        "Operating Income": 96533000.0,
        "Operating Expense": 63853000.0,
        "Research And Development": 2545000.0,
        "Selling General And Administration": 61308000.0,
        "Gross Profit": 160386000.0,
        "Cost Of Revenue": 463791000.0,
        "Total Revenue": 624177000.0,
        "Operating Revenue": 624177000.0
    },
    "2022-09-30": {
        "Tax Effect Of Unusual Items": 61746.0,
        "Tax Rate For Calcs": 0.246,
        "Normalized EBITDA": 109988000.0,
        "Total Unusual Items": 251000.0,
        "Total Unusual Items Excluding Goodwill": 251000.0,
        "Net Income From Continuing Operation Net Minority Interest": 61603000.0,
        "Reconciled Depreciation": 18592000.0,
        "Reconciled Cost Of Revenue": 399281000.0,
        "EBITDA": 110239000.0,
        "EBIT": 91647000.0,
        "Net Interest Income": -9352000.0,
        "Interest Expense": 9625000.0,
        "Interest Income": 273000.0,
        "Normalized Income": 61413746.0,
        "Net Income From Continuing And Discontinued Operation": 61603000.0,
        "Total Expenses": 458867000.0,
        "Total Operating Income As Reported": 79878000.0,
        "Diluted Average Shares": 91655536.0,
        "Basic Average Shares": 91407599.0,
        "Diluted EPS": 0.67,
        "Basic EPS": 0.67,
        "Diluted NI Availto Com Stockholders": 61603000.0,
        "Net Income Common Stockholders": 61603000.0,
        "Net Income": 61603000.0,
        "Minority Interests": -234000.0,
        "Net Income Including Noncontrolling Interests": 61837000.0,
        "Net Income Continuous Operations": 61837000.0,
        "Tax Provision": 20185000.0,
        "Pretax Income": 82022000.0,
        "Other Income Expense": 26530000.0,
        "Other Non Operating Income Expenses": 11496000.0,
        "Special Income Charges": 251000.0,
        "Gain On Sale Of Ppe": 251000.0,
        "Earnings From Equity Interest": 14783000.0,
        "Net Non Operating Interest Income Expense": -9352000.0,
        "Interest Expense Non Operating": 9625000.0,
        "Interest Income Non Operating": 273000.0,
        "Operating Income": 64844000.0,
        "Operating Expense": 59586000.0,
        "Research And Development": 1426000.0,
        "Selling General And Administration": 58160000.0,
        "Gross Profit": 124430000.0,
        "Cost Of Revenue": 399281000.0,
        "Total Revenue": 523711000.0,
        "Operating Revenue": 523711000.0
    },
    "2022-06-30": {
        "Tax Effect Of Unusual Items": 239.0,
        "Tax Rate For Calcs": 0.239,
        "Normalized EBITDA": 125001000.0,
        "Total Unusual Items": 1000.0,
        "Total Unusual Items Excluding Goodwill": 1000.0,
        "Net Income From Continuing Operation Net Minority Interest": 74613000.0,
        "Reconciled Depreciation": 18596000.0,
        "Reconciled Cost Of Revenue": 413000000.0,
        "EBITDA": 125002000.0,
        "EBIT": 106406000.0,
        "Net Interest Income": -8234000.0,
        "Interest Expense": 8307000.0,
        "Interest Income": 73000.0,
        "Normalized Income": 74612239.0,
        "Net Income From Continuing And Discontinued Operation": 74613000.0,
        "Total Expenses": 470291000.0,
        "Total Operating Income As Reported": 95237000.0,
        "Diluted Average Shares": 91540319.0,
        "Basic Average Shares": 91394853.0,
        "Diluted EPS": 0.82,
        "Basic EPS": 0.82,
        "Diluted NI Availto Com Stockholders": 74613000.0,
        "Net Income Common Stockholders": 74613000.0,
        "Net Income": 74613000.0,
        "Minority Interests": -68000.0,
        "Net Income Including Noncontrolling Interests": 74681000.0,
        "Net Income Continuous Operations": 74681000.0,
        "Tax Provision": 23418000.0,
        "Pretax Income": 98099000.0,
        "Other Income Expense": 22416000.0,
        "Other Non Operating Income Expenses": 11096000.0,
        "Special Income Charges": 1000.0,
        "Gain On Sale Of Ppe": 1000.0,
        "Earnings From Equity Interest": 11319000.0,
        "Net Non Operating Interest Income Expense": -8234000.0,
        "Interest Expense Non Operating": 8307000.0,
        "Interest Income Non Operating": 73000.0,
        "Operating Income": 83917000.0,
        "Operating Expense": 57291000.0,
        "Research And Development": 2611000.0,
        "Selling General And Administration": 54680000.0,
        "Gross Profit": 141208000.0,
        "Cost Of Revenue": 413000000.0,
        "Total Revenue": 554208000.0,
        "Operating Revenue": 554208000.0
    },
    "2023-06-30": {
        "Tax Effect Of Unusual Items": 2223.0,
        "Tax Rate For Calcs": 0.247,
        "Normalized EBITDA": 109520000.0,
        "Total Unusual Items": 9000.0,
        "Total Unusual Items Excluding Goodwill": 9000.0,
        "Net Income From Continuing Operation Net Minority Interest": 58597000.0,
        "Reconciled Depreciation": 19384000.0,
        "Reconciled Cost Of Revenue": 471324000.0,
        "EBITDA": 109529000.0,
        "EBIT": 90145000.0,
        "Net Interest Income": -11689000.0,
        "Interest Expense": 12206000.0,
        "Interest Income": 517000.0,
        "Normalized Income": 58590223.0,
        "Net Income From Continuing And Discontinued Operation": 58597000.0,
        "Total Expenses": 538356000.0,
        "Total Operating Income As Reported": 86666000.0,
        "Diluted Average Shares": 91805179.0,
        "Basic Average Shares": 91626846.0,
        "Diluted EPS": 0.64,
        "Basic EPS": 0.64,
        "Diluted NI Availto Com Stockholders": 58597000.0,
        "Net Income Common Stockholders": 58597000.0,
        "Net Income": 58597000.0,
        "Minority Interests": -68000.0,
        "Net Income Including Noncontrolling Interests": 58665000.0,
        "Net Income Continuous Operations": 58665000.0,
        "Tax Provision": 19274000.0,
        "Pretax Income": 77939000.0,
        "Other Income Expense": 15539000.0,
        "Other Non Operating Income Expenses": 2962000.0,
        "Special Income Charges": 9000.0,
        "Gain On Sale Of Ppe": 9000.0,
        "Earnings From Equity Interest": 12568000.0,
        "Net Non Operating Interest Income Expense": -11689000.0,
        "Interest Expense Non Operating": 12206000.0,
        "Interest Income Non Operating": 517000.0,
        "Operating Income": 74089000.0,
        "Operating Expense": 67032000.0,
        "Research And Development": 2595000.0,
        "Selling General And Administration": 64437000.0,
        "Gross Profit": 141121000.0,
        "Cost Of Revenue": 471324000.0,
        "Total Revenue": 612445000.0,
        "Operating Revenue": 612445000.0
    },
    "2022-03-31": {
        "Diluted EPS": 0.64,
        "Total Revenue": 531,
        "Gross Profit": 126,
        "Operating Income": 72,
        "EBIT": 98,
        "Net Income": 59
    },
    "2021-12-31": {
        "Diluted EPS": 1.26,
        "Total Revenue": 592,
        "Gross Profit": 148,
        "Operating Income": 102,
        "EBIT": 128,
        "Net Income": 117
    },
    "2021-09-30": {
        "Diluted EPS": 0.63,
        "Total Revenue": 499,
        "Gross Profit": 137,
        "Operating Income": 87,
        "EBIT": 116,
        "Net Income": 60
    },
    "2021-06-30": {
        "Diluted EPS": 0.62,
        "Total Revenue": 505,
        "Gross Profit": 129,
        "Operating Income": 74,
        "EBIT": 98,
        "Net Income": 59
    },
    "2021-03-31": {
        "Diluted EPS": 0.73,
        "Total Revenue": 528,
        "Gross Profit": 135,
        "Operating Income": 82,
        "EBIT": 107,
        "Net Income": 70
    },
    "2020-12-31": {
        "Diluted EPS": 0.69,
        "Total Revenue": 557,
        "Gross Profit": 143,
        "Operating Income": 89,
        "EBIT": 112,
        "Net Income": 66
    },
    "2020-09-30": {
        "Diluted EPS": 0.76,
        "Total Revenue": 520,
        "Gross Profit": 146,
        "Operating Income": 89,
        "EBIT": 112,
        "Net Income": 73
    },
    "2020-06-30": {
        "Diluted EPS": 0.67,
        "Total Revenue": 505,
        "Gross Profit": 137,
        "Operating Income": 82,
        "EBIT": 102,
        "Net Income": 64
    },
    "2020-03-31": {
        "Diluted EPS": 0.79,
        "Total Revenue": 542,
        "Gross Profit": 150,
        "Operating Income": 98,
        "EBIT": 120,
        "Net Income": 75
    },
    "2019-12-31": {
        "Diluted EPS": 0.64,
        "Total Revenue": 501,
        "Gross Profit": 140,
        "Operating Income": 83,
        "EBIT": 105,
        "Net Income": 61
    },
    "2019-09-30": {
        "Diluted EPS": 0.78,
        "Total Revenue": 506,
        "Gross Profit": 148,
        "Operating Income": 98,
        "EBIT": 122,
        "Net Income": 75
    },
    "2019-06-30": {
        "Diluted EPS": 0.62,
        "Total Revenue": 471,
        "Gross Profit": 133,
        "Operating Income": 81,
        "EBIT": 103,
        "Net Income": 59
    },
    "2019-03-31": {
        "Diluted EPS": 0.51,
        "Total Revenue": 416,
        "Gross Profit": 113,
        "Operating Income": 64,
        "EBIT": 86,
        "Net Income": 49
    },
    "2018-12-31": {
        "Diluted EPS": 0.23,
        "Total Revenue": 478,
        "Gross Profit": 154,
        "Operating Income": 103,
        "EBIT": 127,
        "Net Income": 22
    },
    "2018-09-30": {
        "Diluted EPS": 0.78,
        "Total Revenue": 426,
        "Gross Profit": 99,
        "Operating Income": 50,
        "EBIT": 75,
        "Net Income": 78
    },
    "2018-06-30": {
        "Diluted EPS": 0.6,
        "Total Revenue": 439,
        "Gross Profit": 121,
        "Operating Income": 72,
        "EBIT": 92,
        "Net Income": 61
    },
    "2018-03-31": {
        "Diluted EPS": 0.66,
        "Total Revenue": 457,
        "Gross Profit": 130,
        "Operating Income": 80,
        "EBIT": 101,
        "Net Income": 66
    },
    "2017-12-31": {
        "Diluted EPS": -0.15,
        "Total Revenue": 430,
        "Gross Profit": 122,
        "Operating Income": 64,
        "EBIT": 81,
        "Net Income": -16
    },
    "2017-09-30": {
        "Diluted EPS": 0.46,
        "Total Revenue": 419,
        "Gross Profit": 117,
        "Operating Income": 67,
        "EBIT": 84,
        "Net Income": 47
    },
    "2017-06-30": {
        "Diluted EPS": 0.61,
        "Total Revenue": 410,
        "Gross Profit": 132,
        "Operating Income": 85,
        "EBIT": 103,
        "Net Income": 61
    },
    "2017-03-31": {
        "Diluted EPS": 0.55,
        "Total Revenue": 428,
        "Gross Profit": 125,
        "Operating Income": 76,
        "EBIT": 94,
        "Net Income": 56
    },
    "2016-12-31": {
        "Diluted EPS": 0.34,
        "Total Revenue": 404,
        "Gross Profit": 103,
        "Operating Income": 41,
        "EBIT": 57,
        "Net Income": 34
    },
    "2016-09-30": {
        "Diluted EPS": 0.39,
        "Total Revenue": 380,
        "Gross Profit": 108,
        "Operating Income": 62,
        "EBIT": 80,
        "Net Income": 41
    },
    "2016-06-30": {
        "Diluted EPS": 0.56,
        "Total Revenue": 402,
        "Gross Profit": 137,
        "Operating Income": 88,
        "EBIT": 106,
        "Net Income": 58
    },
    "2016-03-31": {
        "Diluted EPS": 0.47,
        "Total Revenue": 365,
        "Gross Profit": 116,
        "Operating Income": 43,
        "EBIT": 58,
        "Net Income": 50
    },
    "2015-12-31": {
        "Diluted EPS": 0.0,
        "Total Revenue": 364,
        "Gross Profit": 64,
        "Operating Income": 10,
        "EBIT": 26,
        "Net Income": -1
    },
    "2015-09-30": {
        "Diluted EPS": 0.96,
        "Total Revenue": 359,
        "Gross Profit": 108,
        "Operating Income": 131,
        "EBIT": 150,
        "Net Income": 104
    },
    "2015-06-30": {
        "Diluted EPS": -0.16,
        "Total Revenue": 357,
        "Gross Profit": 108,
        "Operating Income": 12,
        "EBIT": 40,
        "Net Income": -17
    },
    "2015-03-31": {
        "Diluted EPS": 0.42,
        "Total Revenue": 335,
        "Gross Profit": 108,
        "Operating Income": 54,
        "EBIT": 82,
        "Net Income": 45
    },
    "2014-12-31": {
        "Diluted EPS": -0.95,
        "Total Revenue": 89,
        "Gross Profit": -62,
        "Operating Income": -91,
        "EBIT": -42,
        "Net Income": -103
    },
    "2014-09-30": {
        "Diluted EPS": 0.57,
        "Total Revenue": 337,
        "Gross Profit": 95,
        "Operating Income": 35,
        "EBIT": 62,
        "Net Income": 61
    },
    "2014-06-30": {
        "Diluted EPS": 0.24,
        "Total Revenue": 362,
        "Gross Profit": 105,
        "Operating Income": 27,
        "EBIT": 58,
        "Net Income": 26
    },
    "2014-03-31": {
        "Diluted EPS": 0.41,
        "Total Revenue": 662,
        "Gross Profit": 160,
        "Operating Income": 54,
        "EBIT": 86,
        "Net Income": 45
    },
    "2013-12-31": {
        "Diluted EPS": 1.47,
        "Total Revenue": -920,
        "Gross Profit": -48,
        "Operating Income": 66,
        "EBIT": 83,
        "Net Income": 166
    },
    "2013-09-30": {
        "Diluted EPS": 0.54,
        "Total Revenue": 775,
        "Gross Profit": 196,
        "Operating Income": 82,
        "EBIT": 118,
        "Net Income": 60
    },
    "2013-06-30": {
        "Diluted EPS": 0.65,
        "Total Revenue": 886,
        "Gross Profit": 200,
        "Operating Income": 99,
        "EBIT": 134,
        "Net Income": 73
    },
    "2013-03-31": {
        "Diluted EPS": 0.41,
        "Total Revenue": 805,
        "Gross Profit": 186,
        "Operating Income": 60,
        "EBIT": 92,
        "Net Income": 47
    },
    "2012-12-31": {
        "Diluted EPS": 0.33,
        "Total Revenue": 865,
        "Gross Profit": 191,
        "Operating Income": 66,
        "EBIT": 98,
        "Net Income": 39
    },
    "2012-09-30": {
        "Diluted EPS": 0.43,
        "Total Revenue": 808,
        "Gross Profit": 204,
        "Operating Income": 84,
        "EBIT": 117,
        "Net Income": 51
    },
    "2012-06-30": {
        "Diluted EPS": 0.65,
        "Total Revenue": 853,
        "Gross Profit": 233,
        "Operating Income": 110,
        "EBIT": 145,
        "Net Income": 77
    },
    "2012-03-31": {
        "Diluted EPS": 0.5,
        "Total Revenue": 766,
        "Gross Profit": 202,
        "Operating Income": 86,
        "EBIT": 122,
        "Net Income": 60
    },
    "2011-12-31": {
        "Diluted EPS": -0.23,
        "Total Revenue": 801,
        "Gross Profit": 105,
        "Operating Income": -47,
        "EBIT": -67,
        "Net Income": -27
    },
    "2011-09-30": {
        "Diluted EPS": 0.39,
        "Total Revenue": 708,
        "Gross Profit": 172,
        "Operating Income": 58,
        "EBIT": 116,
        "Net Income": 46
    },
    "2011-06-30": {
        "Diluted EPS": 0.39,
        "Total Revenue": 752,
        "Gross Profit": 165,
        "Operating Income": 63,
        "EBIT": 121,
        "Net Income": 46
    },
    "2011-03-31": {
        "Diluted EPS": 0.11,
        "Total Revenue": 691,
        "Gross Profit": 126,
        "Operating Income": 22,
        "EBIT": 77,
        "Net Income": 14
    },
    "2010-12-31": {
        "Diluted EPS": 0.33,
        "Total Revenue": 705,
        "Gross Profit": 171,
        "Operating Income": 59,
        "EBIT": 41,
        "Net Income": 40
    },
    "2010-09-30": {
        "Diluted EPS": 0.31,
        "Total Revenue": 633,
        "Gross Profit": 164,
        "Operating Income": 65,
        "EBIT": 121,
        "Net Income": 36
    },
    "2010-06-30": {
        "Diluted EPS": 0.41,
        "Total Revenue": 688,
        "Gross Profit": 186,
        "Operating Income": 86,
        "EBIT": 141,
        "Net Income": 48
    },
    "2010-03-31": {
        "Diluted EPS": 0.14,
        "Total Revenue": 662,
        "Gross Profit": 134,
        "Operating Income": 39,
        "EBIT": 91,
        "Net Income": 17
    },
    "2009-12-31": {
        "Diluted EPS": 0.0,
        "Total Revenue": NaN,
        "Gross Profit": NaN,
        "Operating Income": NaN,
        "EBIT": NaN,
        "Net Income": NaN
    },
    "2009-09-30": {
        "Diluted EPS": 0.22,
        "Total Revenue": 649,
        "Gross Profit": 135,
        "Operating Income": 46,
        "EBIT": 105,
        "Net Income": 26
    },
    "2009-06-30": {
        "Diluted EPS": 0.0,
        "Total Revenue": 732,
        "Gross Profit": 179,
        "Operating Income": 91,
        "EBIT": 101,
        "Net Income": 48
    },
    "2023-09-30": {
        "Tax Effect Of Unusual Items": 0.0,
        "Tax Rate For Calcs": 0.228,
        "Normalized EBITDA": 110142000.0,
        "Total Unusual Items": 0.0,
        "Total Unusual Items Excluding Goodwill": 0.0,
        "Net Income From Continuing Operation Net Minority Interest": 60273000.0,
        "Reconciled Depreciation": 19801000.0,
        "Reconciled Cost Of Revenue": 436296000.0,
        "EBITDA": 110142000.0,
        "EBIT": 90341000.0,
        "Net Interest Income": -11532000.0,
        "Interest Expense": 12175000.0,
        "Interest Income": 643000.0,
        "Normalized Income": 60273000.0,
        "Net Income From Continuing And Discontinued Operation": 60273000.0,
        "Total Expenses": 517280000.0,
        "Total Operating Income As Reported": 85358000.0,
        "Diluted Average Shares": 91895480.0,
        "Basic Average Shares": 91659117.0,
        "Diluted EPS": 0.66,
        "Basic EPS": 0.66,
        "Diluted NI Availto Com Stockholders": 60273000.0,
        "Net Income Common Stockholders": 60273000.0,
        "Net Income": 60273000.0,
        "Minority Interests": -79000.0,
        "Net Income Including Noncontrolling Interests": 60352000.0,
        "Net Income Continuous Operations": 60352000.0,
        "Tax Provision": 17814000.0,
        "Pretax Income": 78166000.0,
        "Other Income Expense": 16989000.0,
        "Other Non Operating Income Expenses": 4340000.0,
        "Special Income Charges": 0.0,
        "Gain On Sale Of Ppe": 0.0,
        "Earnings From Equity Interest": 12649000.0,
        "Net Non Operating Interest Income Expense": -11532000.0,
        "Interest Expense Non Operating": 12175000.0,
        "Interest Income Non Operating": 643000.0,
        "Operating Income": 72709000.0,
        "Operating Expense": 80984000.0,
        "Research And Development": 1156000.0,
        "Selling General And Administration": 79828000.0,
        "Gross Profit": 153693000.0,
        "Cost Of Revenue": 436296000.0,
        "Total Revenue": 589989000.0,
        "Operating Revenue": 589989000.0
    },
    "2023-12-31": {
        "Tax Effect Of Unusual Items": -236579.694234,
        "Tax Rate For Calcs": 0.225529,
        "Normalized EBITDA": 118867000.0,
        "Total Unusual Items": -1049000.0,
        "Total Unusual Items Excluding Goodwill": -1049000.0,
        "Net Income From Continuing Operation Net Minority Interest": 65887000.0,
        "Reconciled Depreciation": 20361000.0,
        "Reconciled Cost Of Revenue": 536966000.0,
        "EBITDA": 117818000.0,
        "EBIT": 97457000.0,
        "Net Interest Income": -11100000.0,
        "Interest Expense": 11836000.0,
        "Interest Income": 736000.0,
        "Normalized Income": 66699420.305766,
        "Net Income From Continuing And Discontinued Operation": 65887000.0,
        "Total Expenses": 613218000.0,
        "Total Operating Income As Reported": 123193000.0,
        "Diluted Average Shares": 91997796.0,
        "Basic Average Shares": 91686671.0,
        "Diluted EPS": 0.72,
        "Basic EPS": 0.72,
        "Diluted NI Availto Com Stockholders": 65887000.0,
        "Net Income Common Stockholders": 65887000.0,
        "Net Income": 65887000.0,
        "Minority Interests": -424000.0,
        "Net Income Including Noncontrolling Interests": 66311000.0,
        "Net Income Continuous Operations": 66311000.0,
        "Tax Provision": 19310000.0,
        "Pretax Income": 85621000.0,
        "Other Income Expense": -15576000.0,
        "Other Non Operating Income Expenses": -26472000.0,
        "Special Income Charges": -1049000.0,
        "Gain On Sale Of Ppe": -1049000.0,
        "Earnings From Equity Interest": 11945000.0,
        "Net Non Operating Interest Income Expense": -11100000.0,
        "Interest Expense Non Operating": 11836000.0,
        "Interest Income Non Operating": 736000.0,
        "Operating Income": 112297000.0,
        "Operating Expense": 76252000.0,
        "Research And Development": 1658000.0,
        "Selling General And Administration": 74594000.0,
        "Gross Profit": 188549000.0,
        "Cost Of Revenue": 536966000.0,
        "Total Revenue": 725515000.0,
        "Operating Revenue": 725515000.0
    },
    "2024-03-31": {
        "Tax Effect Of Unusual Items": 0.0,
        "Tax Rate For Calcs": 0.225,
        "Normalized EBITDA": 118524000.0,
        "Total Unusual Items": 0.0,
        "Total Unusual Items Excluding Goodwill": 0.0,
        "Net Income From Continuing Operation Net Minority Interest": 68468000.0,
        "Reconciled Depreciation": 20552000.0,
        "Reconciled Cost Of Revenue": 455357000.0,
        "EBITDA": 118524000.0,
        "EBIT": 97972000.0,
        "Net Interest Income": -8749000.0,
        "Interest Expense": 9595000.0,
        "Interest Income": 846000.0,
        "Normalized Income": 68468000.0,
        "Net Income From Continuing And Discontinued Operation": 68468000.0,
        "Total Expenses": 524208000.0,
        "Total Operating Income As Reported": 92961000.0,
        "Diluted Average Shares": 91860923.0,
        "Basic Average Shares": 91555384.0,
        "Diluted EPS": 0.75,
        "Basic EPS": 0.75,
        "Diluted NI Availto Com Stockholders": 68468000.0,
        "Net Income Common Stockholders": 68468000.0,
        "Net Income": 68468000.0,
        "Minority Interests": -66000.0,
        "Net Income Including Noncontrolling Interests": 68534000.0,
        "Net Income Continuous Operations": 68534000.0,
        "Tax Provision": 19843000.0,
        "Pretax Income": 88377000.0,
        "Other Income Expense": 17368000.0,
        "Other Non Operating Income Expenses": 4165000.0,
        "Special Income Charges": 0.0,
        "Gain On Sale Of Ppe": 0.0,
        "Earnings From Equity Interest": 13203000.0,
        "Net Non Operating Interest Income Expense": -8749000.0,
        "Interest Expense Non Operating": 9595000.0,
        "Interest Income Non Operating": 846000.0,
        "Operating Income": 79758000.0,
        "Operating Expense": 68851000.0,
        "Research And Development": 1490000.0,
        "Selling General And Administration": 67361000.0,
        "Gross Profit": 148609000.0,
        "Cost Of Revenue": 455357000.0,
        "Total Revenue": 603966000.0,
        "Operating Revenue": 603966000.0
    }
}