{
    "2023-06-30": {
        "Tax Effect Of Unusual Items": NaN,
        "Tax Rate For Calcs": NaN,
        "Net Income From Continuing Operation Net Minority Interest": NaN,
        "Reconciled Depreciation": NaN,
        "Net Interest Income": NaN,
        "Interest Expense": NaN,
        "Interest Income": NaN,
        "Normalized Income": NaN,
        "Net Income From Continuing And Discontinued Operation": NaN,
        "Diluted Average Shares": NaN,
        "Basic Average Shares": NaN,
        "Diluted EPS": NaN,
        "Basic EPS": NaN,
        "Diluted NI Availto Com Stockholders": NaN,
        "Net Income Common Stockholders": NaN,
        "Net Income": NaN,
        "Minority Interests": NaN,
        "Net Income Including Noncontrolling Interests": NaN,
        "Net Income Continuous Operations": NaN,
        "Tax Provision": NaN,
        "Pretax Income": NaN,
        "Gain On Sale Of Security": NaN,
        "Operating Expense": NaN,
        "Other Operating Expenses": -7095000.0,
        "Selling General And Administration": NaN,
        "General And Administrative Expense": NaN,
        "Total Revenue": NaN,
        "Operating Revenue": NaN
    },
    "2023-03-31": {
        "Tax Effect Of Unusual Items": NaN,
        "Tax Rate For Calcs": NaN,
        "Net Income From Continuing Operation Net Minority Interest": NaN,
        "Reconciled Depreciation": NaN,
        "Net Interest Income": NaN,
        "Interest Expense": NaN,
        "Interest Income": NaN,
        "Normalized Income": NaN,
        "Net Income From Continuing And Discontinued Operation": NaN,
        "Diluted Average Shares": NaN,
        "Basic Average Shares": NaN,
        "Diluted EPS": NaN,
        "Basic EPS": NaN,
        "Diluted NI Availto Com Stockholders": NaN,
        "Net Income Common Stockholders": NaN,
        "Net Income": NaN,
        "Minority Interests": NaN,
        "Net Income Including Noncontrolling Interests": NaN,
        "Net Income Continuous Operations": NaN,
        "Tax Provision": NaN,
        "Pretax Income": NaN,
        "Gain On Sale Of Security": NaN,
        "Operating Expense": NaN,
        "Other Operating Expenses": 5208000.0,
        "Selling General And Administration": NaN,
        "General And Administrative Expense": NaN,
        "Total Revenue": NaN,
        "Operating Revenue": NaN
    },
    "2022-12-31": {
        "Tax Effect Of Unusual Items": NaN,
        "Tax Rate For Calcs": NaN,
        "Net Income From Continuing Operation Net Minority Interest": NaN,
        "Reconciled Depreciation": NaN,
        "Net Interest Income": NaN,
        "Interest Expense": NaN,
        "Interest Income": NaN,
        "Normalized Income": NaN,
        "Net Income From Continuing And Discontinued Operation": NaN,
        "Diluted Average Shares": NaN,
        "Basic Average Shares": NaN,
        "Diluted EPS": NaN,
        "Basic EPS": NaN,
        "Diluted NI Availto Com Stockholders": NaN,
        "Net Income Common Stockholders": NaN,
        "Net Income": NaN,
        "Minority Interests": NaN,
        "Net Income Including Noncontrolling Interests": NaN,
        "Net Income Continuous Operations": NaN,
        "Tax Provision": NaN,
        "Pretax Income": NaN,
        "Gain On Sale Of Security": NaN,
        "Operating Expense": NaN,
        "Other Operating Expenses": -21535000.0,
        "Selling General And Administration": NaN,
        "General And Administrative Expense": NaN,
        "Total Revenue": NaN,
        "Operating Revenue": NaN
    },
    "2022-09-30": {
        "Tax Effect Of Unusual Items": 0.0,
        "Tax Rate For Calcs": 0.21,
        "Net Income From Continuing Operation Net Minority Interest": 2296000.0,
        "Reconciled Depreciation": 14892000.0,
        "Net Interest Income": -28087000.0,
        "Interest Expense": 80507000.0,
        "Interest Income": 52420000.0,
        "Normalized Income": 2296000.0,
        "Net Income From Continuing And Discontinued Operation": 2296000.0,
        "Diluted Average Shares": 742495532.0,
        "Basic Average Shares": 742345646.0,
        "Diluted EPS": 0.003092,
        "Basic EPS": 0.003093,
        "Diluted NI Availto Com Stockholders": 2296000.0,
        "Net Income Common Stockholders": 2296000.0,
        "Net Income": 2296000.0,
        "Minority Interests": -1404000.0,
        "Net Income Including Noncontrolling Interests": 3700000.0,
        "Net Income Continuous Operations": 3700000.0,
        "Tax Provision": 94231000.0,
        "Pretax Income": 97931000.0,
        "Gain On Sale Of Security": 920294000.0,
        "Operating Expense": 876159000.0,
        "Other Operating Expenses": NaN,
        "Selling General And Administration": 275886000.0,
        "General And Administrative Expense": 275886000.0,
        "Total Revenue": 974090000.0,
        "Operating Revenue": 974090000.0
    },
    "2022-06-30": {
        "Tax Effect Of Unusual Items": 0.0,
        "Tax Rate For Calcs": 0.4,
        "Net Income From Continuing Operation Net Minority Interest": -29393000.0,
        "Reconciled Depreciation": 18698000.0,
        "Net Interest Income": -7567000.0,
        "Interest Expense": 69642000.0,
        "Interest Income": 62075000.0,
        "Normalized Income": -29393000.0,
        "Net Income From Continuing And Discontinued Operation": -29393000.0,
        "Diluted Average Shares": 707382293.0,
        "Basic Average Shares": 707382293.0,
        "Diluted EPS": -0.04,
        "Basic EPS": -0.04,
        "Diluted NI Availto Com Stockholders": -29393000.0,
        "Net Income Common Stockholders": -29393000.0,
        "Net Income": -29393000.0,
        "Minority Interests": 226353000.0,
        "Net Income Including Noncontrolling Interests": -255746000.0,
        "Net Income Continuous Operations": -255746000.0,
        "Tax Provision": 36514000.0,
        "Pretax Income": -219232000.0,
        "Gain On Sale Of Security": 2614604000.0,
        "Operating Expense": 979748000.0,
        "Other Operating Expenses": 13000.0,
        "Selling General And Administration": 293723000.0,
        "General And Administrative Expense": 293723000.0,
        "Total Revenue": 760516000.0,
        "Operating Revenue": 760516000.0
    },
    "2023-09-30": {
        "Tax Effect Of Unusual Items": 0.0,
        "Tax Rate For Calcs": 0.176,
        "Net Income From Continuing Operation Net Minority Interest": 551994000.0,
        "Reconciled Depreciation": 9011000.0,
        "Net Interest Income": -1466000.0,
        "Interest Expense": 110599000.0,
        "Interest Income": 109133000.0,
        "Normalized Income": 551994000.0,
        "Net Income From Continuing And Discontinued Operation": 551994000.0,
        "Diluted Average Shares": NaN,
        "Basic Average Shares": NaN,
        "Diluted EPS": NaN,
        "Basic EPS": NaN,
        "Diluted NI Availto Com Stockholders": 551994000.0,
        "Net Income Common Stockholders": 551994000.0,
        "Net Income": 551994000.0,
        "Minority Interests": -368748000.0,
        "Net Income Including Noncontrolling Interests": 920742000.0,
        "Net Income Continuous Operations": 920742000.0,
        "Tax Provision": 196560000.0,
        "Pretax Income": 1117302000.0,
        "Gain On Sale Of Security": 498925000.0,
        "Operating Expense": 1018388000.0,
        "Other Operating Expenses": NaN,
        "Selling General And Administration": 318120000.0,
        "General And Administrative Expense": 318120000.0,
        "Total Revenue": 2135690000.0,
        "Operating Revenue": 2135690000.0
    },
    "2023-12-31": {
        "Tax Effect Of Unusual Items": 0.0,
        "Tax Rate For Calcs": 0.296344,
        "Net Income From Continuing Operation Net Minority Interest": 151800000.0,
        "Reconciled Depreciation": 9002000.0,
        "Net Interest Income": 59642000.0,
        "Interest Expense": 108732000.0,
        "Interest Income": 168374000.0,
        "Normalized Income": 151800000.0,
        "Net Income From Continuing And Discontinued Operation": 151800000.0,
        "Diluted Average Shares": 758278385.0,
        "Basic Average Shares": 758151673.0,
        "Diluted EPS": 0.2,
        "Basic EPS": 0.2,
        "Diluted NI Availto Com Stockholders": 151800000.0,
        "Net Income Common Stockholders": 151800000.0,
        "Net Income": 151800000.0,
        "Minority Interests": 42677000.0,
        "Net Income Including Noncontrolling Interests": 109123000.0,
        "Net Income Continuous Operations": 109123000.0,
        "Tax Provision": 45957000.0,
        "Pretax Income": 155080000.0,
        "Gain On Sale Of Security": 508503000.0,
        "Operating Expense": 950720000.0,
        "Other Operating Expenses": 29083000.0,
        "Selling General And Administration": 289760000.0,
        "General And Administrative Expense": 289760000.0,
        "Total Revenue": 1105800000.0,
        "Operating Revenue": 1105800000.0
    },
    "2024-03-31": {
        "Tax Effect Of Unusual Items": 0.0,
        "Tax Rate For Calcs": 0.151,
        "Net Income From Continuing Operation Net Minority Interest": 847386000.0,
        "Reconciled Depreciation": 8981000.0,
        "Net Interest Income": -10364000.0,
        "Interest Expense": 108203000.0,
        "Interest Income": 97839000.0,
        "Normalized Income": 847386000.0,
        "Net Income From Continuing And Discontinued Operation": 847386000.0,
        "Diluted Average Shares": 760257644.0,
        "Basic Average Shares": 759798537.0,
        "Diluted EPS": 1.11,
        "Basic EPS": 1.12,
        "Diluted NI Availto Com Stockholders": 847386000.0,
        "Net Income Common Stockholders": 847386000.0,
        "Net Income": 847386000.0,
        "Minority Interests": -748597000.0,
        "Net Income Including Noncontrolling Interests": 1595983000.0,
        "Net Income Continuous Operations": 1595983000.0,
        "Tax Provision": 283671000.0,
        "Pretax Income": 1879654000.0,
        "Gain On Sale Of Security": 713347000.0,
        "Operating Expense": 1168703000.0,
        "Other Operating Expenses": NaN,
        "Selling General And Administration": 373900000.0,
        "General And Administrative Expense": 373900000.0,
        "Total Revenue": 3048357000.0,
        "Operating Revenue": 3048357000.0
    },
    "2024-06-30": {
        "Tax Effect Of Unusual Items": 0.0,
        "Tax Rate For Calcs": 0.215,
        "Net Income From Continuing Operation Net Minority Interest": 444414000.0,
        "Reconciled Depreciation": 8982000.0,
        "Net Interest Income": -3617000.0,
        "Interest Expense": 108616000.0,
        "Interest Income": 104999000.0,
        "Normalized Income": 444414000.0,
        "Net Income From Continuing And Discontinued Operation": 444414000.0,
        "Diluted Average Shares": 769234677.0,
        "Basic Average Shares": 769187351.0,
        "Diluted EPS": 0.58,
        "Basic EPS": 0.58,
        "Diluted NI Availto Com Stockholders": 444414000.0,
        "Net Income Common Stockholders": 444414000.0,
        "Net Income": 444414000.0,
        "Minority Interests": -503949000.0,
        "Net Income Including Noncontrolling Interests": 948363000.0,
        "Net Income Continuous Operations": 948363000.0,
        "Tax Provision": 260246000.0,
        "Pretax Income": 1208609000.0,
        "Gain On Sale Of Security": 650620000.0,
        "Operating Expense": 1084535000.0,
        "Other Operating Expenses": NaN,
        "Selling General And Administration": 317888000.0,
        "General And Administrative Expense": 317888000.0,
        "Total Revenue": 2293144000.0,
        "Operating Revenue": 2293144000.0
    },
    "2024-09-30": {
        "Tax Effect Of Unusual Items": 0.0,
        "Tax Rate For Calcs": 0.136,
        "Net Income From Continuing Operation Net Minority Interest": 780835000.0,
        "Reconciled Depreciation": 8981000.0,
        "Net Interest Income": -1563000.0,
        "Interest Expense": 111337000.0,
        "Interest Income": 109774000.0,
        "Normalized Income": 780835000.0,
        "Net Income From Continuing And Discontinued Operation": 780835000.0,
        "Diluted Average Shares": 768280366.0,
        "Basic Average Shares": 768230595.0,
        "Diluted EPS": 1.02,
        "Basic EPS": 1.02,
        "Diluted NI Availto Com Stockholders": 780835000.0,
        "Net Income Common Stockholders": 780835000.0,
        "Net Income": 780835000.0,
        "Minority Interests": -783802000.0,
        "Net Income Including Noncontrolling Interests": 1564637000.0,
        "Net Income Continuous Operations": 1564637000.0,
        "Tax Provision": 245303000.0,
        "Pretax Income": 1809940000.0,
        "Gain On Sale Of Security": 552832000.0,
        "Operating Expense": 1076456000.0,
        "Other Operating Expenses": NaN,
        "Selling General And Administration": 344415000.0,
        "General And Administrative Expense": 344415000.0,
        "Total Revenue": 2886396000.0,
        "Operating Revenue": 2886396000.0
    },
    "2024-12-31": {
        "Tax Effect Of Unusual Items": NaN,
        "Tax Rate For Calcs": NaN,
        "Net Income From Continuing Operation Net Minority Interest": NaN,
        "Reconciled Depreciation": NaN,
        "Net Interest Income": NaN,
        "Interest Expense": NaN,
        "Interest Income": NaN,
        "Normalized Income": NaN,
        "Net Income From Continuing And Discontinued Operation": NaN,
        "Diluted Average Shares": 768769985.0,
        "Basic Average Shares": 768689957.0,
        "Diluted EPS": 0.92,
        "Basic EPS": 0.92,
        "Diluted NI Availto Com Stockholders": NaN,
        "Net Income Common Stockholders": NaN,
        "Net Income": NaN,
        "Minority Interests": NaN,
        "Net Income Including Noncontrolling Interests": NaN,
        "Net Income Continuous Operations": NaN,
        "Tax Provision": NaN,
        "Pretax Income": NaN,
        "Gain On Sale Of Security": NaN,
        "Operating Expense": NaN,
        "Other Operating Expenses": NaN,
        "Selling General And Administration": NaN,
        "General And Administrative Expense": NaN,
        "Total Revenue": NaN,
        "Operating Revenue": NaN
    }
}