{
    "2023-03-31": {
        "Tax Effect Of Unusual Items": 260759.593959,
        "Tax Rate For Calcs": 0.265,
        "Normalized EBITDA": 38655000.0,
        "Total Unusual Items": 984000.0,
        "Total Unusual Items Excluding Goodwill": 984000.0,
        "Net Income From Continuing Operation Net Minority Interest": 17812000.0,
        "Reconciled Depreciation": 7718000.0,
        "Reconciled Cost Of Revenue": 664365000.0,
        "EBIT": 31921000.0,
        "Net Interest Income": -7687000.0,
        "Interest Expense": 7687000.0,
        "Normalized Income": 17088759.593959,
        "Net Income From Continuing And Discontinued Operation": 17812000.0,
        "Total Expenses": 766373000.0,
        "Total Operating Income As Reported": 32515000.0,
        "Diluted Average Shares": 9157000.0,
        "Basic Average Shares": 9059000.0,
        "Diluted EPS": 1.94,
        "Basic EPS": 1.96,
        "Diluted NI Availto Com Stockholders": 17812000.0,
        "Net Income Common Stockholders": 17812000.0,
        "Net Income": 17812000.0,
        "Net Income Including Noncontrolling Interests": 17812000.0,
        "Net Income Continuous Operations": 17812000.0,
        "Tax Provision": 6422000.0,
        "Pretax Income": 24234000.0,
        "Other Income Expense": 390000.0,
        "Other Non Operating Income Expenses": -594000.0,
        "Special Income Charges": NaN,
        "Gain On Sale Of Ppe": NaN,
        "Gain On Sale Of Security": 984000.0,
        "Net Non Operating Interest Income Expense": -7687000.0,
        "Interest Expense Non Operating": 7687000.0,
        "Operating Income": 31531000.0,
        "Operating Expense": 102008000.0,
        "Other Operating Expenses": 3116000.0,
        "Depreciation Amortization Depletion Income Statement": 7718000.0,
        "Depreciation And Amortization In Income Statement": 7718000.0,
        "Selling General And Administration": 91174000.0,
        "Gross Profit": 133539000.0,
        "Cost Of Revenue": 664365000.0,
        "Total Revenue": 797904000.0,
        "Operating Revenue": 797904000.0
    },
    "2022-12-31": {
        "Tax Effect Of Unusual Items": 210975.593587,
        "Tax Rate For Calcs": 0.214624,
        "Normalized EBITDA": 56685000.0,
        "Total Unusual Items": 983000.0,
        "Total Unusual Items Excluding Goodwill": 983000.0,
        "Net Income From Continuing Operation Net Minority Interest": 31986000.0,
        "Reconciled Depreciation": 7661000.0,
        "Reconciled Cost Of Revenue": 696620000.0,
        "EBIT": 50007000.0,
        "Net Interest Income": -9280000.0,
        "Interest Expense": 9280000.0,
        "Normalized Income": 31213975.593587,
        "Net Income From Continuing And Discontinued Operation": 31986000.0,
        "Total Expenses": 797607000.0,
        "Total Operating Income As Reported": 51145000.0,
        "Diluted Average Shares": 9101000.0,
        "Basic Average Shares": 9037000.0,
        "Diluted EPS": 3.5,
        "Basic EPS": 3.53,
        "Diluted NI Availto Com Stockholders": 31986000.0,
        "Net Income Common Stockholders": 31986000.0,
        "Net Income": 31986000.0,
        "Net Income Including Noncontrolling Interests": 31986000.0,
        "Net Income Continuous Operations": 31986000.0,
        "Tax Provision": 8741000.0,
        "Pretax Income": 40727000.0,
        "Other Income Expense": -155000.0,
        "Other Non Operating Income Expenses": -1138000.0,
        "Special Income Charges": 0.0,
        "Gain On Sale Of Ppe": 0.0,
        "Gain On Sale Of Security": 983000.0,
        "Net Non Operating Interest Income Expense": -9280000.0,
        "Interest Expense Non Operating": 9280000.0,
        "Operating Income": 50162000.0,
        "Operating Expense": 100987000.0,
        "Other Operating Expenses": 1326000.0,
        "Depreciation Amortization Depletion Income Statement": 7661000.0,
        "Depreciation And Amortization In Income Statement": 7661000.0,
        "Selling General And Administration": 92000000.0,
        "Gross Profit": 151149000.0,
        "Cost Of Revenue": 696620000.0,
        "Total Revenue": 847769000.0,
        "Operating Revenue": 847769000.0
    },
    "2022-09-30": {
        "Tax Effect Of Unusual Items": 257546.0,
        "Tax Rate For Calcs": 0.262,
        "Normalized EBITDA": 96792000.0,
        "Total Unusual Items": 983000.0,
        "Total Unusual Items Excluding Goodwill": 983000.0,
        "Net Income From Continuing Operation Net Minority Interest": 59509000.0,
        "Reconciled Depreciation": 6688000.0,
        "Reconciled Cost Of Revenue": 871385000.0,
        "EBIT": 91087000.0,
        "Net Interest Income": -10444000.0,
        "Interest Expense": 10444000.0,
        "Normalized Income": 58783546.0,
        "Net Income From Continuing And Discontinued Operation": 59509000.0,
        "Total Expenses": 971018000.0,
        "Total Operating Income As Reported": 90726000.0,
        "Diluted Average Shares": 9328000.0,
        "Basic Average Shares": 9230000.0,
        "Diluted EPS": 6.38,
        "Basic EPS": 6.44,
        "Diluted NI Availto Com Stockholders": 59509000.0,
        "Net Income Common Stockholders": 59509000.0,
        "Net Income": 59509000.0,
        "Net Income Including Noncontrolling Interests": 59509000.0,
        "Net Income Continuous Operations": 59509000.0,
        "Tax Provision": 21134000.0,
        "Pretax Income": 80643000.0,
        "Other Income Expense": 1344000.0,
        "Other Non Operating Income Expenses": 361000.0,
        "Special Income Charges": 0.0,
        "Gain On Sale Of Ppe": 0.0,
        "Gain On Sale Of Security": 983000.0,
        "Net Non Operating Interest Income Expense": -10444000.0,
        "Interest Expense Non Operating": 10444000.0,
        "Operating Income": 89743000.0,
        "Operating Expense": 99633000.0,
        "Other Operating Expenses": 1267000.0,
        "Depreciation Amortization Depletion Income Statement": 6688000.0,
        "Depreciation And Amortization In Income Statement": 6688000.0,
        "Selling General And Administration": 91678000.0,
        "Gross Profit": 189376000.0,
        "Cost Of Revenue": 871385000.0,
        "Total Revenue": 1060761000.0,
        "Operating Revenue": 1060761000.0
    },
    "2022-06-30": {
        "Tax Effect Of Unusual Items": 260568.0,
        "Tax Rate For Calcs": 0.231,
        "Normalized EBITDA": 109305000.0,
        "Total Unusual Items": 1128000.0,
        "Total Unusual Items Excluding Goodwill": 1128000.0,
        "Net Income From Continuing Operation Net Minority Interest": 71272000.0,
        "Reconciled Depreciation": 6518000.0,
        "Reconciled Cost Of Revenue": 1037971000.0,
        "EBIT": 103915000.0,
        "Net Interest Income": -11255000.0,
        "Interest Expense": 11255000.0,
        "Normalized Income": 70404568.0,
        "Net Income From Continuing And Discontinued Operation": 71272000.0,
        "Total Expenses": 1136453000.0,
        "Total Operating Income As Reported": 104054000.0,
        "Diluted Average Shares": 9520000.0,
        "Basic Average Shares": 9324000.0,
        "Diluted EPS": 7.48,
        "Basic EPS": 7.64,
        "Diluted NI Availto Com Stockholders": 71272000.0,
        "Net Income Common Stockholders": 71272000.0,
        "Net Income": 71272000.0,
        "Net Income Including Noncontrolling Interests": 71272000.0,
        "Net Income Continuous Operations": 71272000.0,
        "Tax Provision": 21388000.0,
        "Pretax Income": 92660000.0,
        "Other Income Expense": 989000.0,
        "Other Non Operating Income Expenses": -139000.0,
        "Special Income Charges": 144000.0,
        "Gain On Sale Of Ppe": 144000.0,
        "Gain On Sale Of Security": 984000.0,
        "Net Non Operating Interest Income Expense": -11255000.0,
        "Interest Expense Non Operating": 11255000.0,
        "Operating Income": 102926000.0,
        "Operating Expense": 98482000.0,
        "Other Operating Expenses": 626000.0,
        "Depreciation Amortization Depletion Income Statement": 6518000.0,
        "Depreciation And Amortization In Income Statement": 6518000.0,
        "Selling General And Administration": 91338000.0,
        "Gross Profit": 201408000.0,
        "Cost Of Revenue": 1037971000.0,
        "Total Revenue": 1239379000.0,
        "Operating Revenue": 1239379000.0
    },
    "2023-06-30": {
        "Tax Effect Of Unusual Items": 236064.620355,
        "Tax Rate For Calcs": 0.239903,
        "Normalized EBITDA": 45466000.0,
        "Total Unusual Items": 984000.0,
        "Total Unusual Items Excluding Goodwill": 984000.0,
        "Net Income From Continuing Operation Net Minority Interest": 24466000.0,
        "Reconciled Depreciation": 7951000.0,
        "Reconciled Cost Of Revenue": 680164000.0,
        "EBIT": 38499000.0,
        "Net Interest Income": -6311000.0,
        "Interest Expense": 6311000.0,
        "Normalized Income": 23718064.620355,
        "Net Income From Continuing And Discontinued Operation": 24466000.0,
        "Total Expenses": 777858000.0,
        "Total Operating Income As Reported": 39093000.0,
        "Diluted Average Shares": 9057000.0,
        "Basic Average Shares": 9040000.0,
        "Diluted EPS": 2.7,
        "Basic EPS": 2.7,
        "Diluted NI Availto Com Stockholders": 24466000.0,
        "Net Income Common Stockholders": 24466000.0,
        "Net Income": 24466000.0,
        "Net Income Including Noncontrolling Interests": 24466000.0,
        "Net Income Continuous Operations": 24466000.0,
        "Tax Provision": 7722000.0,
        "Pretax Income": 32188000.0,
        "Other Income Expense": 390000.0,
        "Other Non Operating Income Expenses": -594000.0,
        "Special Income Charges": 0.0,
        "Gain On Sale Of Ppe": 0.0,
        "Gain On Sale Of Security": 984000.0,
        "Net Non Operating Interest Income Expense": -6311000.0,
        "Interest Expense Non Operating": 6311000.0,
        "Operating Income": 38109000.0,
        "Operating Expense": 97694000.0,
        "Other Operating Expenses": 993000.0,
        "Depreciation Amortization Depletion Income Statement": 7951000.0,
        "Depreciation And Amortization In Income Statement": 7951000.0,
        "Selling General And Administration": 88750000.0,
        "Gross Profit": 135803000.0,
        "Cost Of Revenue": 680164000.0,
        "Total Revenue": 815967000.0,
        "Operating Revenue": 815967000.0
    },
    "2022-03-31": {
        "Diluted EPS": 13.19,
        "Total Revenue": NaN,
        "Gross Profit": 291,
        "Operating Income": 193,
        "EBIT": 199,
        "Net Income": 133
    },
    "2021-12-31": {
        "Diluted EPS": 7.36,
        "Total Revenue": 973,
        "Gross Profit": 194,
        "Operating Income": 110,
        "EBIT": 116,
        "Net Income": 74
    },
    "2021-09-30": {
        "Diluted EPS": 4.74,
        "Total Revenue": 971,
        "Gross Profit": 153,
        "Operating Income": 71,
        "EBIT": 77,
        "Net Income": 47
    },
    "2021-06-30": {
        "Diluted EPS": 11.61,
        "Total Revenue": NaN,
        "Gross Profit": 251,
        "Operating Income": 157,
        "EBIT": 164,
        "Net Income": 113
    },
    "2021-03-31": {
        "Diluted EPS": 6.28,
        "Total Revenue": NaN,
        "Gross Profit": 180,
        "Operating Income": 100,
        "EBIT": 107,
        "Net Income": 62
    },
    "2020-12-31": {
        "Diluted EPS": 2.2,
        "Total Revenue": 865,
        "Gross Profit": 124,
        "Operating Income": 30,
        "EBIT": 37,
        "Net Income": 20
    },
    "2020-09-30": {
        "Diluted EPS": 5.72,
        "Total Revenue": 871,
        "Gross Profit": 159,
        "Operating Income": 81,
        "EBIT": 87,
        "Net Income": 55
    },
    "2020-06-30": {
        "Diluted EPS": 0.71,
        "Total Revenue": 699,
        "Gross Profit": 101,
        "Operating Income": 22,
        "EBIT": 31,
        "Net Income": 7
    },
    "2020-03-31": {
        "Diluted EPS": -0.08,
        "Total Revenue": 662,
        "Gross Profit": 93,
        "Operating Income": 8,
        "EBIT": 16,
        "Net Income": -1
    },
    "2019-12-31": {
        "Diluted EPS": -1.09,
        "Total Revenue": 613,
        "Gross Profit": 83,
        "Operating Income": 2,
        "EBIT": 10,
        "Net Income": -10
    },
    "2019-09-30": {
        "Diluted EPS": -0.75,
        "Total Revenue": 679,
        "Gross Profit": 94,
        "Operating Income": 6,
        "EBIT": 14,
        "Net Income": -7
    },
    "2019-06-30": {
        "Diluted EPS": 0.67,
        "Total Revenue": 706,
        "Gross Profit": 94,
        "Operating Income": 22,
        "EBIT": 30,
        "Net Income": 6
    },
    "2019-03-31": {
        "Diluted EPS": -0.72,
        "Total Revenue": 639,
        "Gross Profit": 86,
        "Operating Income": 4,
        "EBIT": 11,
        "Net Income": -7
    },
    "2018-12-31": {
        "Diluted EPS": -1.74,
        "Total Revenue": 673,
        "Gross Profit": 81,
        "Operating Income": -7,
        "EBIT": -7,
        "Net Income": -16
    },
    "2018-09-30": {
        "Diluted EPS": -1.07,
        "Total Revenue": 860,
        "Gross Profit": 92,
        "Operating Income": -4,
        "EBIT": -4,
        "Net Income": -10
    },
    "2018-06-30": {
        "Diluted EPS": -0.93,
        "Total Revenue": 893,
        "Gross Profit": 104,
        "Operating Income": 4,
        "EBIT": 4,
        "Net Income": -9
    },
    "2018-03-31": {
        "Diluted EPS": -1.47,
        "Total Revenue": 437,
        "Gross Profit": 55,
        "Operating Income": -7,
        "EBIT": -7,
        "Net Income": -13
    },
    "2017-12-31": {
        "Diluted EPS": 5.78,
        "Total Revenue": 434,
        "Gross Profit": 56,
        "Operating Income": 4,
        "EBIT": 4,
        "Net Income": 53
    },
    "2017-09-30": {
        "Diluted EPS": 0.62,
        "Total Revenue": 479,
        "Gross Profit": 61,
        "Operating Income": 11,
        "EBIT": 11,
        "Net Income": 6
    },
    "2017-06-30": {
        "Diluted EPS": 0.35,
        "Total Revenue": 474,
        "Gross Profit": 61,
        "Operating Income": 9,
        "EBIT": 9,
        "Net Income": 3
    },
    "2017-03-31": {
        "Diluted EPS": 0.06,
        "Total Revenue": 429,
        "Gross Profit": 54,
        "Operating Income": 6,
        "EBIT": 6,
        "Net Income": 1
    },
    "2016-12-31": {
        "Diluted EPS": 1.13,
        "Total Revenue": 422,
        "Gross Profit": 52,
        "Operating Income": 16,
        "EBIT": 16,
        "Net Income": 10
    },
    "2016-09-30": {
        "Diluted EPS": 1.68,
        "Total Revenue": 476,
        "Gross Profit": 60,
        "Operating Income": 23,
        "EBIT": 23,
        "Net Income": 15
    },
    "2016-06-30": {
        "Diluted EPS": -0.35,
        "Total Revenue": 509,
        "Gross Profit": 57,
        "Operating Income": 3,
        "EBIT": 3,
        "Net Income": -3
    },
    "2016-03-31": {
        "Diluted EPS": -0.69,
        "Total Revenue": 474,
        "Gross Profit": 58,
        "Operating Income": 0,
        "EBIT": 0,
        "Net Income": -6
    },
    "2015-12-31": {
        "Diluted EPS": -0.71,
        "Total Revenue": 428,
        "Gross Profit": 51,
        "Operating Income": 3,
        "EBIT": 3,
        "Net Income": -6
    },
    "2015-09-30": {
        "Diluted EPS": 0.06,
        "Total Revenue": 518,
        "Gross Profit": 61,
        "Operating Income": 8,
        "EBIT": 8,
        "Net Income": 1
    },
    "2015-06-30": {
        "Diluted EPS": 0.33,
        "Total Revenue": 516,
        "Gross Profit": 60,
        "Operating Income": 7,
        "EBIT": 7,
        "Net Income": 3
    },
    "2015-03-31": {
        "Diluted EPS": -1.0,
        "Total Revenue": 455,
        "Gross Profit": 50,
        "Operating Income": -2,
        "EBIT": -2,
        "Net Income": -9
    },
    "2014-12-31": {
        "Diluted EPS": -0.91,
        "Total Revenue": 454,
        "Gross Profit": 50,
        "Operating Income": -1,
        "EBIT": 2,
        "Net Income": -8
    },
    "2014-09-30": {
        "Diluted EPS": -0.1,
        "Total Revenue": 550,
        "Gross Profit": 65,
        "Operating Income": 6,
        "EBIT": 9,
        "Net Income": -1
    },
    "2014-06-30": {
        "Diluted EPS": 0.4,
        "Total Revenue": 531,
        "Gross Profit": 62,
        "Operating Income": 10,
        "EBIT": 13,
        "Net Income": 3
    },
    "2014-03-31": {
        "Diluted EPS": -1.0,
        "Total Revenue": 444,
        "Gross Profit": 53,
        "Operating Income": -2,
        "EBIT": 1,
        "Net Income": -9
    },
    "2013-12-31": {
        "Diluted EPS": -0.1,
        "Total Revenue": 486,
        "Gross Profit": 54,
        "Operating Income": -4,
        "EBIT": 0,
        "Net Income": -2
    },
    "2013-09-30": {
        "Diluted EPS": -0.4,
        "Total Revenue": 558,
        "Gross Profit": 62,
        "Operating Income": 3,
        "EBIT": 6,
        "Net Income": -3
    },
    "2013-06-30": {
        "Diluted EPS": -2.7,
        "Total Revenue": 605,
        "Gross Profit": 55,
        "Operating Income": -16,
        "EBIT": -13,
        "Net Income": -22
    },
    "2013-03-31": {
        "Diluted EPS": -1.9,
        "Total Revenue": 503,
        "Gross Profit": 56,
        "Operating Income": -5,
        "EBIT": -2,
        "Net Income": -13
    },
    "2012-12-31": {
        "Diluted EPS": -1.6,
        "Total Revenue": 440,
        "Gross Profit": 52,
        "Operating Income": -5,
        "EBIT": -2,
        "Net Income": -11
    },
    "2012-09-30": {
        "Diluted EPS": 0.4,
        "Total Revenue": 497,
        "Gross Profit": 61,
        "Operating Income": 10,
        "EBIT": 13,
        "Net Income": 3
    },
    "2012-06-30": {
        "Diluted EPS": -0.6,
        "Total Revenue": 517,
        "Gross Profit": 63,
        "Operating Income": 4,
        "EBIT": 7,
        "Net Income": -4
    },
    "2012-03-31": {
        "Diluted EPS": -1.7,
        "Total Revenue": 454,
        "Gross Profit": 54,
        "Operating Income": -4,
        "EBIT": -1,
        "Net Income": -11
    },
    "2011-12-31": {
        "Diluted EPS": 0.1,
        "Total Revenue": 391,
        "Gross Profit": 48,
        "Operating Income": -3,
        "EBIT": 1,
        "Net Income": -10
    },
    "2011-09-30": {
        "Diluted EPS": -1.2,
        "Total Revenue": 473,
        "Gross Profit": 58,
        "Operating Income": 1,
        "EBIT": 5,
        "Net Income": -6
    },
    "2011-06-30": {
        "Diluted EPS": -3.1,
        "Total Revenue": 501,
        "Gross Profit": 58,
        "Operating Income": -2,
        "EBIT": 2,
        "Net Income": -10
    },
    "2011-03-31": {
        "Diluted EPS": -4.0,
        "Total Revenue": 391,
        "Gross Profit": 46,
        "Operating Income": -5,
        "EBIT": -2,
        "Net Income": -12
    },
    "2010-12-31": {
        "Diluted EPS": -6.6,
        "Total Revenue": 368,
        "Gross Profit": 44,
        "Operating Income": -12,
        "EBIT": -8,
        "Net Income": -20
    },
    "2010-09-30": {
        "Diluted EPS": -4.8,
        "Total Revenue": 465,
        "Gross Profit": 50,
        "Operating Income": -7,
        "EBIT": -4,
        "Net Income": -15
    },
    "2010-06-30": {
        "Diluted EPS": -1.1,
        "Total Revenue": 541,
        "Gross Profit": 64,
        "Operating Income": 4,
        "EBIT": 7,
        "Net Income": -3
    },
    "2010-03-31": {
        "Diluted EPS": -4.8,
        "Total Revenue": 431,
        "Gross Profit": 52,
        "Operating Income": -8,
        "EBIT": -4,
        "Net Income": -15
    },
    "2009-12-31": {
        "Diluted EPS": 3.9,
        "Total Revenue": 366,
        "Gross Profit": 45,
        "Operating Income": -5,
        "EBIT": 0,
        "Net Income": 12
    },
    "2009-09-30": {
        "Diluted EPS": -4.4,
        "Total Revenue": 449,
        "Gross Profit": 55,
        "Operating Income": -4,
        "EBIT": 1,
        "Net Income": -13
    },
    "2009-06-30": {
        "Diluted EPS": 0.2,
        "Total Revenue": 424,
        "Gross Profit": 48,
        "Operating Income": 11,
        "EBIT": 15,
        "Net Income": 1
    },
    "2009-03-31": {
        "Diluted EPS": -19.5,
        "Total Revenue": 407,
        "Gross Profit": 44,
        "Operating Income": -18,
        "EBIT": -13,
        "Net Income": -61
    }
}