{
    "2023-06-30": {
        "Tax Effect Of Unusual Items": -75168.0,
        "Tax Rate For Calcs": 0.261,
        "Total Unusual Items": -288000.0,
        "Total Unusual Items Excluding Goodwill": -288000.0,
        "Net Income From Continuing Operation Net Minority Interest": 26107000.0,
        "Reconciled Depreciation": 951000.0,
        "Net Interest Income": 76166000.0,
        "Interest Expense": 31106000.0,
        "Interest Income": 107272000.0,
        "Normalized Income": 26319832.0,
        "Net Income From Continuing And Discontinued Operation": 26107000.0,
        "Diluted Average Shares": 37034626.0,
        "Basic Average Shares": 37034626.0,
        "Diluted EPS": 0.7,
        "Basic EPS": 0.7,
        "Diluted NI Availto Com Stockholders": 26107000.0,
        "Net Income Common Stockholders": 26107000.0,
        "Net Income": 26107000.0,
        "Net Income Including Noncontrolling Interests": 26107000.0,
        "Net Income Continuous Operations": 26107000.0,
        "Tax Provision": 9232000.0,
        "Pretax Income": 35339000.0,
        "Special Income Charges": 0.0,
        "Write Off": 0.0,
        "Gain On Sale Of Security": 193000.0,
        "Depreciation Amortization Depletion Income Statement": 1455000.0,
        "Depreciation And Amortization In Income Statement": 1455000.0,
        "Amortization": 1455000.0,
        "Amortization Of Intangibles Income Statement": 1455000.0,
        "Selling General And Administration": 29642000.0,
        "General And Administrative Expense": 29642000.0,
        "Salaries And Wages": 29642000.0,
        "Total Revenue": 89681000.0,
        "Operating Revenue": 89681000.0,
        "Occupancy And Equipment": 4404000.0,
        "Professional Expense And Contract Services Expense": 3675000.0,
        "Other Non Interest Expense": 9376000.0
    },
    "2023-03-31": {
        "Tax Effect Of Unusual Items": 21331.0,
        "Tax Rate For Calcs": 0.257,
        "Total Unusual Items": 83000.0,
        "Total Unusual Items Excluding Goodwill": 83000.0,
        "Net Income From Continuing Operation Net Minority Interest": 23945000.0,
        "Reconciled Depreciation": 981000.0,
        "Net Interest Income": 75718000.0,
        "Interest Expense": 24284000.0,
        "Interest Income": 100002000.0,
        "Normalized Income": 23883331.0,
        "Net Income From Continuing And Discontinued Operation": 23945000.0,
        "Diluted Average Shares": 37539912.0,
        "Basic Average Shares": 36955085.0,
        "Diluted EPS": 0.64,
        "Basic EPS": 0.65,
        "Diluted NI Availto Com Stockholders": 23945000.0,
        "Net Income Common Stockholders": 23945000.0,
        "Preferred Stock Dividends": NaN,
        "Net Income": 23945000.0,
        "Net Income Including Noncontrolling Interests": 23945000.0,
        "Net Income Continuous Operations": 23945000.0,
        "Tax Provision": 8293000.0,
        "Pretax Income": 32238000.0,
        "Special Income Charges": -20000.0,
        "Write Off": 20000.0,
        "Gain On Sale Of Security": 350000.0,
        "Depreciation Amortization Depletion Income Statement": 1455000.0,
        "Depreciation And Amortization In Income Statement": 1455000.0,
        "Amortization": 1455000.0,
        "Amortization Of Intangibles Income Statement": 1455000.0,
        "Selling General And Administration": 30394000.0,
        "General And Administrative Expense": 30394000.0,
        "Salaries And Wages": 30394000.0,
        "Total Revenue": 90003000.0,
        "Operating Revenue": 90003000.0,
        "Occupancy And Equipment": 4444000.0,
        "Professional Expense And Contract Services Expense": 3114000.0,
        "Other Non Interest Expense": 8513000.0
    },
    "2022-12-31": {
        "Tax Effect Of Unusual Items": NaN,
        "Tax Rate For Calcs": NaN,
        "Total Unusual Items": NaN,
        "Total Unusual Items Excluding Goodwill": NaN,
        "Net Income From Continuing Operation Net Minority Interest": NaN,
        "Reconciled Depreciation": NaN,
        "Net Interest Income": NaN,
        "Interest Expense": NaN,
        "Interest Income": NaN,
        "Normalized Income": NaN,
        "Net Income From Continuing And Discontinued Operation": NaN,
        "Diluted Average Shares": NaN,
        "Basic Average Shares": NaN,
        "Diluted EPS": NaN,
        "Basic EPS": NaN,
        "Diluted NI Availto Com Stockholders": NaN,
        "Net Income Common Stockholders": NaN,
        "Preferred Stock Dividends": 0.0,
        "Net Income": NaN,
        "Net Income Including Noncontrolling Interests": NaN,
        "Net Income Continuous Operations": NaN,
        "Tax Provision": NaN,
        "Pretax Income": NaN,
        "Special Income Charges": NaN,
        "Write Off": NaN,
        "Gain On Sale Of Security": NaN,
        "Depreciation Amortization Depletion Income Statement": NaN,
        "Depreciation And Amortization In Income Statement": NaN,
        "Amortization": NaN,
        "Amortization Of Intangibles Income Statement": NaN,
        "Selling General And Administration": NaN,
        "General And Administrative Expense": NaN,
        "Salaries And Wages": NaN,
        "Total Revenue": NaN,
        "Operating Revenue": NaN,
        "Occupancy And Equipment": NaN,
        "Professional Expense And Contract Services Expense": NaN,
        "Other Non Interest Expense": NaN
    },
    "2022-09-30": {
        "Tax Effect Of Unusual Items": -70675.0,
        "Tax Rate For Calcs": 0.257,
        "Total Unusual Items": -275000.0,
        "Total Unusual Items Excluding Goodwill": -275000.0,
        "Net Income From Continuing Operation Net Minority Interest": 22656000.0,
        "Reconciled Depreciation": 1611000.0,
        "Net Interest Income": 68875000.0,
        "Interest Expense": 11028000.0,
        "Interest Income": 79903000.0,
        "Normalized Income": 22860325.0,
        "Net Income From Continuing And Discontinued Operation": 22656000.0,
        "Diluted Average Shares": 37371159.0,
        "Basic Average Shares": 36851973.0,
        "Diluted EPS": 0.61,
        "Basic EPS": 0.61,
        "Diluted NI Availto Com Stockholders": 22656000.0,
        "Net Income Common Stockholders": 22656000.0,
        "Preferred Stock Dividends": NaN,
        "Net Income": 22656000.0,
        "Net Income Including Noncontrolling Interests": 22656000.0,
        "Net Income Continuous Operations": 22656000.0,
        "Tax Provision": 7857000.0,
        "Pretax Income": 30513000.0,
        "Special Income Charges": 0.0,
        "Write Off": 0.0,
        "Gain On Sale Of Security": -583000.0,
        "Depreciation Amortization Depletion Income Statement": 1611000.0,
        "Depreciation And Amortization In Income Statement": 1611000.0,
        "Amortization": 1611000.0,
        "Amortization Of Intangibles Income Statement": 1611000.0,
        "Selling General And Administration": 29587000.0,
        "General And Administrative Expense": 29587000.0,
        "Other Gand A": 3370000.0,
        "Salaries And Wages": 29587000.0,
        "Total Revenue": 80062000.0,
        "Operating Revenue": 80062000.0
    },
    "2022-06-30": {
        "Tax Effect Of Unusual Items": -35234.0,
        "Tax Rate For Calcs": 0.223,
        "Total Unusual Items": -158000.0,
        "Total Unusual Items Excluding Goodwill": -158000.0,
        "Net Income From Continuing Operation Net Minority Interest": 20283000.0,
        "Reconciled Depreciation": 1868000.0,
        "Net Interest Income": 61627000.0,
        "Interest Expense": 4919000.0,
        "Interest Income": 66546000.0,
        "Normalized Income": 20405766.0,
        "Net Income From Continuing And Discontinued Operation": 20283000.0,
        "Diluted Average Shares": 37612268.0,
        "Basic Average Shares": 37064795.0,
        "Diluted EPS": 0.54,
        "Basic EPS": 0.55,
        "Diluted NI Availto Com Stockholders": 20283000.0,
        "Net Income Common Stockholders": 20283000.0,
        "Preferred Stock Dividends": NaN,
        "Net Income": 20283000.0,
        "Net Income Including Noncontrolling Interests": 20283000.0,
        "Net Income Continuous Operations": 20283000.0,
        "Tax Provision": 5824000.0,
        "Pretax Income": 26107000.0,
        "Special Income Charges": 0.0,
        "Write Off": 0.0,
        "Gain On Sale Of Security": -645000.0,
        "Depreciation Amortization Depletion Income Statement": 1868000.0,
        "Depreciation And Amortization In Income Statement": 1868000.0,
        "Amortization": 1868000.0,
        "Amortization Of Intangibles Income Statement": 1868000.0,
        "Selling General And Administration": 27697000.0,
        "General And Administrative Expense": 27697000.0,
        "Other Gand A": 3396000.0,
        "Salaries And Wages": 27697000.0,
        "Total Revenue": 74688000.0,
        "Operating Revenue": 74688000.0
    },
    "2023-09-30": {
        "Tax Effect Of Unusual Items": -28860.0,
        "Tax Rate For Calcs": 0.26,
        "Total Unusual Items": -111000.0,
        "Total Unusual Items Excluding Goodwill": -111000.0,
        "Net Income From Continuing Operation Net Minority Interest": 28222000.0,
        "Reconciled Depreciation": 1256000.0,
        "Net Interest Income": 92452000.0,
        "Interest Expense": 44138000.0,
        "Interest Income": 136590000.0,
        "Normalized Income": 28304140.0,
        "Net Income From Continuing And Discontinued Operation": 28222000.0,
        "Diluted Average Shares": 43458110.0,
        "Basic Average Shares": 43025927.0,
        "Diluted EPS": 0.65,
        "Basic EPS": 0.66,
        "Diluted NI Availto Com Stockholders": 28222000.0,
        "Net Income Common Stockholders": 28222000.0,
        "Net Income": 28222000.0,
        "Net Income Including Noncontrolling Interests": 28222000.0,
        "Net Income Continuous Operations": 28222000.0,
        "Tax Provision": 9912000.0,
        "Pretax Income": 38134000.0,
        "Special Income Charges": 0.0,
        "Write Off": 0.0,
        "Gain On Sale Of Security": -313000.0,
        "Depreciation Amortization Depletion Income Statement": 1551000.0,
        "Depreciation And Amortization In Income Statement": 1551000.0,
        "Amortization": 1551000.0,
        "Amortization Of Intangibles Income Statement": 1551000.0,
        "Selling General And Administration": 34969000.0,
        "General And Administrative Expense": 34969000.0,
        "Salaries And Wages": 34969000.0,
        "Total Revenue": 103881000.0,
        "Operating Revenue": 103881000.0,
        "Occupancy And Equipment": 5314000.0,
        "Professional Expense And Contract Services Expense": 3805000.0,
        "Other Non Interest Expense": 11305000.0
    },
    "2023-12-31": {
        "Tax Effect Of Unusual Items": -536545.447722,
        "Tax Rate For Calcs": 0.259326,
        "Total Unusual Items": -2069000.0,
        "Total Unusual Items Excluding Goodwill": -2069000.0,
        "Net Income From Continuing Operation Net Minority Interest": 29604000.0,
        "Reconciled Depreciation": 1341000.0,
        "Net Interest Income": 86285000.0,
        "Interest Expense": 49329000.0,
        "Interest Income": 135614000.0,
        "Normalized Income": 31136454.552278,
        "Net Income From Continuing And Discontinued Operation": 29604000.0,
        "Diluted Average Shares": 43537778.0,
        "Basic Average Shares": 43065294.0,
        "Diluted EPS": 0.68,
        "Basic EPS": 0.69,
        "Diluted NI Availto Com Stockholders": 29604000.0,
        "Net Income Common Stockholders": 29604000.0,
        "Net Income": 29604000.0,
        "Net Income Including Noncontrolling Interests": 29604000.0,
        "Net Income Continuous Operations": 29604000.0,
        "Tax Provision": 10365000.0,
        "Pretax Income": 39969000.0,
        "Special Income Charges": -1980000.0,
        "Write Off": 1980000.0,
        "Gain On Sale Of Security": 841000.0,
        "Depreciation Amortization Depletion Income Statement": 1550000.0,
        "Depreciation And Amortization In Income Statement": 1550000.0,
        "Amortization": 1550000.0,
        "Amortization Of Intangibles Income Statement": 1550000.0,
        "Selling General And Administration": 35770000.0,
        "General And Administrative Expense": 31974000.0,
        "Salaries And Wages": 31974000.0,
        "Total Revenue": 100050000.0,
        "Operating Revenue": 100050000.0,
        "Occupancy And Equipment": 4346000.0,
        "Professional Expense And Contract Services Expense": 2352000.0,
        "Other Non Interest Expense": 6848000.0
    },
    "2024-03-31": {
        "Tax Effect Of Unusual Items": 24500.0,
        "Tax Rate For Calcs": 0.25,
        "Total Unusual Items": 98000.0,
        "Total Unusual Items Excluding Goodwill": 98000.0,
        "Net Income From Continuing Operation Net Minority Interest": 30440000.0,
        "Reconciled Depreciation": 1307000.0,
        "Net Interest Income": 85541000.0,
        "Interest Expense": 52780000.0,
        "Interest Income": 138321000.0,
        "Normalized Income": 30366500.0,
        "Net Income From Continuing And Discontinued Operation": 30440000.0,
        "Diluted Average Shares": 43727344.0,
        "Basic Average Shares": 43258087.0,
        "Diluted EPS": 0.7,
        "Basic EPS": 0.7,
        "Diluted NI Availto Com Stockholders": 30440000.0,
        "Net Income Common Stockholders": 30440000.0,
        "Net Income": 30440000.0,
        "Net Income Including Noncontrolling Interests": 30440000.0,
        "Net Income Continuous Operations": 30440000.0,
        "Tax Provision": 10122000.0,
        "Pretax Income": 40562000.0,
        "Special Income Charges": 0.0,
        "Write Off": 0.0,
        "Gain On Sale Of Security": 392000.0,
        "Depreciation Amortization Depletion Income Statement": 1345000.0,
        "Depreciation And Amortization In Income Statement": 1345000.0,
        "Amortization": 1345000.0,
        "Amortization Of Intangibles Income Statement": 1345000.0,
        "Selling General And Administration": 33953000.0,
        "General And Administrative Expense": 33953000.0,
        "Salaries And Wages": 33953000.0,
        "Total Revenue": 100427000.0,
        "Operating Revenue": 100427000.0,
        "Occupancy And Equipment": 5284000.0,
        "Professional Expense And Contract Services Expense": 2719000.0,
        "Other Non Interest Expense": 9921000.0
    },
    "2024-06-30": {
        "Tax Effect Of Unusual Items": 16120.0,
        "Tax Rate For Calcs": 0.26,
        "Total Unusual Items": 62000.0,
        "Total Unusual Items Excluding Goodwill": 62000.0,
        "Net Income From Continuing Operation Net Minority Interest": 29671000.0,
        "Reconciled Depreciation": 1275000.0,
        "Net Interest Income": 86526000.0,
        "Interest Expense": 55043000.0,
        "Interest Income": 141569000.0,
        "Normalized Income": 29625120.0,
        "Net Income From Continuing And Discontinued Operation": 29671000.0,
        "Diluted Average Shares": 43741840.0,
        "Basic Average Shares": 43361516.0,
        "Diluted EPS": 0.68,
        "Basic EPS": 0.68,
        "Diluted NI Availto Com Stockholders": 29671000.0,
        "Net Income Common Stockholders": 29671000.0,
        "Net Income": 29671000.0,
        "Net Income Including Noncontrolling Interests": 29671000.0,
        "Net Income Continuous Operations": 29671000.0,
        "Tax Provision": 10444000.0,
        "Pretax Income": 40115000.0,
        "Special Income Charges": 0.0,
        "Write Off": 0.0,
        "Gain On Sale Of Security": -390000.0,
        "Depreciation Amortization Depletion Income Statement": 1345000.0,
        "Depreciation And Amortization In Income Statement": 1345000.0,
        "Amortization": 1345000.0,
        "Amortization Of Intangibles Income Statement": 1345000.0,
        "Selling General And Administration": 33911000.0,
        "General And Administrative Expense": 33911000.0,
        "Salaries And Wages": 33911000.0,
        "Total Revenue": 98691000.0,
        "Operating Revenue": 98691000.0,
        "Occupancy And Equipment": 4639000.0,
        "Professional Expense And Contract Services Expense": 3708000.0,
        "Other Non Interest Expense": 8928000.0
    }
}