{
    "2023-06-30": {
        "Tax Effect Of Unusual Items": -282479.978576,
        "Tax Rate For Calcs": 0.054313,
        "Normalized EBITDA": 313643000.0,
        "Total Unusual Items": -5201000.0,
        "Total Unusual Items Excluding Goodwill": -5201000.0,
        "Net Income From Continuing Operation Net Minority Interest": 192454000.0,
        "Reconciled Depreciation": 62220000.0,
        "Reconciled Cost Of Revenue": 409597000.0,
        "EBITDA": 308442000.0,
        "EBIT": 246222000.0,
        "Net Interest Income": -40000000.0,
        "Interest Expense": 42715000.0,
        "Interest Income": 2715000.0,
        "Normalized Income": 197372520.021424,
        "Net Income From Continuing And Discontinued Operation": 192454000.0,
        "Total Expenses": 667720000.0,
        "Rent Expense Supplemental": 27099000.0,
        "Total Operating Income As Reported": 244029000.0,
        "Diluted Average Shares": 102071000.0,
        "Basic Average Shares": 102025000.0,
        "Diluted EPS": 1.89,
        "Basic EPS": 1.89,
        "Diluted NI Availto Com Stockholders": 192454000.0,
        "Net Income Common Stockholders": 192454000.0,
        "Net Income": 192454000.0,
        "Net Income Including Noncontrolling Interests": 192454000.0,
        "Net Income Continuous Operations": 192454000.0,
        "Tax Provision": 11053000.0,
        "Pretax Income": 203507000.0,
        "Other Income Expense": -5723000.0,
        "Other Non Operating Income Expenses": -522000.0,
        "Special Income Charges": -5201000.0,
        "Write Off": 5201000.0,
        "Impairment Of Capital Assets": 0.0,
        "Net Non Operating Interest Income Expense": -40000000.0,
        "Interest Expense Non Operating": 42715000.0,
        "Interest Income Non Operating": 2715000.0,
        "Operating Income": 249230000.0,
        "Operating Expense": 258123000.0,
        "Other Operating Expenses": 69734000.0,
        "Depreciation Amortization Depletion Income Statement": 62220000.0,
        "Depreciation And Amortization In Income Statement": 62220000.0,
        "Selling General And Administration": 126169000.0,
        "General And Administrative Expense": 126169000.0,
        "Other Gand A": 99070000.0,
        "Rent And Landing Fees": 27099000.0,
        "Gross Profit": 507353000.0,
        "Cost Of Revenue": 409597000.0,
        "Total Revenue": 916950000.0,
        "Operating Revenue": 883304000.0
    },
    "2023-03-31": {
        "Tax Effect Of Unusual Items": NaN,
        "Tax Rate For Calcs": NaN,
        "Normalized EBITDA": NaN,
        "Total Unusual Items": NaN,
        "Total Unusual Items Excluding Goodwill": NaN,
        "Net Income From Continuing Operation Net Minority Interest": NaN,
        "Reconciled Depreciation": NaN,
        "Reconciled Cost Of Revenue": NaN,
        "EBITDA": NaN,
        "EBIT": NaN,
        "Net Interest Income": NaN,
        "Interest Expense": NaN,
        "Interest Income": NaN,
        "Normalized Income": NaN,
        "Net Income From Continuing And Discontinued Operation": NaN,
        "Total Expenses": NaN,
        "Rent Expense Supplemental": NaN,
        "Total Operating Income As Reported": NaN,
        "Diluted Average Shares": NaN,
        "Basic Average Shares": NaN,
        "Diluted EPS": NaN,
        "Basic EPS": NaN,
        "Diluted NI Availto Com Stockholders": NaN,
        "Net Income Common Stockholders": NaN,
        "Net Income": NaN,
        "Net Income Including Noncontrolling Interests": NaN,
        "Net Income Continuous Operations": NaN,
        "Tax Provision": NaN,
        "Pretax Income": NaN,
        "Other Income Expense": NaN,
        "Other Non Operating Income Expenses": NaN,
        "Special Income Charges": NaN,
        "Write Off": -18874000.0,
        "Impairment Of Capital Assets": 4537000.0,
        "Net Non Operating Interest Income Expense": NaN,
        "Interest Expense Non Operating": NaN,
        "Interest Income Non Operating": NaN,
        "Operating Income": NaN,
        "Operating Expense": NaN,
        "Other Operating Expenses": NaN,
        "Depreciation Amortization Depletion Income Statement": NaN,
        "Depreciation And Amortization In Income Statement": NaN,
        "Selling General And Administration": NaN,
        "General And Administrative Expense": NaN,
        "Other Gand A": NaN,
        "Rent And Landing Fees": NaN,
        "Gross Profit": NaN,
        "Cost Of Revenue": NaN,
        "Total Revenue": NaN,
        "Operating Revenue": NaN
    },
    "2022-12-31": {
        "Tax Effect Of Unusual Items": NaN,
        "Tax Rate For Calcs": NaN,
        "Normalized EBITDA": NaN,
        "Total Unusual Items": NaN,
        "Total Unusual Items Excluding Goodwill": NaN,
        "Net Income From Continuing Operation Net Minority Interest": NaN,
        "Reconciled Depreciation": NaN,
        "Reconciled Cost Of Revenue": NaN,
        "EBITDA": NaN,
        "EBIT": NaN,
        "Net Interest Income": NaN,
        "Interest Expense": NaN,
        "Interest Income": NaN,
        "Normalized Income": NaN,
        "Net Income From Continuing And Discontinued Operation": NaN,
        "Total Expenses": NaN,
        "Rent Expense Supplemental": NaN,
        "Total Operating Income As Reported": NaN,
        "Diluted Average Shares": NaN,
        "Basic Average Shares": NaN,
        "Diluted EPS": NaN,
        "Basic EPS": NaN,
        "Diluted NI Availto Com Stockholders": NaN,
        "Net Income Common Stockholders": NaN,
        "Net Income": NaN,
        "Net Income Including Noncontrolling Interests": NaN,
        "Net Income Continuous Operations": NaN,
        "Tax Provision": NaN,
        "Pretax Income": NaN,
        "Other Income Expense": NaN,
        "Other Non Operating Income Expenses": NaN,
        "Special Income Charges": NaN,
        "Other Special Charges": 6000.0,
        "Write Off": NaN,
        "Impairment Of Capital Assets": NaN,
        "Net Non Operating Interest Income Expense": NaN,
        "Interest Expense Non Operating": NaN,
        "Interest Income Non Operating": NaN,
        "Operating Income": NaN,
        "Operating Expense": NaN,
        "Other Operating Expenses": NaN,
        "Depreciation Amortization Depletion Income Statement": NaN,
        "Depreciation And Amortization In Income Statement": NaN,
        "Selling General And Administration": NaN,
        "General And Administrative Expense": NaN,
        "Other Gand A": NaN,
        "Rent And Landing Fees": NaN,
        "Gross Profit": NaN,
        "Cost Of Revenue": NaN,
        "Total Revenue": NaN,
        "Operating Revenue": NaN
    },
    "2022-09-30": {
        "Tax Effect Of Unusual Items": NaN,
        "Tax Rate For Calcs": NaN,
        "Normalized EBITDA": NaN,
        "Total Unusual Items": NaN,
        "Total Unusual Items Excluding Goodwill": NaN,
        "Net Income From Continuing Operation Net Minority Interest": NaN,
        "Reconciled Depreciation": NaN,
        "Reconciled Cost Of Revenue": NaN,
        "EBITDA": NaN,
        "EBIT": NaN,
        "Net Interest Income": NaN,
        "Interest Expense": NaN,
        "Interest Income": NaN,
        "Normalized Income": NaN,
        "Net Income From Continuing And Discontinued Operation": NaN,
        "Total Expenses": NaN,
        "Rent Expense Supplemental": NaN,
        "Total Operating Income As Reported": NaN,
        "Diluted Average Shares": NaN,
        "Basic Average Shares": NaN,
        "Diluted EPS": NaN,
        "Basic EPS": NaN,
        "Diluted NI Availto Com Stockholders": NaN,
        "Net Income Common Stockholders": NaN,
        "Net Income": NaN,
        "Net Income Including Noncontrolling Interests": NaN,
        "Net Income Continuous Operations": NaN,
        "Tax Provision": NaN,
        "Pretax Income": NaN,
        "Other Income Expense": NaN,
        "Other Non Operating Income Expenses": NaN,
        "Special Income Charges": NaN,
        "Other Special Charges": NaN,
        "Write Off": 9645000.0,
        "Impairment Of Capital Assets": NaN,
        "Net Non Operating Interest Income Expense": NaN,
        "Interest Expense Non Operating": NaN,
        "Interest Income Non Operating": NaN,
        "Operating Income": NaN,
        "Operating Expense": NaN,
        "Other Operating Expenses": NaN,
        "Depreciation Amortization Depletion Income Statement": NaN,
        "Depreciation And Amortization In Income Statement": NaN,
        "Selling General And Administration": NaN,
        "General And Administrative Expense": NaN,
        "Other Gand A": NaN,
        "Rent And Landing Fees": NaN,
        "Gross Profit": NaN,
        "Cost Of Revenue": NaN,
        "Total Revenue": NaN,
        "Operating Revenue": NaN
    },
    "2022-06-30": {
        "Tax Effect Of Unusual Items": -3677691.258712,
        "Tax Rate For Calcs": 0.222769,
        "Normalized EBITDA": 308560000.0,
        "Total Unusual Items": -16509000.0,
        "Total Unusual Items Excluding Goodwill": -16509000.0,
        "Net Income From Continuing Operation Net Minority Interest": 146763000.0,
        "Reconciled Depreciation": 66757000.0,
        "Reconciled Cost Of Revenue": 389818000.0,
        "EBITDA": 292051000.0,
        "EBIT": 225294000.0,
        "Net Interest Income": -35983000.0,
        "Interest Expense": 36466000.0,
        "Interest Income": 483000.0,
        "Normalized Income": 159594308.741288,
        "Net Income From Continuing And Discontinued Operation": 146763000.0,
        "Total Expenses": 649380000.0,
        "Rent Expense Supplemental": 26654000.0,
        "Total Operating Income As Reported": 245070000.0,
        "Diluted Average Shares": 110259000.0,
        "Basic Average Shares": 110118000.0,
        "Diluted EPS": 1.33,
        "Basic EPS": 1.33,
        "Diluted NI Availto Com Stockholders": 146763000.0,
        "Net Income Common Stockholders": 146763000.0,
        "Net Income": 146763000.0,
        "Net Income Including Noncontrolling Interests": 146763000.0,
        "Net Income Continuous Operations": 146763000.0,
        "Tax Provision": 42065000.0,
        "Pretax Income": 188828000.0,
        "Other Income Expense": -20259000.0,
        "Other Non Operating Income Expenses": -3750000.0,
        "Special Income Charges": -16509000.0,
        "Other Special Charges": 16509000.0,
        "Write Off": NaN,
        "Impairment Of Capital Assets": NaN,
        "Net Non Operating Interest Income Expense": -35983000.0,
        "Interest Expense Non Operating": 36466000.0,
        "Interest Income Non Operating": 483000.0,
        "Operating Income": 245070000.0,
        "Operating Expense": 259562000.0,
        "Other Operating Expenses": 70489000.0,
        "Depreciation Amortization Depletion Income Statement": 66757000.0,
        "Depreciation And Amortization In Income Statement": 66757000.0,
        "Selling General And Administration": 122316000.0,
        "General And Administrative Expense": 122316000.0,
        "Other Gand A": 95662000.0,
        "Rent And Landing Fees": 26654000.0,
        "Gross Profit": 504632000.0,
        "Cost Of Revenue": 389818000.0,
        "Total Revenue": 894450000.0,
        "Operating Revenue": 805128000.0
    },
    "2022-03-31": {
        "Diluted EPS": 1.45,
        "Total Revenue": 861,
        "Gross Profit": 484,
        "Operating Income": 251,
        "EBIT": 316,
        "Net Income": 163
    },
    "2021-12-31": {
        "Diluted EPS": 0.96,
        "Total Revenue": 880,
        "Gross Profit": 494,
        "Operating Income": 217,
        "EBIT": 333,
        "Net Income": 110
    },
    "2021-09-30": {
        "Diluted EPS": 1.21,
        "Total Revenue": 843,
        "Gross Profit": 486,
        "Operating Income": 223,
        "EBIT": 293,
        "Net Income": 138
    },
    "2021-06-30": {
        "Diluted EPS": 1.0,
        "Total Revenue": 894,
        "Gross Profit": 529,
        "Operating Income": 266,
        "EBIT": 337,
        "Net Income": 114
    },
    "2021-03-31": {
        "Diluted EPS": 0.9,
        "Total Revenue": 753,
        "Gross Profit": 428,
        "Operating Income": 194,
        "EBIT": 261,
        "Net Income": 102
    },
    "2020-12-31": {
        "Diluted EPS": 0.74,
        "Total Revenue": 636,
        "Gross Profit": 345,
        "Operating Income": 111,
        "EBIT": 202,
        "Net Income": 83
    },
    "2020-09-30": {
        "Diluted EPS": 0.33,
        "Total Revenue": 652,
        "Gross Profit": 380,
        "Operating Income": 127,
        "EBIT": 244,
        "Net Income": 38
    },
    "2020-06-30": {
        "Diluted EPS": -0.96,
        "Total Revenue": 210,
        "Gross Profit": 109,
        "Operating Income": -86,
        "EBIT": -14,
        "Net Income": -109
    },
    "2020-03-31": {
        "Diluted EPS": -1.3,
        "Total Revenue": 681,
        "Gross Profit": 308,
        "Operating Income": -138,
        "EBIT": -69,
        "Net Income": -148
    },
    "2019-12-31": {
        "Diluted EPS": 0.2,
        "Total Revenue": 833,
        "Gross Profit": 395,
        "Operating Income": 115,
        "EBIT": 193,
        "Net Income": 24
    },
    "2019-09-30": {
        "Diluted EPS": 0.35,
        "Total Revenue": 820,
        "Gross Profit": 389,
        "Operating Income": 113,
        "EBIT": 164,
        "Net Income": 39
    },
    "2019-06-30": {
        "Diluted EPS": 0.43,
        "Total Revenue": 846,
        "Gross Profit": 408,
        "Operating Income": 127,
        "EBIT": 214,
        "Net Income": 48
    },
    "2019-03-31": {
        "Diluted EPS": 0.4,
        "Total Revenue": 827,
        "Gross Profit": 398,
        "Operating Income": 118,
        "EBIT": 187,
        "Net Income": 45
    },
    "2018-12-31": {
        "Diluted EPS": 0.2,
        "Total Revenue": 792,
        "Gross Profit": 376,
        "Operating Income": 95,
        "EBIT": 167,
        "Net Income": 23
    },
    "2018-09-30": {
        "Diluted EPS": 0.1,
        "Total Revenue": 612,
        "Gross Profit": 289,
        "Operating Income": 70,
        "EBIT": 127,
        "Net Income": 12
    },
    "2018-06-30": {
        "Diluted EPS": 0.34,
        "Total Revenue": 617,
        "Gross Profit": 298,
        "Operating Income": 96,
        "EBIT": 152,
        "Net Income": 39
    },
    "2018-03-31": {
        "Diluted EPS": 0.36,
        "Total Revenue": 606,
        "Gross Profit": 293,
        "Operating Income": 95,
        "EBIT": 148,
        "Net Income": 41
    },
    "2017-12-31": {
        "Diluted EPS": 0.71,
        "Total Revenue": 595,
        "Gross Profit": 280,
        "Operating Income": 80,
        "EBIT": 139,
        "Net Income": 82
    },
    "2017-09-30": {
        "Diluted EPS": 0.2,
        "Total Revenue": 592,
        "Gross Profit": 279,
        "Operating Income": 79,
        "EBIT": 137,
        "Net Income": 23
    },
    "2017-06-30": {
        "Diluted EPS": 0.42,
        "Total Revenue": 604,
        "Gross Profit": 288,
        "Operating Income": 90,
        "EBIT": 144,
        "Net Income": 49
    },
    "2017-03-31": {
        "Diluted EPS": 0.31,
        "Total Revenue": 610,
        "Gross Profit": 291,
        "Operating Income": 95,
        "EBIT": 151,
        "Net Income": 35
    },
    "2016-12-31": {
        "Diluted EPS": 0.13,
        "Total Revenue": 570,
        "Gross Profit": 256,
        "Operating Income": 30,
        "EBIT": 84,
        "Net Income": 14
    },
    "2016-09-30": {
        "Diluted EPS": 2.97,
        "Total Revenue": 532,
        "Gross Profit": 244,
        "Operating Income": 68,
        "EBIT": 119,
        "Net Income": 343
    },
    "2016-06-30": {
        "Diluted EPS": 0.26,
        "Total Revenue": 545,
        "Gross Profit": 255,
        "Operating Income": 80,
        "EBIT": 133,
        "Net Income": 30
    },
    "2016-03-31": {
        "Diluted EPS": 0.29,
        "Total Revenue": 552,
        "Gross Profit": 257,
        "Operating Income": 82,
        "EBIT": 134,
        "Net Income": 33
    },
    "2015-12-31": {
        "Diluted EPS": -0.05,
        "Total Revenue": 543,
        "Gross Profit": 248,
        "Operating Income": 35,
        "EBIT": 92,
        "Net Income": -7
    },
    "2015-09-30": {
        "Diluted EPS": 0.22,
        "Total Revenue": 546,
        "Gross Profit": 246,
        "Operating Income": 69,
        "EBIT": 126,
        "Net Income": 25
    },
    "2015-06-30": {
        "Diluted EPS": -0.06,
        "Total Revenue": 560,
        "Gross Profit": 262,
        "Operating Income": 83,
        "EBIT": 141,
        "Net Income": -6
    },
    "2015-03-31": {
        "Diluted EPS": 0.31,
        "Total Revenue": 551,
        "Gross Profit": 253,
        "Operating Income": 84,
        "EBIT": 141,
        "Net Income": 35
    },
    "2014-12-31": {
        "Diluted EPS": -0.29,
        "Total Revenue": 532,
        "Gross Profit": 239,
        "Operating Income": 22,
        "EBIT": 35,
        "Net Income": -32
    },
    "2014-09-30": {
        "Diluted EPS": -0.14,
        "Total Revenue": 739,
        "Gross Profit": 335,
        "Operating Income": 74,
        "EBIT": 147,
        "Net Income": -15
    },
    "2014-06-30": {
        "Diluted EPS": 0.01,
        "Total Revenue": 723,
        "Gross Profit": 328,
        "Operating Income": 87,
        "EBIT": 160,
        "Net Income": 1
    },
    "2014-03-31": {
        "Diluted EPS": -0.06,
        "Total Revenue": 708,
        "Gross Profit": 325,
        "Operating Income": 69,
        "EBIT": 141,
        "Net Income": -6
    },
    "2013-12-31": {
        "Diluted EPS": -0.51,
        "Total Revenue": 682,
        "Gross Profit": 298,
        "Operating Income": 39,
        "EBIT": 117,
        "Net Income": -47
    },
    "2013-09-30": {
        "Diluted EPS": -0.37,
        "Total Revenue": 739,
        "Gross Profit": 333,
        "Operating Income": 78,
        "EBIT": 157,
        "Net Income": -37
    },
    "2013-06-30": {
        "Diluted EPS": 0.13,
        "Total Revenue": 739,
        "Gross Profit": 340,
        "Operating Income": 79,
        "EBIT": 162,
        "Net Income": 12
    },
    "2013-03-31": {
        "Diluted EPS": -0.08,
        "Total Revenue": 736,
        "Gross Profit": 337,
        "Operating Income": 81,
        "EBIT": 160,
        "Net Income": -7
    },
    "2012-12-31": {
        "Diluted EPS": -10.27,
        "Total Revenue": 623,
        "Gross Profit": 266,
        "Operating Income": NaN,
        "EBIT": -961,
        "Net Income": -900
    },
    "2012-09-30": {
        "Diluted EPS": -0.18,
        "Total Revenue": 612,
        "Gross Profit": 262,
        "Operating Income": 49,
        "EBIT": 104,
        "Net Income": -16
    },
    "2012-06-30": {
        "Diluted EPS": 0.01,
        "Total Revenue": 614,
        "Gross Profit": 272,
        "Operating Income": 59,
        "EBIT": 115,
        "Net Income": 1
    },
    "2012-03-31": {
        "Diluted EPS": 0.07,
        "Total Revenue": 633,
        "Gross Profit": 290,
        "Operating Income": 77,
        "EBIT": 131,
        "Net Income": 6
    },
    "2011-12-31": {
        "Diluted EPS": -0.01,
        "Total Revenue": 601,
        "Gross Profit": 268,
        "Operating Income": 58,
        "EBIT": 114,
        "Net Income": 0
    },
    "2011-09-30": {
        "Diluted EPS": 0.04,
        "Total Revenue": 590,
        "Gross Profit": 266,
        "Operating Income": 68,
        "EBIT": 117,
        "Net Income": 3
    },
    "2011-06-30": {
        "Diluted EPS": -0.03,
        "Total Revenue": 574,
        "Gross Profit": 260,
        "Operating Income": 62,
        "EBIT": 114,
        "Net Income": -3
    },
    "2011-03-31": {
        "Diluted EPS": -0.04,
        "Total Revenue": 565,
        "Gross Profit": 252,
        "Operating Income": 48,
        "EBIT": 102,
        "Net Income": -4
    },
    "2010-12-31": {
        "Diluted EPS": -0.08,
        "Total Revenue": 552,
        "Gross Profit": 242,
        "Operating Income": 41,
        "EBIT": 93,
        "Net Income": -7
    },
    "2010-09-30": {
        "Diluted EPS": 0.06,
        "Total Revenue": 595,
        "Gross Profit": 265,
        "Operating Income": 54,
        "EBIT": 111,
        "Net Income": 6
    },
    "2010-06-30": {
        "Diluted EPS": 0.04,
        "Total Revenue": 578,
        "Gross Profit": 259,
        "Operating Income": 50,
        "EBIT": 107,
        "Net Income": 3
    },
    "2010-03-31": {
        "Diluted EPS": 0.1,
        "Total Revenue": 415,
        "Gross Profit": 185,
        "Operating Income": 44,
        "EBIT": 85,
        "Net Income": 8
    },
    "2009-12-31": {
        "Diluted EPS": -0.01,
        "Total Revenue": 385,
        "Gross Profit": 162,
        "Operating Income": 26,
        "EBIT": 68,
        "Net Income": -1
    },
    "2009-09-30": {
        "Diluted EPS": 0.07,
        "Total Revenue": 398,
        "Gross Profit": 175,
        "Operating Income": 47,
        "EBIT": 89,
        "Net Income": 6
    },
    "2009-06-30": {
        "Diluted EPS": 0.15,
        "Total Revenue": 423,
        "Gross Profit": 194,
        "Operating Income": 56,
        "EBIT": 99,
        "Net Income": 13
    },
    "2009-03-31": {
        "Diluted EPS": -0.16,
        "Total Revenue": 435,
        "Gross Profit": 201,
        "Operating Income": 27,
        "EBIT": 71,
        "Net Income": -14
    },
    "2023-09-30": {
        "Tax Effect Of Unusual Items": -568912.467892,
        "Tax Rate For Calcs": 0.236554,
        "Normalized EBITDA": 286689000.0,
        "Total Unusual Items": -2405000.0,
        "Total Unusual Items Excluding Goodwill": -2405000.0,
        "Net Income From Continuing Operation Net Minority Interest": 135233000.0,
        "Reconciled Depreciation": 64797000.0,
        "Reconciled Cost Of Revenue": 421017000.0,
        "EBITDA": 284284000.0,
        "EBIT": 219487000.0,
        "Net Interest Income": -40767000.0,
        "Interest Expense": 42352000.0,
        "Interest Income": 1585000.0,
        "Normalized Income": 137069087.532108,
        "Net Income From Continuing And Discontinued Operation": 135233000.0,
        "Total Expenses": 682887000.0,
        "Rent Expense Supplemental": 27236000.0,
        "Total Operating Income As Reported": 217872000.0,
        "Diluted Average Shares": 100850000.0,
        "Basic Average Shares": 100804000.0,
        "Diluted EPS": 1.34,
        "Basic EPS": 1.34,
        "Diluted NI Availto Com Stockholders": 135233000.0,
        "Net Income Common Stockholders": 135233000.0,
        "Net Income": 135233000.0,
        "Net Income Including Noncontrolling Interests": 135233000.0,
        "Net Income Continuous Operations": 135233000.0,
        "Tax Provision": 41902000.0,
        "Pretax Income": 177135000.0,
        "Other Income Expense": -2375000.0,
        "Other Non Operating Income Expenses": 30000.0,
        "Special Income Charges": -2405000.0,
        "Write Off": 2405000.0,
        "Impairment Of Capital Assets": 0.0,
        "Net Non Operating Interest Income Expense": -40767000.0,
        "Interest Expense Non Operating": 42352000.0,
        "Interest Income Non Operating": 1585000.0,
        "Operating Income": 220277000.0,
        "Operating Expense": 261870000.0,
        "Other Operating Expenses": 69893000.0,
        "Depreciation Amortization Depletion Income Statement": 64797000.0,
        "Depreciation And Amortization In Income Statement": 64797000.0,
        "Selling General And Administration": 127180000.0,
        "General And Administrative Expense": 127180000.0,
        "Other Gand A": 99944000.0,
        "Rent And Landing Fees": 27236000.0,
        "Gross Profit": 482147000.0,
        "Cost Of Revenue": 421017000.0,
        "Total Revenue": 903164000.0,
        "Operating Revenue": 868315000.0
    },
    "2023-12-31": {
        "Tax Effect Of Unusual Items": -18802058.103894,
        "Tax Rate For Calcs": 0.182014,
        "Normalized EBITDA": 327028000.0,
        "Total Unusual Items": -103300000.0,
        "Total Unusual Items Excluding Goodwill": -103300000.0,
        "Net Income From Continuing Operation Net Minority Interest": 92605000.0,
        "Reconciled Depreciation": 68203000.0,
        "Reconciled Cost Of Revenue": 437286000.0,
        "EBITDA": 223728000.0,
        "EBIT": 155525000.0,
        "Net Interest Income": -40873000.0,
        "Interest Expense": 42314000.0,
        "Interest Income": 1441000.0,
        "Normalized Income": 177102941.896106,
        "Net Income From Continuing And Discontinued Operation": 92605000.0,
        "Total Expenses": 696061000.0,
        "Rent Expense Supplemental": 27235000.0,
        "Total Operating Income As Reported": 155051000.0,
        "Diluted Average Shares": 98979000.0,
        "Basic Average Shares": 98935000.0,
        "Diluted EPS": 0.94,
        "Basic EPS": 0.94,
        "Diluted NI Availto Com Stockholders": 92605000.0,
        "Net Income Common Stockholders": 92605000.0,
        "Net Income": 92605000.0,
        "Net Income Including Noncontrolling Interests": 92605000.0,
        "Net Income Continuous Operations": 92605000.0,
        "Tax Provision": 20606000.0,
        "Pretax Income": 113211000.0,
        "Other Income Expense": -104267000.0,
        "Other Non Operating Income Expenses": -967000.0,
        "Special Income Charges": -103300000.0,
        "Write Off": NaN,
        "Impairment Of Capital Assets": 103300000.0,
        "Net Non Operating Interest Income Expense": -40873000.0,
        "Interest Expense Non Operating": 42314000.0,
        "Interest Income Non Operating": 1441000.0,
        "Operating Income": 258351000.0,
        "Operating Expense": 258775000.0,
        "Other Operating Expenses": 72779000.0,
        "Depreciation Amortization Depletion Income Statement": 68203000.0,
        "Depreciation And Amortization In Income Statement": 68203000.0,
        "Selling General And Administration": 117793000.0,
        "General And Administrative Expense": 117793000.0,
        "Other Gand A": 90558000.0,
        "Rent And Landing Fees": 27235000.0,
        "Gross Profit": 517126000.0,
        "Cost Of Revenue": 437286000.0,
        "Total Revenue": 954412000.0,
        "Operating Revenue": 919485000.0
    },
    "2024-03-31": {
        "Tax Effect Of Unusual Items": -3123351.0,
        "Tax Rate For Calcs": 0.231,
        "Normalized EBITDA": 296215000.0,
        "Total Unusual Items": -13521000.0,
        "Total Unusual Items Excluding Goodwill": -13521000.0,
        "Net Income From Continuing Operation Net Minority Interest": 136473000.0,
        "Reconciled Depreciation": 62913000.0,
        "Reconciled Cost Of Revenue": 464743000.0,
        "EBITDA": 282694000.0,
        "EBIT": 219781000.0,
        "Net Interest Income": -41863000.0,
        "Interest Expense": 42309000.0,
        "Interest Income": 446000.0,
        "Normalized Income": 146870649.0,
        "Net Income From Continuing And Discontinued Operation": 136473000.0,
        "Total Expenses": 727615000.0,
        "Rent Expense Supplemental": 27235000.0,
        "Total Operating Income As Reported": 219385000.0,
        "Diluted Average Shares": 97479000.0,
        "Basic Average Shares": 97434000.0,
        "Diluted EPS": 1.4,
        "Basic EPS": 1.4,
        "Diluted NI Availto Com Stockholders": 136473000.0,
        "Net Income Common Stockholders": 136473000.0,
        "Net Income": 136473000.0,
        "Net Income Including Noncontrolling Interests": 136473000.0,
        "Net Income Continuous Operations": 136473000.0,
        "Tax Provision": 40999000.0,
        "Pretax Income": 177472000.0,
        "Other Income Expense": -13571000.0,
        "Other Non Operating Income Expenses": -50000.0,
        "Special Income Charges": -13521000.0,
        "Write Off": 3021000.0,
        "Impairment Of Capital Assets": 10500000.0,
        "Net Non Operating Interest Income Expense": -41863000.0,
        "Interest Expense Non Operating": 42309000.0,
        "Interest Income Non Operating": 446000.0,
        "Operating Income": 232906000.0,
        "Operating Expense": 262872000.0,
        "Other Operating Expenses": 64540000.0,
        "Depreciation Amortization Depletion Income Statement": 62913000.0,
        "Depreciation And Amortization In Income Statement": 62913000.0,
        "Selling General And Administration": 135419000.0,
        "General And Administrative Expense": 135419000.0,
        "Other Gand A": 108184000.0,
        "Rent And Landing Fees": 27235000.0,
        "Gross Profit": 495778000.0,
        "Cost Of Revenue": 464743000.0,
        "Total Revenue": 960521000.0,
        "Operating Revenue": 924132000.0
    },
    "2024-06-30": {
        "Tax Effect Of Unusual Items": -1836370.332231,
        "Tax Rate For Calcs": 0.242074,
        "Normalized EBITDA": 300722000.0,
        "Total Unusual Items": -7586000.0,
        "Total Unusual Items Excluding Goodwill": -7586000.0,
        "Net Income From Continuing Operation Net Minority Interest": 139845000.0,
        "Reconciled Depreciation": 65677000.0,
        "Reconciled Cost Of Revenue": 447266000.0,
        "EBITDA": 293136000.0,
        "EBIT": 227459000.0,
        "Net Interest Income": -42546000.0,
        "Interest Expense": 42949000.0,
        "Interest Income": 403000.0,
        "Normalized Income": 145594629.667769,
        "Net Income From Continuing And Discontinued Operation": 139845000.0,
        "Total Expenses": 732820000.0,
        "Rent Expense Supplemental": 27852000.0,
        "Total Operating Income As Reported": 227106000.0,
        "Diluted Average Shares": 95080000.0,
        "Basic Average Shares": 95042000.0,
        "Diluted EPS": 1.47,
        "Basic EPS": 1.47,
        "Diluted NI Availto Com Stockholders": 139845000.0,
        "Net Income Common Stockholders": 139845000.0,
        "Net Income": 139845000.0,
        "Net Income Including Noncontrolling Interests": 139845000.0,
        "Net Income Continuous Operations": 139845000.0,
        "Tax Provision": 44665000.0,
        "Pretax Income": 184510000.0,
        "Other Income Expense": -7636000.0,
        "Other Non Operating Income Expenses": -50000.0,
        "Special Income Charges": -7586000.0,
        "Write Off": 7586000.0,
        "Impairment Of Capital Assets": NaN,
        "Net Non Operating Interest Income Expense": -42546000.0,
        "Interest Expense Non Operating": 42949000.0,
        "Interest Income Non Operating": 403000.0,
        "Operating Income": 234692000.0,
        "Operating Expense": 285554000.0,
        "Other Operating Expenses": 86891000.0,
        "Depreciation Amortization Depletion Income Statement": 65677000.0,
        "Depreciation And Amortization In Income Statement": 65677000.0,
        "Selling General And Administration": 132986000.0,
        "General And Administrative Expense": 132986000.0,
        "Other Gand A": 105134000.0,
        "Rent And Landing Fees": 27852000.0,
        "Gross Profit": 520246000.0,
        "Cost Of Revenue": 447266000.0,
        "Total Revenue": 967512000.0,
        "Operating Revenue": 931598000.0
    }
}