{
    "2023-03-31": {
        "Tax Effect Of Unusual Items": NaN,
        "Tax Rate For Calcs": NaN,
        "Normalized EBITDA": NaN,
        "Total Unusual Items": NaN,
        "Total Unusual Items Excluding Goodwill": NaN,
        "Net Income From Continuing Operation Net Minority Interest": NaN,
        "Reconciled Depreciation": NaN,
        "Reconciled Cost Of Revenue": NaN,
        "EBITDA": NaN,
        "EBIT": NaN,
        "Net Interest Income": NaN,
        "Interest Expense": NaN,
        "Normalized Income": NaN,
        "Net Income From Continuing And Discontinued Operation": NaN,
        "Total Expenses": NaN,
        "Total Operating Income As Reported": NaN,
        "Diluted Average Shares": NaN,
        "Basic Average Shares": NaN,
        "Diluted EPS": NaN,
        "Basic EPS": NaN,
        "Diluted NI Availto Com Stockholders": NaN,
        "Net Income Common Stockholders": NaN,
        "Net Income": NaN,
        "Minority Interests": NaN,
        "Net Income Including Noncontrolling Interests": NaN,
        "Net Income Discontinuous Operations": -6869000.0,
        "Net Income Continuous Operations": NaN,
        "Tax Provision": NaN,
        "Pretax Income": NaN,
        "Other Income Expense": NaN,
        "Other Non Operating Income Expenses": NaN,
        "Special Income Charges": NaN,
        "Gain On Sale Of Ppe": NaN,
        "Impairment Of Capital Assets": NaN,
        "Gain On Sale Of Security": NaN,
        "Net Non Operating Interest Income Expense": NaN,
        "Interest Expense Non Operating": NaN,
        "Operating Income": NaN,
        "Operating Expense": NaN,
        "Depreciation Amortization Depletion Income Statement": NaN,
        "Depreciation And Amortization In Income Statement": NaN,
        "Research And Development": NaN,
        "Selling General And Administration": NaN,
        "Selling And Marketing Expense": NaN,
        "General And Administrative Expense": NaN,
        "Other Gand A": NaN,
        "Gross Profit": NaN,
        "Cost Of Revenue": NaN,
        "Total Revenue": NaN,
        "Operating Revenue": NaN
    },
    "2022-12-31": {
        "Tax Effect Of Unusual Items": NaN,
        "Tax Rate For Calcs": NaN,
        "Normalized EBITDA": NaN,
        "Total Unusual Items": NaN,
        "Total Unusual Items Excluding Goodwill": NaN,
        "Net Income From Continuing Operation Net Minority Interest": NaN,
        "Reconciled Depreciation": NaN,
        "Reconciled Cost Of Revenue": NaN,
        "EBITDA": NaN,
        "EBIT": NaN,
        "Net Interest Income": NaN,
        "Interest Expense": NaN,
        "Normalized Income": NaN,
        "Net Income From Continuing And Discontinued Operation": NaN,
        "Total Expenses": NaN,
        "Total Operating Income As Reported": NaN,
        "Diluted Average Shares": NaN,
        "Basic Average Shares": NaN,
        "Diluted EPS": NaN,
        "Basic EPS": NaN,
        "Diluted NI Availto Com Stockholders": NaN,
        "Net Income Common Stockholders": NaN,
        "Net Income": NaN,
        "Minority Interests": NaN,
        "Net Income Including Noncontrolling Interests": NaN,
        "Net Income Discontinuous Operations": NaN,
        "Net Income Continuous Operations": NaN,
        "Tax Provision": NaN,
        "Pretax Income": NaN,
        "Other Income Expense": NaN,
        "Other Non Operating Income Expenses": NaN,
        "Special Income Charges": -101840000.0,
        "Gain On Sale Of Ppe": NaN,
        "Impairment Of Capital Assets": 102340000.0,
        "Gain On Sale Of Security": NaN,
        "Net Non Operating Interest Income Expense": NaN,
        "Interest Expense Non Operating": NaN,
        "Operating Income": NaN,
        "Operating Expense": NaN,
        "Depreciation Amortization Depletion Income Statement": NaN,
        "Depreciation And Amortization In Income Statement": NaN,
        "Research And Development": NaN,
        "Selling General And Administration": NaN,
        "Selling And Marketing Expense": NaN,
        "General And Administrative Expense": NaN,
        "Other Gand A": NaN,
        "Gross Profit": NaN,
        "Cost Of Revenue": NaN,
        "Total Revenue": NaN,
        "Operating Revenue": NaN
    },
    "2022-09-30": {
        "Tax Effect Of Unusual Items": NaN,
        "Tax Rate For Calcs": NaN,
        "Normalized EBITDA": NaN,
        "Total Unusual Items": NaN,
        "Total Unusual Items Excluding Goodwill": NaN,
        "Net Income From Continuing Operation Net Minority Interest": NaN,
        "Reconciled Depreciation": NaN,
        "Reconciled Cost Of Revenue": NaN,
        "EBITDA": NaN,
        "EBIT": NaN,
        "Net Interest Income": NaN,
        "Interest Expense": NaN,
        "Normalized Income": NaN,
        "Net Income From Continuing And Discontinued Operation": NaN,
        "Total Expenses": NaN,
        "Total Operating Income As Reported": NaN,
        "Diluted Average Shares": NaN,
        "Basic Average Shares": NaN,
        "Diluted EPS": NaN,
        "Basic EPS": NaN,
        "Diluted NI Availto Com Stockholders": NaN,
        "Net Income Common Stockholders": NaN,
        "Net Income": NaN,
        "Minority Interests": NaN,
        "Net Income Including Noncontrolling Interests": NaN,
        "Net Income Discontinuous Operations": NaN,
        "Net Income Continuous Operations": NaN,
        "Tax Provision": NaN,
        "Pretax Income": NaN,
        "Other Income Expense": NaN,
        "Other Non Operating Income Expenses": NaN,
        "Special Income Charges": -1660000.0,
        "Gain On Sale Of Ppe": 500000.0,
        "Impairment Of Capital Assets": 2160000.0,
        "Gain On Sale Of Security": NaN,
        "Net Non Operating Interest Income Expense": NaN,
        "Interest Expense Non Operating": NaN,
        "Operating Income": NaN,
        "Operating Expense": NaN,
        "Depreciation Amortization Depletion Income Statement": NaN,
        "Depreciation And Amortization In Income Statement": NaN,
        "Research And Development": NaN,
        "Selling General And Administration": NaN,
        "Selling And Marketing Expense": NaN,
        "General And Administrative Expense": NaN,
        "Other Gand A": NaN,
        "Gross Profit": NaN,
        "Cost Of Revenue": NaN,
        "Total Revenue": NaN,
        "Operating Revenue": NaN
    },
    "2022-06-30": {
        "Tax Effect Of Unusual Items": 4630000.0,
        "Tax Rate For Calcs": 0.4,
        "Normalized EBITDA": -19715000.0,
        "Total Unusual Items": 11575000.0,
        "Total Unusual Items Excluding Goodwill": 11575000.0,
        "Net Income From Continuing Operation Net Minority Interest": -23765000.0,
        "Reconciled Depreciation": 8613000.0,
        "Reconciled Cost Of Revenue": 61529000.0,
        "EBITDA": -8140000.0,
        "EBIT": -16753000.0,
        "Net Interest Income": -5032000.0,
        "Interest Expense": 5032000.0,
        "Normalized Income": -30710000.0,
        "Net Income From Continuing And Discontinued Operation": -23765000.0,
        "Total Expenses": 131648000.0,
        "Total Operating Income As Reported": -24888000.0,
        "Diluted Average Shares": 137381000.0,
        "Basic Average Shares": 137381000.0,
        "Diluted EPS": -0.17,
        "Basic EPS": -0.17,
        "Diluted NI Availto Com Stockholders": -23765000.0,
        "Net Income Common Stockholders": -23765000.0,
        "Net Income": -23765000.0,
        "Minority Interests": -184000.0,
        "Net Income Including Noncontrolling Interests": -23581000.0,
        "Net Income Continuous Operations": -23581000.0,
        "Tax Provision": 1796000.0,
        "Pretax Income": -21785000.0,
        "Other Income Expense": 8135000.0,
        "Other Non Operating Income Expenses": -3440000.0,
        "Special Income Charges": NaN,
        "Impairment Of Capital Assets": NaN,
        "Gain On Sale Of Security": 11575000.0,
        "Net Non Operating Interest Income Expense": -5032000.0,
        "Interest Expense Non Operating": 5032000.0,
        "Operating Income": -24888000.0,
        "Operating Expense": 70119000.0,
        "Depreciation Amortization Depletion Income Statement": 8613000.0,
        "Depreciation And Amortization In Income Statement": 8613000.0,
        "Amortization": 6100000.0,
        "Amortization Of Intangibles Income Statement": 6100000.0,
        "Depreciation Income Statement": 2600000.0,
        "Research And Development": 10253000.0,
        "Selling General And Administration": 51253000.0,
        "Selling And Marketing Expense": 18688000.0,
        "General And Administrative Expense": 32565000.0,
        "Other Gand A": 32565000.0,
        "Gross Profit": 45231000.0,
        "Cost Of Revenue": 61529000.0,
        "Total Revenue": 106760000.0,
        "Operating Revenue": 106760000.0
    },
    "2022-03-31": {
        "Diluted EPS": -0.33,
        "Total Revenue": 92,
        "Gross Profit": 31,
        "Operating Income": -35,
        "EBIT": -26,
        "Net Income": -45
    },
    "2021-12-31": {
        "Diluted EPS": 0.95,
        "Total Revenue": 146,
        "Gross Profit": 74,
        "Operating Income": -7,
        "EBIT": 1,
        "Net Income": NaN
    },
    "2021-09-30": {
        "Diluted EPS": -0.2,
        "Total Revenue": 90,
        "Gross Profit": 41,
        "Operating Income": -1,
        "EBIT": 5,
        "Net Income": -4
    },
    "2021-06-30": {
        "Diluted EPS": -0.03,
        "Total Revenue": 89,
        "Gross Profit": 44,
        "Operating Income": 0,
        "EBIT": 4,
        "Net Income": -1
    },
    "2021-03-31": {
        "Diluted EPS": -0.75,
        "Total Revenue": 73,
        "Gross Profit": 31,
        "Operating Income": -17,
        "EBIT": -11,
        "Net Income": -11
    },
    "2020-12-31": {
        "Diluted EPS": 0.0,
        "Total Revenue": NaN,
        "Gross Profit": NaN,
        "Operating Income": NaN,
        "EBIT": NaN,
        "Net Income": NaN
    },
    "2019-12-31": {
        "Diluted EPS": 0.0,
        "Total Revenue": NaN,
        "Gross Profit": NaN,
        "Operating Income": NaN,
        "EBIT": NaN,
        "Net Income": NaN
    },
    "2023-06-30": {
        "Tax Effect Of Unusual Items": -3159.598561,
        "Tax Rate For Calcs": 0.001643,
        "Normalized EBITDA": -11326000.0,
        "Total Unusual Items": -1923000.0,
        "Total Unusual Items Excluding Goodwill": -1923000.0,
        "Net Income From Continuing Operation Net Minority Interest": -22482000.0,
        "Reconciled Depreciation": 5326000.0,
        "Reconciled Cost Of Revenue": 38969000.0,
        "EBITDA": -13249000.0,
        "EBIT": -18577000.0,
        "Net Interest Income": -3942000.0,
        "Interest Expense": 3942000.0,
        "Normalized Income": -20562159.598561,
        "Net Income From Continuing And Discontinued Operation": -27836000.0,
        "Total Expenses": 78550000.0,
        "Total Operating Income As Reported": -16422000.0,
        "Diluted Average Shares": 35487000.0,
        "Basic Average Shares": 35487000.0,
        "Diluted EPS": -0.7844,
        "Basic EPS": -0.7844,
        "Diluted NI Availto Com Stockholders": -27836000.0,
        "Net Income Common Stockholders": -27836000.0,
        "Net Income": -27836000.0,
        "Minority Interests": 0.0,
        "Net Income Including Noncontrolling Interests": -27836000.0,
        "Net Income Discontinuous Operations": -5354000.0,
        "Net Income Continuous Operations": -22482000.0,
        "Tax Provision": -37000.0,
        "Pretax Income": -22519000.0,
        "Other Income Expense": -2155000.0,
        "Other Non Operating Income Expenses": -232000.0,
        "Special Income Charges": 0.0,
        "Gain On Sale Of Ppe": 0.0,
        "Impairment Of Capital Assets": NaN,
        "Gain On Sale Of Security": -1923000.0,
        "Net Non Operating Interest Income Expense": -3942000.0,
        "Interest Expense Non Operating": 3942000.0,
        "Operating Income": -16422000.0,
        "Operating Expense": 39583000.0,
        "Depreciation Amortization Depletion Income Statement": 5328000.0,
        "Depreciation And Amortization In Income Statement": 5328000.0,
        "Research And Development": 3351000.0,
        "Selling General And Administration": 30904000.0,
        "Selling And Marketing Expense": 10139000.0,
        "General And Administrative Expense": 20765000.0,
        "Other Gand A": 20765000.0,
        "Gross Profit": 23161000.0,
        "Cost Of Revenue": 38967000.0,
        "Total Revenue": 62128000.0,
        "Operating Revenue": 62128000.0
    },
    "2023-09-30": {
        "Tax Effect Of Unusual Items": -4000.0,
        "Tax Rate For Calcs": 0.004,
        "Normalized EBITDA": 6500000.0,
        "Total Unusual Items": -1000000.0,
        "Total Unusual Items Excluding Goodwill": -1000000.0,
        "Net Income From Continuing Operation Net Minority Interest": -13722000.0,
        "Reconciled Depreciation": 13473000.0,
        "Reconciled Cost Of Revenue": 34431000.0,
        "EBITDA": 5500000.0,
        "EBIT": -7973000.0,
        "Net Interest Income": -5904000.0,
        "Interest Expense": 5904000.0,
        "Normalized Income": -12726000.0,
        "Net Income From Continuing And Discontinued Operation": -13722000.0,
        "Total Expenses": 80099000.0,
        "Total Operating Income As Reported": -6800000.0,
        "Diluted Average Shares": 36263250.0,
        "Basic Average Shares": 36263250.0,
        "Diluted EPS": -0.36,
        "Basic EPS": -0.36,
        "Diluted NI Availto Com Stockholders": -13722000.0,
        "Net Income Common Stockholders": -13722000.0,
        "Net Income": -13722000.0,
        "Minority Interests": 210000.0,
        "Net Income Including Noncontrolling Interests": -13932000.0,
        "Net Income Discontinuous Operations": NaN,
        "Net Income Continuous Operations": -13932000.0,
        "Tax Provision": 55000.0,
        "Pretax Income": -13877000.0,
        "Other Income Expense": -1173000.0,
        "Other Non Operating Income Expenses": -173000.0,
        "Special Income Charges": 0.0,
        "Gain On Sale Of Ppe": 0.0,
        "Impairment Of Capital Assets": 0.0,
        "Gain On Sale Of Security": -1000000.0,
        "Net Non Operating Interest Income Expense": -5904000.0,
        "Interest Expense Non Operating": 5904000.0,
        "Operating Income": -6800000.0,
        "Operating Expense": 40263000.0,
        "Depreciation Amortization Depletion Income Statement": 8068000.0,
        "Depreciation And Amortization In Income Statement": 8068000.0,
        "Research And Development": 2815000.0,
        "Selling General And Administration": 29380000.0,
        "Selling And Marketing Expense": 10300000.0,
        "General And Administrative Expense": 19080000.0,
        "Other Gand A": 19080000.0,
        "Gross Profit": 33463000.0,
        "Cost Of Revenue": 39836000.0,
        "Total Revenue": 73299000.0,
        "Operating Revenue": 73299000.0
    },
    "2023-12-31": {
        "Tax Effect Of Unusual Items": 128048.761367,
        "Tax Rate For Calcs": 0.075102,
        "Normalized EBITDA": 13999000.0,
        "Total Unusual Items": 1705000.0,
        "Total Unusual Items Excluding Goodwill": 1705000.0,
        "Net Income From Continuing Operation Net Minority Interest": 17970000.0,
        "Reconciled Depreciation": -2562000.0,
        "Reconciled Cost Of Revenue": 4679000.0,
        "EBITDA": 15704000.0,
        "EBIT": 18266000.0,
        "Net Interest Income": 868000.0,
        "Interest Expense": -868000.0,
        "Normalized Income": 16393048.761367,
        "Net Income From Continuing And Discontinued Operation": -11020000.0,
        "Total Expenses": 17543000.0,
        "Total Operating Income As Reported": 16781000.0,
        "Diluted Average Shares": 36453250.0,
        "Basic Average Shares": 36357000.0,
        "Diluted EPS": 0.12,
        "Basic EPS": 0.12,
        "Diluted NI Availto Com Stockholders": -11020000.0,
        "Net Income Common Stockholders": -11020000.0,
        "Net Income": -11020000.0,
        "Minority Interests": 273000.0,
        "Net Income Including Noncontrolling Interests": -11293000.0,
        "Net Income Discontinuous Operations": NaN,
        "Net Income Continuous Operations": 17697000.0,
        "Tax Provision": 1437000.0,
        "Pretax Income": 19134000.0,
        "Other Income Expense": 1485000.0,
        "Other Non Operating Income Expenses": -220000.0,
        "Special Income Charges": 175000.0,
        "Gain On Sale Of Ppe": 175000.0,
        "Impairment Of Capital Assets": 0.0,
        "Gain On Sale Of Security": 1530000.0,
        "Net Non Operating Interest Income Expense": 868000.0,
        "Interest Expense Non Operating": -868000.0,
        "Operating Income": 16781000.0,
        "Operating Expense": 12864000.0,
        "Depreciation Amortization Depletion Income Statement": -2562000.0,
        "Depreciation And Amortization In Income Statement": -2562000.0,
        "Research And Development": 585000.0,
        "Selling General And Administration": 14841000.0,
        "Selling And Marketing Expense": -747000.0,
        "General And Administrative Expense": 15588000.0,
        "Other Gand A": 15588000.0,
        "Gross Profit": 29645000.0,
        "Cost Of Revenue": 4679000.0,
        "Total Revenue": 34324000.0,
        "Operating Revenue": 34324000.0
    },
    "2024-03-31": {
        "Tax Effect Of Unusual Items": -45780.0,
        "Tax Rate For Calcs": 0.21,
        "Normalized EBITDA": -15307000.0,
        "Total Unusual Items": -218000.0,
        "Total Unusual Items Excluding Goodwill": -218000.0,
        "Net Income From Continuing Operation Net Minority Interest": -26516000.0,
        "Reconciled Depreciation": 5881000.0,
        "Reconciled Cost Of Revenue": 31063000.0,
        "EBITDA": -15525000.0,
        "EBIT": -21406000.0,
        "Net Interest Income": -4481000.0,
        "Interest Expense": 4481000.0,
        "Normalized Income": -26343780.0,
        "Net Income From Continuing And Discontinued Operation": -35729000.0,
        "Total Expenses": 65568000.0,
        "Total Operating Income As Reported": -20813000.0,
        "Diluted Average Shares": 36578000.0,
        "Basic Average Shares": 36578000.0,
        "Diluted EPS": -0.98,
        "Basic EPS": -0.98,
        "Diluted NI Availto Com Stockholders": -35729000.0,
        "Net Income Common Stockholders": -35729000.0,
        "Net Income": -35729000.0,
        "Minority Interests": 53000.0,
        "Net Income Including Noncontrolling Interests": -35782000.0,
        "Net Income Discontinuous Operations": -9213000.0,
        "Net Income Continuous Operations": -26569000.0,
        "Tax Provision": 682000.0,
        "Pretax Income": -25887000.0,
        "Other Income Expense": -593000.0,
        "Other Non Operating Income Expenses": -375000.0,
        "Special Income Charges": NaN,
        "Gain On Sale Of Ppe": NaN,
        "Impairment Of Capital Assets": NaN,
        "Gain On Sale Of Security": -218000.0,
        "Net Non Operating Interest Income Expense": -4481000.0,
        "Interest Expense Non Operating": 4481000.0,
        "Operating Income": -20813000.0,
        "Operating Expense": 34505000.0,
        "Depreciation Amortization Depletion Income Statement": 5881000.0,
        "Depreciation And Amortization In Income Statement": 5881000.0,
        "Research And Development": 3230000.0,
        "Selling General And Administration": 25394000.0,
        "Selling And Marketing Expense": 9145000.0,
        "General And Administrative Expense": 16249000.0,
        "Other Gand A": 16249000.0,
        "Gross Profit": 13692000.0,
        "Cost Of Revenue": 31063000.0,
        "Total Revenue": 44755000.0,
        "Operating Revenue": 44755000.0
    },
    "2024-06-30": {
        "Tax Effect Of Unusual Items": 20800.720829,
        "Tax Rate For Calcs": 0.02643,
        "Normalized EBITDA": 1398000.0,
        "Total Unusual Items": 787000.0,
        "Total Unusual Items Excluding Goodwill": 787000.0,
        "Net Income From Continuing Operation Net Minority Interest": -6610000.0,
        "Reconciled Depreciation": 4863000.0,
        "Reconciled Cost Of Revenue": 25001000.0,
        "EBITDA": 2185000.0,
        "EBIT": -2678000.0,
        "Net Interest Income": -3981000.0,
        "Interest Expense": 3981000.0,
        "Normalized Income": -7376199.279171,
        "Net Income From Continuing And Discontinued Operation": -7487000.0,
        "Total Expenses": 51146000.0,
        "Total Operating Income As Reported": -4214000.0,
        "Diluted Average Shares": 37007000.0,
        "Basic Average Shares": 37007000.0,
        "Diluted EPS": -0.202313,
        "Basic EPS": -0.202313,
        "Diluted NI Availto Com Stockholders": -7487000.0,
        "Net Income Common Stockholders": -7487000.0,
        "Net Income": -7487000.0,
        "Minority Interests": -127000.0,
        "Net Income Including Noncontrolling Interests": -7360000.0,
        "Net Income Discontinuous Operations": -877000.0,
        "Net Income Continuous Operations": -6483000.0,
        "Tax Provision": -176000.0,
        "Pretax Income": -6659000.0,
        "Other Income Expense": 1536000.0,
        "Other Non Operating Income Expenses": 749000.0,
        "Special Income Charges": 1250000.0,
        "Gain On Sale Of Ppe": 1250000.0,
        "Impairment Of Capital Assets": NaN,
        "Gain On Sale Of Security": -463000.0,
        "Net Non Operating Interest Income Expense": -3981000.0,
        "Interest Expense Non Operating": 3981000.0,
        "Operating Income": -4214000.0,
        "Operating Expense": 26145000.0,
        "Depreciation Amortization Depletion Income Statement": 4863000.0,
        "Depreciation And Amortization In Income Statement": 4863000.0,
        "Research And Development": 2721000.0,
        "Selling General And Administration": 18561000.0,
        "Selling And Marketing Expense": 4509000.0,
        "General And Administrative Expense": 14052000.0,
        "Other Gand A": 14052000.0,
        "Gross Profit": 21931000.0,
        "Cost Of Revenue": 25001000.0,
        "Total Revenue": 46932000.0,
        "Operating Revenue": 46932000.0
    }
}