{
    "2023-03-31": {
        "Tax Effect Of Unusual Items": NaN,
        "Tax Rate For Calcs": NaN,
        "Normalized EBITDA": NaN,
        "Total Unusual Items": NaN,
        "Total Unusual Items Excluding Goodwill": NaN,
        "Net Income From Continuing Operation Net Minority Interest": NaN,
        "Reconciled Cost Of Revenue": NaN,
        "EBITDA": NaN,
        "EBIT": NaN,
        "Net Interest Income": NaN,
        "Interest Expense": NaN,
        "Interest Income": NaN,
        "Normalized Income": NaN,
        "Net Income From Continuing And Discontinued Operation": NaN,
        "Total Expenses": NaN,
        "Total Operating Income As Reported": NaN,
        "Diluted Average Shares": NaN,
        "Basic Average Shares": NaN,
        "Diluted EPS": NaN,
        "Basic EPS": NaN,
        "Diluted NI Availto Com Stockholders": NaN,
        "Net Income Common Stockholders": NaN,
        "Net Income": NaN,
        "Minority Interests": NaN,
        "Net Income Including Noncontrolling Interests": NaN,
        "Net Income Continuous Operations": NaN,
        "Earnings From Equity Interest Net Of Tax": NaN,
        "Tax Provision": NaN,
        "Pretax Income": NaN,
        "Other Income Expense": NaN,
        "Special Income Charges": 0.0,
        "Gain On Sale Of Business": NaN,
        "Write Off": NaN,
        "Restructuring And Mergern Acquisition": NaN,
        "Gain On Sale Of Security": NaN,
        "Net Non Operating Interest Income Expense": NaN,
        "Interest Expense Non Operating": NaN,
        "Interest Income Non Operating": NaN,
        "Operating Income": NaN,
        "Operating Expense": NaN,
        "Other Operating Expenses": NaN,
        "Selling General And Administration": NaN,
        "Selling And Marketing Expense": NaN,
        "General And Administrative Expense": NaN,
        "Other Gand A": NaN,
        "Salaries And Wages": NaN,
        "Gross Profit": NaN,
        "Cost Of Revenue": NaN,
        "Total Revenue": NaN,
        "Operating Revenue": NaN
    },
    "2022-12-31": {
        "Tax Effect Of Unusual Items": NaN,
        "Tax Rate For Calcs": NaN,
        "Normalized EBITDA": NaN,
        "Total Unusual Items": NaN,
        "Total Unusual Items Excluding Goodwill": NaN,
        "Net Income From Continuing Operation Net Minority Interest": NaN,
        "Reconciled Cost Of Revenue": NaN,
        "EBITDA": NaN,
        "EBIT": NaN,
        "Net Interest Income": NaN,
        "Interest Expense": NaN,
        "Interest Income": NaN,
        "Normalized Income": NaN,
        "Net Income From Continuing And Discontinued Operation": NaN,
        "Total Expenses": NaN,
        "Total Operating Income As Reported": NaN,
        "Diluted Average Shares": 58780504.0,
        "Basic Average Shares": 58780504.0,
        "Diluted EPS": -4.83,
        "Basic EPS": -4.83,
        "Diluted NI Availto Com Stockholders": NaN,
        "Net Income Common Stockholders": NaN,
        "Net Income": NaN,
        "Minority Interests": NaN,
        "Net Income Including Noncontrolling Interests": NaN,
        "Net Income Continuous Operations": NaN,
        "Earnings From Equity Interest Net Of Tax": NaN,
        "Tax Provision": NaN,
        "Pretax Income": NaN,
        "Other Income Expense": NaN,
        "Special Income Charges": -5248000.0,
        "Gain On Sale Of Business": NaN,
        "Write Off": NaN,
        "Restructuring And Mergern Acquisition": NaN,
        "Gain On Sale Of Security": NaN,
        "Net Non Operating Interest Income Expense": NaN,
        "Interest Expense Non Operating": NaN,
        "Interest Income Non Operating": NaN,
        "Operating Income": NaN,
        "Operating Expense": NaN,
        "Other Operating Expenses": NaN,
        "Selling General And Administration": NaN,
        "Selling And Marketing Expense": NaN,
        "General And Administrative Expense": NaN,
        "Other Gand A": NaN,
        "Salaries And Wages": NaN,
        "Gross Profit": NaN,
        "Cost Of Revenue": NaN,
        "Total Revenue": NaN,
        "Operating Revenue": NaN
    },
    "2022-09-30": {
        "Tax Effect Of Unusual Items": NaN,
        "Tax Rate For Calcs": NaN,
        "Normalized EBITDA": NaN,
        "Total Unusual Items": NaN,
        "Total Unusual Items Excluding Goodwill": NaN,
        "Net Income From Continuing Operation Net Minority Interest": NaN,
        "Reconciled Cost Of Revenue": NaN,
        "EBITDA": NaN,
        "EBIT": NaN,
        "Net Interest Income": NaN,
        "Interest Expense": NaN,
        "Interest Income": NaN,
        "Normalized Income": NaN,
        "Net Income From Continuing And Discontinued Operation": NaN,
        "Total Expenses": NaN,
        "Total Operating Income As Reported": NaN,
        "Diluted Average Shares": NaN,
        "Basic Average Shares": NaN,
        "Diluted EPS": NaN,
        "Basic EPS": NaN,
        "Diluted NI Availto Com Stockholders": NaN,
        "Net Income Common Stockholders": NaN,
        "Net Income": NaN,
        "Minority Interests": NaN,
        "Net Income Including Noncontrolling Interests": NaN,
        "Net Income Continuous Operations": NaN,
        "Earnings From Equity Interest Net Of Tax": NaN,
        "Tax Provision": NaN,
        "Pretax Income": NaN,
        "Other Income Expense": NaN,
        "Special Income Charges": NaN,
        "Gain On Sale Of Business": -99521000.0,
        "Write Off": 8400000.0,
        "Restructuring And Mergern Acquisition": NaN,
        "Gain On Sale Of Security": NaN,
        "Net Non Operating Interest Income Expense": NaN,
        "Interest Expense Non Operating": NaN,
        "Interest Income Non Operating": NaN,
        "Operating Income": NaN,
        "Operating Expense": NaN,
        "Other Operating Expenses": NaN,
        "Selling General And Administration": NaN,
        "Selling And Marketing Expense": NaN,
        "General And Administrative Expense": NaN,
        "Other Gand A": NaN,
        "Salaries And Wages": NaN,
        "Gross Profit": NaN,
        "Cost Of Revenue": NaN,
        "Total Revenue": NaN,
        "Operating Revenue": NaN
    },
    "2022-06-30": {
        "Tax Effect Of Unusual Items": -16679200.0,
        "Tax Rate For Calcs": 0.4,
        "Normalized EBITDA": -16020000.0,
        "Total Unusual Items": -41698000.0,
        "Total Unusual Items Excluding Goodwill": -41698000.0,
        "Net Income From Continuing Operation Net Minority Interest": -77759000.0,
        "Reconciled Cost Of Revenue": 1327219000.0,
        "EBITDA": -57718000.0,
        "EBIT": -57718000.0,
        "Net Interest Income": -6471000.0,
        "Interest Expense": 13806000.0,
        "Interest Income": 7335000.0,
        "Normalized Income": -52740200.0,
        "Net Income From Continuing And Discontinued Operation": -77759000.0,
        "Total Expenses": 2145392000.0,
        "Total Operating Income As Reported": -23355000.0,
        "Diluted Average Shares": 61582216.0,
        "Basic Average Shares": 61582216.0,
        "Diluted EPS": -1.26,
        "Basic EPS": -1.26,
        "Diluted NI Availto Com Stockholders": -77759000.0,
        "Net Income Common Stockholders": -77759000.0,
        "Net Income": -77759000.0,
        "Minority Interests": -6371000.0,
        "Net Income Including Noncontrolling Interests": -71388000.0,
        "Net Income Continuous Operations": -71388000.0,
        "Earnings From Equity Interest Net Of Tax": 3795000.0,
        "Tax Provision": 3659000.0,
        "Pretax Income": -71524000.0,
        "Other Income Expense": -41698000.0,
        "Special Income Charges": 0.0,
        "Gain On Sale Of Business": NaN,
        "Write Off": 0.0,
        "Impairment Of Capital Assets": NaN,
        "Restructuring And Mergern Acquisition": NaN,
        "Gain On Sale Of Security": -41698000.0,
        "Net Non Operating Interest Income Expense": -6471000.0,
        "Interest Expense Non Operating": 13806000.0,
        "Interest Income Non Operating": 7335000.0,
        "Operating Income": -23355000.0,
        "Operating Expense": 818173000.0,
        "Other Operating Expenses": -54088000.0,
        "Selling General And Administration": 872261000.0,
        "Selling And Marketing Expense": 668331000.0,
        "General And Administrative Expense": 203930000.0,
        "Other Gand A": 203930000.0,
        "Salaries And Wages": NaN,
        "Gross Profit": 794818000.0,
        "Cost Of Revenue": 1327219000.0,
        "Total Revenue": 2122037000.0,
        "Operating Revenue": 2122037000.0
    },
    "2022-03-31": {
        "Diluted EPS": -0.29,
        "Total Revenue": 313,
        "Gross Profit": 219,
        "Operating Income": -6,
        "EBIT": -6,
        "Net Income": -19
    },
    "2021-12-31": {
        "Diluted EPS": -0.02,
        "Total Revenue": 515,
        "Gross Profit": 345,
        "Operating Income": 1,
        "EBIT": 1,
        "Net Income": -2
    },
    "2021-09-30": {
        "Diluted EPS": -0.62,
        "Total Revenue": 295,
        "Gross Profit": 202,
        "Operating Income": -24,
        "EBIT": -24,
        "Net Income": -45
    },
    "2021-06-30": {
        "Diluted EPS": 0.16,
        "Total Revenue": 357,
        "Gross Profit": 231,
        "Operating Income": 17,
        "EBIT": 17,
        "Net Income": 12
    },
    "2021-03-31": {
        "Diluted EPS": 0.0,
        "Total Revenue": 308,
        "Gross Profit": 183,
        "Operating Income": 8,
        "EBIT": 8,
        "Net Income": 0
    },
    "2020-12-31": {
        "Diluted EPS": 0.58,
        "Total Revenue": 567,
        "Gross Profit": 350,
        "Operating Income": 49,
        "EBIT": 49,
        "Net Income": 39
    },
    "2020-09-30": {
        "Diluted EPS": 0.16,
        "Total Revenue": 269,
        "Gross Profit": 170,
        "Operating Income": 12,
        "EBIT": 12,
        "Net Income": 10
    },
    "2020-06-30": {
        "Diluted EPS": 0.28,
        "Total Revenue": 305,
        "Gross Profit": 195,
        "Operating Income": 23,
        "EBIT": 23,
        "Net Income": 17
    },
    "2020-03-31": {
        "Diluted EPS": 0.01,
        "Total Revenue": 215,
        "Gross Profit": 132,
        "Operating Income": 2,
        "EBIT": 2,
        "Net Income": 0
    },
    "2019-12-31": {
        "Diluted EPS": 0.35,
        "Total Revenue": 395,
        "Gross Profit": 245,
        "Operating Income": 28,
        "EBIT": 28,
        "Net Income": 20
    },
    "2019-09-30": {
        "Diluted EPS": 0.09,
        "Total Revenue": 210,
        "Gross Profit": 136,
        "Operating Income": 8,
        "EBIT": 8,
        "Net Income": 6
    },
    "2019-06-30": {
        "Diluted EPS": 0.16,
        "Total Revenue": 248,
        "Gross Profit": 149,
        "Operating Income": 12,
        "EBIT": 12,
        "Net Income": 10
    },
    "2019-03-31": {
        "Diluted EPS": 0.08,
        "Total Revenue": 192,
        "Gross Profit": 116,
        "Operating Income": 7,
        "EBIT": 7,
        "Net Income": 5
    },
    "2018-12-31": {
        "Diluted EPS": 0.46,
        "Total Revenue": 301,
        "Gross Profit": 194,
        "Operating Income": 33,
        "EBIT": 33,
        "Net Income": 27
    },
    "2018-09-30": {
        "Diluted EPS": 0.07,
        "Total Revenue": 162,
        "Gross Profit": 103,
        "Operating Income": 6,
        "EBIT": 6,
        "Net Income": 4
    },
    "2018-06-30": {
        "Diluted EPS": 0.09,
        "Total Revenue": 175,
        "Gross Profit": 105,
        "Operating Income": 9,
        "EBIT": 9,
        "Net Income": 6
    },
    "2018-03-31": {
        "Diluted EPS": 0.04,
        "Total Revenue": 147,
        "Gross Profit": 86,
        "Operating Income": 5,
        "EBIT": 5,
        "Net Income": 2
    },
    "2017-12-31": {
        "Diluted EPS": 0.38,
        "Total Revenue": 256,
        "Gross Profit": 151,
        "Operating Income": 27,
        "EBIT": 27,
        "Net Income": 23
    },
    "2017-09-30": {
        "Diluted EPS": 0.06,
        "Total Revenue": 134,
        "Gross Profit": 73,
        "Operating Income": 4,
        "EBIT": 4,
        "Net Income": 3
    },
    "2017-06-30": {
        "Diluted EPS": 0.08,
        "Total Revenue": 131,
        "Gross Profit": 66,
        "Operating Income": 6,
        "EBIT": 6,
        "Net Income": 4
    },
    "2017-03-31": {
        "Diluted EPS": 0.03,
        "Total Revenue": 117,
        "Gross Profit": 53,
        "Operating Income": 2,
        "EBIT": 2,
        "Net Income": 2
    },
    "2016-12-31": {
        "Diluted EPS": 0.17,
        "Total Revenue": 167,
        "Gross Profit": 79,
        "Operating Income": 9,
        "EBIT": 9,
        "Net Income": 9
    },
    "2016-09-30": {
        "Diluted EPS": 0.05,
        "Total Revenue": 112,
        "Gross Profit": 49,
        "Operating Income": 3,
        "EBIT": 3,
        "Net Income": 3
    },
    "2016-06-30": {
        "Diluted EPS": 0.0,
        "Total Revenue": 105,
        "Gross Profit": 43,
        "Operating Income": 0,
        "EBIT": 0,
        "Net Income": 0
    },
    "2016-03-31": {
        "Diluted EPS": 0.01,
        "Total Revenue": 104,
        "Gross Profit": 40,
        "Operating Income": 1,
        "EBIT": 1,
        "Net Income": 1
    },
    "2015-12-31": {
        "Diluted EPS": 0.34,
        "Total Revenue": 148,
        "Gross Profit": 51,
        "Operating Income": 0,
        "EBIT": 0,
        "Net Income": 2
    },
    "2015-09-30": {
        "Diluted EPS": 0.0,
        "Total Revenue": 92,
        "Gross Profit": 30,
        "Operating Income": 0,
        "EBIT": 0,
        "Net Income": 1
    },
    "2015-06-30": {
        "Diluted EPS": 0.04,
        "Total Revenue": 83,
        "Gross Profit": 28,
        "Operating Income": 1,
        "EBIT": 1,
        "Net Income": 0
    },
    "2015-03-31": {
        "Diluted EPS": -0.39,
        "Total Revenue": 77,
        "Gross Profit": 25,
        "Operating Income": 0,
        "EBIT": 1,
        "Net Income": -4
    },
    "2014-12-31": {
        "Diluted EPS": -0.32,
        "Total Revenue": 111,
        "Gross Profit": 111,
        "Operating Income": 111,
        "EBIT": 111,
        "Net Income": -3
    },
    "2014-09-30": {
        "Diluted EPS": -1.8,
        "Total Revenue": 60,
        "Gross Profit": 60,
        "Operating Income": 60,
        "EBIT": 60,
        "Net Income": -12
    },
    "2014-06-30": {
        "Diluted EPS": -0.23,
        "Total Revenue": 42,
        "Gross Profit": 42,
        "Operating Income": 42,
        "EBIT": 42,
        "Net Income": 1
    },
    "2023-06-30": {
        "Tax Effect Of Unusual Items": NaN,
        "Tax Rate For Calcs": NaN,
        "Normalized EBITDA": NaN,
        "Total Unusual Items": NaN,
        "Total Unusual Items Excluding Goodwill": NaN,
        "Net Income From Continuing Operation Net Minority Interest": NaN,
        "Reconciled Cost Of Revenue": NaN,
        "EBITDA": NaN,
        "EBIT": NaN,
        "Net Interest Income": NaN,
        "Interest Expense": NaN,
        "Interest Income": NaN,
        "Normalized Income": NaN,
        "Net Income From Continuing And Discontinued Operation": NaN,
        "Total Expenses": NaN,
        "Total Operating Income As Reported": NaN,
        "Diluted Average Shares": NaN,
        "Basic Average Shares": NaN,
        "Diluted EPS": NaN,
        "Basic EPS": NaN,
        "Diluted NI Availto Com Stockholders": NaN,
        "Net Income Common Stockholders": NaN,
        "Net Income": NaN,
        "Minority Interests": NaN,
        "Net Income Including Noncontrolling Interests": NaN,
        "Net Income Continuous Operations": NaN,
        "Earnings From Equity Interest Net Of Tax": NaN,
        "Tax Provision": NaN,
        "Pretax Income": NaN,
        "Other Income Expense": NaN,
        "Special Income Charges": 3251000.0,
        "Gain On Sale Of Business": NaN,
        "Write Off": NaN,
        "Restructuring And Mergern Acquisition": -3251000.0,
        "Gain On Sale Of Security": NaN,
        "Net Non Operating Interest Income Expense": NaN,
        "Interest Expense Non Operating": NaN,
        "Interest Income Non Operating": NaN,
        "Operating Income": NaN,
        "Operating Expense": NaN,
        "Other Operating Expenses": NaN,
        "Selling General And Administration": NaN,
        "Selling And Marketing Expense": NaN,
        "General And Administrative Expense": NaN,
        "Other Gand A": NaN,
        "Salaries And Wages": 24039000.0,
        "Gross Profit": NaN,
        "Cost Of Revenue": NaN,
        "Total Revenue": NaN,
        "Operating Revenue": NaN
    },
    "2023-09-30": {
        "Tax Effect Of Unusual Items": -2269500.0,
        "Tax Rate For Calcs": 0.25,
        "Normalized EBITDA": -111246000.0,
        "Total Unusual Items": -9078000.0,
        "Total Unusual Items Excluding Goodwill": -9078000.0,
        "Net Income From Continuing Operation Net Minority Interest": -126433000.0,
        "Reconciled Cost Of Revenue": 1004157000.0,
        "EBITDA": -120324000.0,
        "EBIT": -120324000.0,
        "Net Interest Income": 13276000.0,
        "Interest Expense": 11190000.0,
        "Interest Income": 24466000.0,
        "Normalized Income": -119624500.0,
        "Net Income From Continuing And Discontinued Operation": -126433000.0,
        "Total Expenses": 1959354000.0,
        "Total Operating Income As Reported": -135712000.0,
        "Diluted Average Shares": 59585077.0,
        "Basic Average Shares": 59585077.0,
        "Diluted EPS": -2.13,
        "Basic EPS": -2.13,
        "Diluted NI Availto Com Stockholders": -126433000.0,
        "Net Income Common Stockholders": -126433000.0,
        "Net Income": -126433000.0,
        "Minority Interests": 3166000.0,
        "Net Income Including Noncontrolling Interests": -129599000.0,
        "Net Income Continuous Operations": -129599000.0,
        "Earnings From Equity Interest Net Of Tax": 3861000.0,
        "Tax Provision": 1946000.0,
        "Pretax Income": -131514000.0,
        "Other Income Expense": -9078000.0,
        "Special Income Charges": 0.0,
        "Gain On Sale Of Business": 0.0,
        "Write Off": 0.0,
        "Restructuring And Mergern Acquisition": NaN,
        "Gain On Sale Of Security": -9078000.0,
        "Net Non Operating Interest Income Expense": 13276000.0,
        "Interest Expense Non Operating": 11190000.0,
        "Interest Income Non Operating": 24466000.0,
        "Operating Income": -135712000.0,
        "Operating Expense": 955197000.0,
        "Other Operating Expenses": 103222000.0,
        "Selling General And Administration": 851975000.0,
        "Selling And Marketing Expense": 637488000.0,
        "General And Administrative Expense": 214487000.0,
        "Other Gand A": 214487000.0,
        "Salaries And Wages": NaN,
        "Gross Profit": 819485000.0,
        "Cost Of Revenue": 1004157000.0,
        "Total Revenue": 1823642000.0,
        "Operating Revenue": 1823642000.0
    },
    "2023-12-31": {
        "Tax Effect Of Unusual Items": -11362250.0,
        "Tax Rate For Calcs": 0.25,
        "Normalized EBITDA": 61118000.0,
        "Total Unusual Items": -45449000.0,
        "Total Unusual Items Excluding Goodwill": -45449000.0,
        "Net Income From Continuing Operation Net Minority Interest": -48414000.0,
        "Reconciled Cost Of Revenue": 1505841000.0,
        "EBITDA": 15669000.0,
        "EBIT": 15669000.0,
        "Net Interest Income": 10072000.0,
        "Interest Expense": 9436000.0,
        "Interest Income": 19508000.0,
        "Normalized Income": -14327250.0,
        "Net Income From Continuing And Discontinued Operation": -48414000.0,
        "Total Expenses": 2738804000.0,
        "Total Operating Income As Reported": 6398000.0,
        "Diluted Average Shares": 60214109.0,
        "Basic Average Shares": 60214109.0,
        "Diluted EPS": -0.81,
        "Basic EPS": -0.81,
        "Diluted NI Availto Com Stockholders": -48414000.0,
        "Net Income Common Stockholders": -48414000.0,
        "Net Income": -48414000.0,
        "Minority Interests": -46431000.0,
        "Net Income Including Noncontrolling Interests": -1983000.0,
        "Net Income Continuous Operations": -1983000.0,
        "Earnings From Equity Interest Net Of Tax": -2264000.0,
        "Tax Provision": 5952000.0,
        "Pretax Income": 6233000.0,
        "Other Income Expense": -45449000.0,
        "Special Income Charges": -37832000.0,
        "Gain On Sale Of Business": NaN,
        "Write Off": NaN,
        "Restructuring And Mergern Acquisition": NaN,
        "Gain On Sale Of Security": -7617000.0,
        "Net Non Operating Interest Income Expense": 10072000.0,
        "Interest Expense Non Operating": 9436000.0,
        "Interest Income Non Operating": 19508000.0,
        "Operating Income": 41610000.0,
        "Operating Expense": 1232963000.0,
        "Other Operating Expenses": 111865000.0,
        "Selling General And Administration": 1121098000.0,
        "Selling And Marketing Expense": 892401000.0,
        "General And Administrative Expense": 228697000.0,
        "Other Gand A": 228697000.0,
        "Salaries And Wages": NaN,
        "Gross Profit": 1274573000.0,
        "Cost Of Revenue": 1505841000.0,
        "Total Revenue": 2780414000.0,
        "Operating Revenue": 2780414000.0
    },
    "2024-03-31": {
        "Tax Effect Of Unusual Items": -4301250.0,
        "Tax Rate For Calcs": 0.25,
        "Normalized EBITDA": -35606000.0,
        "Total Unusual Items": -17205000.0,
        "Total Unusual Items Excluding Goodwill": -17205000.0,
        "Net Income From Continuing Operation Net Minority Interest": -66637000.0,
        "Reconciled Cost Of Revenue": 1033502000.0,
        "EBITDA": -52811000.0,
        "EBIT": -52811000.0,
        "Net Interest Income": 8969000.0,
        "Interest Expense": 10205000.0,
        "Interest Income": 19174000.0,
        "Normalized Income": -53733250.0,
        "Net Income From Continuing And Discontinued Operation": -66637000.0,
        "Total Expenses": 2034550000.0,
        "Total Operating Income As Reported": -54780000.0,
        "Diluted Average Shares": 60544917.0,
        "Basic Average Shares": 60544917.0,
        "Diluted EPS": -1.11,
        "Basic EPS": -1.11,
        "Diluted NI Availto Com Stockholders": -66637000.0,
        "Net Income Common Stockholders": -66637000.0,
        "Net Income": -66637000.0,
        "Minority Interests": -1345000.0,
        "Net Income Including Noncontrolling Interests": -65292000.0,
        "Net Income Continuous Operations": -65292000.0,
        "Earnings From Equity Interest Net Of Tax": 4826000.0,
        "Tax Provision": 7102000.0,
        "Pretax Income": -63016000.0,
        "Other Income Expense": -17205000.0,
        "Special Income Charges": NaN,
        "Gain On Sale Of Business": NaN,
        "Write Off": NaN,
        "Restructuring And Mergern Acquisition": NaN,
        "Gain On Sale Of Security": -17205000.0,
        "Net Non Operating Interest Income Expense": 8969000.0,
        "Interest Expense Non Operating": 10205000.0,
        "Interest Income Non Operating": 19174000.0,
        "Operating Income": -54780000.0,
        "Operating Expense": 1001048000.0,
        "Other Operating Expenses": 127918000.0,
        "Selling General And Administration": 873130000.0,
        "Selling And Marketing Expense": 694043000.0,
        "General And Administrative Expense": 179087000.0,
        "Other Gand A": 179087000.0,
        "Salaries And Wages": NaN,
        "Gross Profit": 946268000.0,
        "Cost Of Revenue": 1033502000.0,
        "Total Revenue": 1979770000.0,
        "Operating Revenue": 1979770000.0
    },
    "2024-06-30": {
        "Tax Effect Of Unusual Items": -524000.0,
        "Tax Rate For Calcs": 0.25,
        "Normalized EBITDA": -2078000.0,
        "Total Unusual Items": -2096000.0,
        "Total Unusual Items Excluding Goodwill": -2096000.0,
        "Net Income From Continuing Operation Net Minority Interest": -30620000.0,
        "Reconciled Cost Of Revenue": 1276654000.0,
        "EBITDA": -4174000.0,
        "EBIT": -4174000.0,
        "Net Interest Income": 6259000.0,
        "Interest Expense": 10436000.0,
        "Interest Income": 16695000.0,
        "Normalized Income": -29048000.0,
        "Net Income From Continuing And Discontinued Operation": -30620000.0,
        "Total Expenses": 2409767000.0,
        "Total Operating Income As Reported": -18773000.0,
        "Diluted Average Shares": 60633189.0,
        "Basic Average Shares": 60633189.0,
        "Diluted EPS": -0.51,
        "Basic EPS": -0.51,
        "Diluted NI Availto Com Stockholders": -30620000.0,
        "Net Income Common Stockholders": -30620000.0,
        "Net Income": -30620000.0,
        "Minority Interests": -8631000.0,
        "Net Income Including Noncontrolling Interests": -21989000.0,
        "Net Income Continuous Operations": -21989000.0,
        "Earnings From Equity Interest Net Of Tax": -3616000.0,
        "Tax Provision": 3763000.0,
        "Pretax Income": -14610000.0,
        "Other Income Expense": -2096000.0,
        "Special Income Charges": 0.0,
        "Gain On Sale Of Business": NaN,
        "Write Off": NaN,
        "Restructuring And Mergern Acquisition": 0.0,
        "Gain On Sale Of Security": -2096000.0,
        "Net Non Operating Interest Income Expense": 6259000.0,
        "Interest Expense Non Operating": 10436000.0,
        "Interest Income Non Operating": 16695000.0,
        "Operating Income": -18773000.0,
        "Operating Expense": 1133113000.0,
        "Other Operating Expenses": 116778000.0,
        "Selling General And Administration": 1016335000.0,
        "Selling And Marketing Expense": 844698000.0,
        "General And Administrative Expense": 171637000.0,
        "Other Gand A": 171637000.0,
        "Salaries And Wages": NaN,
        "Gross Profit": 1114340000.0,
        "Cost Of Revenue": 1276654000.0,
        "Total Revenue": 2390994000.0,
        "Operating Revenue": 2390994000.0
    },
    "2024-09-30": {
        "Tax Effect Of Unusual Items": -213258.085652,
        "Tax Rate For Calcs": 0.168984,
        "Normalized EBITDA": -99897000.0,
        "Total Unusual Items": -1262000.0,
        "Total Unusual Items Excluding Goodwill": -1262000.0,
        "Net Income From Continuing Operation Net Minority Interest": -88070000.0,
        "Reconciled Cost Of Revenue": 1082489000.0,
        "EBITDA": -101159000.0,
        "EBIT": -101159000.0,
        "Net Interest Income": 5858000.0,
        "Interest Expense": 8727000.0,
        "Interest Income": 14585000.0,
        "Normalized Income": -87021258.085652,
        "Net Income From Continuing And Discontinued Operation": -88070000.0,
        "Total Expenses": 2171502000.0,
        "Total Operating Income As Reported": -114482000.0,
        "Diluted Average Shares": 59428273.0,
        "Basic Average Shares": 59428273.0,
        "Diluted EPS": -1.47,
        "Basic EPS": -1.47,
        "Diluted NI Availto Com Stockholders": -88070000.0,
        "Net Income Common Stockholders": -88070000.0,
        "Net Income": -88070000.0,
        "Minority Interests": 5185000.0,
        "Net Income Including Noncontrolling Interests": -93255000.0,
        "Net Income Continuous Operations": -93255000.0,
        "Earnings From Equity Interest Net Of Tax": -1938000.0,
        "Tax Provision": -18569000.0,
        "Pretax Income": -109886000.0,
        "Other Income Expense": -1262000.0,
        "Special Income Charges": NaN,
        "Gain On Sale Of Business": NaN,
        "Write Off": NaN,
        "Restructuring And Mergern Acquisition": NaN,
        "Gain On Sale Of Security": -1262000.0,
        "Net Non Operating Interest Income Expense": 5858000.0,
        "Interest Expense Non Operating": 8727000.0,
        "Interest Income Non Operating": 14585000.0,
        "Operating Income": -114482000.0,
        "Operating Expense": 1089013000.0,
        "Other Operating Expenses": 111840000.0,
        "Selling General And Administration": 977173000.0,
        "Selling And Marketing Expense": 800562000.0,
        "General And Administrative Expense": 176611000.0,
        "Other Gand A": 176611000.0,
        "Salaries And Wages": NaN,
        "Gross Profit": 974531000.0,
        "Cost Of Revenue": 1082489000.0,
        "Total Revenue": 2057020000.0,
        "Operating Revenue": 2057020000.0
    }
}