{
    "2023-06-30": {
        "Tax Effect Of Unusual Items": NaN,
        "Tax Rate For Calcs": NaN,
        "Total Unusual Items": NaN,
        "Total Unusual Items Excluding Goodwill": NaN,
        "Net Income From Continuing Operation Net Minority Interest": NaN,
        "Reconciled Depreciation": NaN,
        "Net Interest Income": NaN,
        "Interest Expense": NaN,
        "Interest Income": NaN,
        "Normalized Income": NaN,
        "Net Income From Continuing And Discontinued Operation": NaN,
        "Diluted Average Shares": NaN,
        "Basic Average Shares": NaN,
        "Diluted EPS": NaN,
        "Basic EPS": NaN,
        "Diluted NI Availto Com Stockholders": NaN,
        "Average Dilution Earnings": NaN,
        "Net Income Common Stockholders": NaN,
        "Otherunder Preferred Stock Dividend": NaN,
        "Preferred Stock Dividends": NaN,
        "Net Income": NaN,
        "Minority Interests": NaN,
        "Net Income Including Noncontrolling Interests": NaN,
        "Net Income Discontinuous Operations": NaN,
        "Net Income Continuous Operations": NaN,
        "Tax Provision": NaN,
        "Pretax Income": NaN,
        "Special Income Charges": NaN,
        "Gain On Sale Of Business": -73000000.0,
        "Other Special Charges": NaN,
        "Restructuring And Mergern Acquisition": 0.0,
        "Gain On Sale Of Security": NaN,
        "Selling General And Administration": NaN,
        "Selling And Marketing Expense": NaN,
        "General And Administrative Expense": NaN,
        "Insurance And Claims": NaN,
        "Salaries And Wages": NaN,
        "Total Revenue": NaN,
        "Operating Revenue": NaN,
        "Occupancy And Equipment": NaN,
        "Other Non Interest Expense": NaN
    },
    "2023-03-31": {
        "Tax Effect Of Unusual Items": NaN,
        "Tax Rate For Calcs": NaN,
        "Total Unusual Items": NaN,
        "Total Unusual Items Excluding Goodwill": NaN,
        "Net Income From Continuing Operation Net Minority Interest": NaN,
        "Reconciled Depreciation": NaN,
        "Net Interest Income": NaN,
        "Interest Expense": NaN,
        "Interest Income": NaN,
        "Normalized Income": NaN,
        "Net Income From Continuing And Discontinued Operation": NaN,
        "Diluted Average Shares": NaN,
        "Basic Average Shares": NaN,
        "Diluted EPS": NaN,
        "Basic EPS": NaN,
        "Diluted NI Availto Com Stockholders": NaN,
        "Average Dilution Earnings": NaN,
        "Net Income Common Stockholders": NaN,
        "Otherunder Preferred Stock Dividend": NaN,
        "Preferred Stock Dividends": NaN,
        "Net Income": NaN,
        "Minority Interests": NaN,
        "Net Income Including Noncontrolling Interests": NaN,
        "Net Income Discontinuous Operations": NaN,
        "Net Income Continuous Operations": NaN,
        "Tax Provision": NaN,
        "Pretax Income": NaN,
        "Special Income Charges": NaN,
        "Gain On Sale Of Business": 1059000000.0,
        "Other Special Charges": NaN,
        "Restructuring And Mergern Acquisition": 0.0,
        "Gain On Sale Of Security": NaN,
        "Selling General And Administration": NaN,
        "Selling And Marketing Expense": NaN,
        "General And Administrative Expense": NaN,
        "Insurance And Claims": NaN,
        "Salaries And Wages": NaN,
        "Total Revenue": NaN,
        "Operating Revenue": NaN,
        "Occupancy And Equipment": NaN,
        "Other Non Interest Expense": NaN
    },
    "2022-12-31": {
        "Tax Effect Of Unusual Items": 0.0,
        "Tax Rate For Calcs": 0.201511,
        "Total Unusual Items": NaN,
        "Total Unusual Items Excluding Goodwill": NaN,
        "Net Income From Continuing Operation Net Minority Interest": 2515000000.0,
        "Reconciled Depreciation": 1108000000.0,
        "Net Interest Income": 13270000000.0,
        "Interest Expense": 12438000000.0,
        "Interest Income": 25708000000.0,
        "Normalized Income": 2515000000.0,
        "Net Income From Continuing And Discontinued Operation": 2513000000.0,
        "Diluted Average Shares": 1955900000.0,
        "Basic Average Shares": 1936900000.0,
        "Diluted EPS": 1.16,
        "Basic EPS": 1.162166,
        "Diluted NI Availto Com Stockholders": 2262000000.0,
        "Average Dilution Earnings": 11000000.0,
        "Net Income Common Stockholders": 2251000000.0,
        "Otherunder Preferred Stock Dividend": 24000000.0,
        "Preferred Stock Dividends": 238000000.0,
        "Net Income": 2513000000.0,
        "Minority Interests": -21000000.0,
        "Net Income Including Noncontrolling Interests": 2534000000.0,
        "Net Income Discontinuous Operations": -2000000.0,
        "Net Income Continuous Operations": 2536000000.0,
        "Tax Provision": 640000000.0,
        "Pretax Income": 3176000000.0,
        "Special Income Charges": NaN,
        "Gain On Sale Of Business": NaN,
        "Gain On Sale Of Security": -236000000.0,
        "Selling General And Administration": 7062000000.0,
        "Selling And Marketing Expense": 424000000.0,
        "General And Administrative Expense": 6638000000.0,
        "Insurance And Claims": 20000000.0,
        "Salaries And Wages": 6618000000.0,
        "Total Revenue": 18001000000.0,
        "Operating Revenue": 18001000000.0
    },
    "2022-09-30": {
        "Tax Effect Of Unusual Items": NaN,
        "Tax Rate For Calcs": NaN,
        "Total Unusual Items": NaN,
        "Total Unusual Items Excluding Goodwill": NaN,
        "Net Income From Continuing Operation Net Minority Interest": NaN,
        "Reconciled Depreciation": NaN,
        "Net Interest Income": NaN,
        "Interest Expense": NaN,
        "Interest Income": NaN,
        "Normalized Income": NaN,
        "Net Income From Continuing And Discontinued Operation": NaN,
        "Diluted Average Shares": NaN,
        "Basic Average Shares": NaN,
        "Diluted EPS": NaN,
        "Basic EPS": NaN,
        "Diluted NI Availto Com Stockholders": NaN,
        "Average Dilution Earnings": NaN,
        "Net Income Common Stockholders": NaN,
        "Otherunder Preferred Stock Dividend": NaN,
        "Preferred Stock Dividends": NaN,
        "Net Income": NaN,
        "Minority Interests": NaN,
        "Net Income Including Noncontrolling Interests": NaN,
        "Net Income Discontinuous Operations": NaN,
        "Net Income Continuous Operations": NaN,
        "Tax Provision": NaN,
        "Pretax Income": NaN,
        "Special Income Charges": NaN,
        "Gain On Sale Of Business": 519000000.0,
        "Other Special Charges": NaN,
        "Restructuring And Mergern Acquisition": NaN,
        "Gain On Sale Of Security": NaN,
        "Selling General And Administration": NaN,
        "Selling And Marketing Expense": NaN,
        "General And Administrative Expense": NaN,
        "Insurance And Claims": NaN,
        "Salaries And Wages": NaN,
        "Total Revenue": NaN,
        "Operating Revenue": NaN
    },
    "2022-06-30": {
        "Tax Effect Of Unusual Items": 0.0,
        "Tax Rate For Calcs": 0.198,
        "Total Unusual Items": NaN,
        "Total Unusual Items Excluding Goodwill": NaN,
        "Net Income From Continuing Operation Net Minority Interest": 4768000000.0,
        "Reconciled Depreciation": 1074000000.0,
        "Net Interest Income": 11964000000.0,
        "Interest Expense": 3666000000.0,
        "Interest Income": 15630000000.0,
        "Normalized Income": 4768000000.0,
        "Net Income From Continuing And Discontinued Operation": 4547000000.0,
        "Diluted Average Shares": 1958100000.0,
        "Basic Average Shares": 1941500000.0,
        "Diluted EPS": 2.19,
        "Basic EPS": 2.342004,
        "Diluted NI Availto Com Stockholders": 4547000000.0,
        "Average Dilution Earnings": 11000000.0,
        "Net Income Common Stockholders": 4547000000.0,
        "Otherunder Preferred Stock Dividend": 35000000.0,
        "Preferred Stock Dividends": 238000000.0,
        "Net Income": 4547000000.0,
        "Minority Interests": -21000000.0,
        "Net Income Including Noncontrolling Interests": 4568000000.0,
        "Net Income Discontinuous Operations": -221000000.0,
        "Net Income Continuous Operations": 4789000000.0,
        "Tax Provision": 1182000000.0,
        "Pretax Income": 5971000000.0,
        "Special Income Charges": NaN,
        "Gain On Sale Of Business": NaN,
        "Gain On Sale Of Security": -172000000.0,
        "Selling General And Administration": 6908000000.0,
        "Selling And Marketing Expense": 414000000.0,
        "General And Administrative Expense": 6494000000.0,
        "Insurance And Claims": 22000000.0,
        "Salaries And Wages": 6472000000.0,
        "Total Revenue": 19618000000.0,
        "Operating Revenue": 19618000000.0
    },
    "2023-09-30": {
        "Tax Effect Of Unusual Items": -28500000.0,
        "Tax Rate For Calcs": 0.25,
        "Total Unusual Items": -114000000.0,
        "Total Unusual Items Excluding Goodwill": -114000000.0,
        "Net Income From Continuing Operation Net Minority Interest": 3544000000.0,
        "Reconciled Depreciation": 1141000000.0,
        "Net Interest Income": 13828000000.0,
        "Interest Expense": 21009000000.0,
        "Interest Income": 34837000000.0,
        "Normalized Income": 3629500000.0,
        "Net Income From Continuing And Discontinued Operation": 3546000000.0,
        "Diluted Average Shares": 1951700000.0,
        "Basic Average Shares": 1924400000.0,
        "Diluted EPS": 1.63,
        "Basic EPS": 1.64,
        "Diluted NI Availto Com Stockholders": 3176000000.0,
        "Average Dilution Earnings": 16000000.0,
        "Net Income Common Stockholders": 3160000000.0,
        "Otherunder Preferred Stock Dividend": 53000000.0,
        "Preferred Stock Dividends": 333000000.0,
        "Net Income": 3546000000.0,
        "Minority Interests": -41000000.0,
        "Net Income Including Noncontrolling Interests": 3587000000.0,
        "Net Income Discontinuous Operations": 2000000.0,
        "Net Income Continuous Operations": 3585000000.0,
        "Tax Provision": 1203000000.0,
        "Pretax Income": 4788000000.0,
        "Special Income Charges": -114000000.0,
        "Gain On Sale Of Business": -114000000.0,
        "Other Special Charges": NaN,
        "Restructuring And Mergern Acquisition": 0.0,
        "Gain On Sale Of Security": -38000000.0,
        "Selling General And Administration": 7773000000.0,
        "Selling And Marketing Expense": 324000000.0,
        "General And Administrative Expense": 7449000000.0,
        "Insurance And Claims": 25000000.0,
        "Salaries And Wages": 7424000000.0,
        "Total Revenue": 20142000000.0,
        "Operating Revenue": 20142000000.0,
        "Occupancy And Equipment": 620000000.0,
        "Other Non Interest Expense": 5029000000.0
    },
    "2023-12-31": {
        "Tax Effect Of Unusual Items": -274746552.543985,
        "Tax Rate For Calcs": 0.140751,
        "Total Unusual Items": -1952000000.0,
        "Total Unusual Items Excluding Goodwill": -1952000000.0,
        "Net Income From Continuing Operation Net Minority Interest": -1838000000.0,
        "Reconciled Depreciation": 1172000000.0,
        "Net Interest Income": 13824000000.0,
        "Interest Expense": 22555000000.0,
        "Interest Income": 36379000000.0,
        "Normalized Income": -160746552.543985,
        "Net Income From Continuing And Discontinued Operation": -1839000000.0,
        "Diluted Average Shares": 1909700000.0,
        "Basic Average Shares": 1909700000.0,
        "Diluted EPS": -1.161439,
        "Basic EPS": -1.161439,
        "Diluted NI Availto Com Stockholders": -2183000000.0,
        "Average Dilution Earnings": 15000000.0,
        "Net Income Common Stockholders": -2198000000.0,
        "Otherunder Preferred Stock Dividend": 59000000.0,
        "Preferred Stock Dividends": 300000000.0,
        "Net Income": -1839000000.0,
        "Minority Interests": -31000000.0,
        "Net Income Including Noncontrolling Interests": -1808000000.0,
        "Net Income Discontinuous Operations": -1000000.0,
        "Net Income Continuous Operations": -1807000000.0,
        "Tax Provision": -296000000.0,
        "Pretax Income": -2103000000.0,
        "Special Income Charges": -1952000000.0,
        "Gain On Sale Of Business": NaN,
        "Other Special Charges": NaN,
        "Restructuring And Mergern Acquisition": NaN,
        "Gain On Sale Of Security": -62000000.0,
        "Selling General And Administration": 7283000000.0,
        "Selling And Marketing Expense": 377000000.0,
        "General And Administrative Expense": 6906000000.0,
        "Insurance And Claims": 24000000.0,
        "Salaries And Wages": 6882000000.0,
        "Total Revenue": 18840000000.0,
        "Operating Revenue": 18840000000.0,
        "Occupancy And Equipment": 695000000.0,
        "Other Non Interest Expense": 7490000000.0
    },
    "2024-03-31": {
        "Tax Effect Of Unusual Items": -211000000.0,
        "Tax Rate For Calcs": 0.25,
        "Total Unusual Items": -844000000.0,
        "Total Unusual Items Excluding Goodwill": -844000000.0,
        "Net Income From Continuing Operation Net Minority Interest": 3372000000.0,
        "Reconciled Depreciation": 1110000000.0,
        "Net Interest Income": 13507000000.0,
        "Interest Expense": 22716000000.0,
        "Interest Income": 36223000000.0,
        "Normalized Income": 4005000000.0,
        "Net Income From Continuing And Discontinued Operation": 3371000000.0,
        "Diluted Average Shares": 1943200000.0,
        "Basic Average Shares": 1910400000.0,
        "Diluted EPS": 1.58,
        "Basic EPS": 1.59,
        "Diluted NI Availto Com Stockholders": 3062000000.0,
        "Average Dilution Earnings": 15000000.0,
        "Net Income Common Stockholders": 3047000000.0,
        "Otherunder Preferred Stock Dividend": 45000000.0,
        "Preferred Stock Dividends": 279000000.0,
        "Net Income": 3371000000.0,
        "Minority Interests": -36000000.0,
        "Net Income Including Noncontrolling Interests": 3407000000.0,
        "Net Income Discontinuous Operations": -1000000.0,
        "Net Income Continuous Operations": 3408000000.0,
        "Tax Provision": 1136000000.0,
        "Pretax Income": 4544000000.0,
        "Special Income Charges": -844000000.0,
        "Gain On Sale Of Business": -110000000.0,
        "Other Special Charges": 251000000.0,
        "Restructuring And Mergern Acquisition": 483000000.0,
        "Gain On Sale Of Security": 75000000.0,
        "Selling General And Administration": 7928000000.0,
        "Selling And Marketing Expense": 228000000.0,
        "General And Administrative Expense": 7700000000.0,
        "Insurance And Claims": 27000000.0,
        "Salaries And Wages": 7673000000.0,
        "Total Revenue": 21094000000.0,
        "Operating Revenue": 21094000000.0,
        "Occupancy And Equipment": 585000000.0,
        "Other Non Interest Expense": 4865000000.0
    },
    "2024-06-30": {
        "Tax Effect Of Unusual Items": -37200000.0,
        "Tax Rate For Calcs": 0.24,
        "Total Unusual Items": -155000000.0,
        "Total Unusual Items Excluding Goodwill": -155000000.0,
        "Net Income From Continuing Operation Net Minority Interest": 3217000000.0,
        "Reconciled Depreciation": 1101000000.0,
        "Net Interest Income": 13493000000.0,
        "Interest Expense": 22494000000.0,
        "Interest Income": 35987000000.0,
        "Normalized Income": 3334800000.0,
        "Net Income From Continuing And Discontinued Operation": 3217000000.0,
        "Diluted Average Shares": 1945700000.0,
        "Basic Average Shares": 1907700000.0,
        "Diluted EPS": 1.52,
        "Basic EPS": 1.54,
        "Diluted NI Availto Com Stockholders": 2962000000.0,
        "Average Dilution Earnings": 19000000.0,
        "Net Income Common Stockholders": 2943000000.0,
        "Otherunder Preferred Stock Dividend": 32000000.0,
        "Preferred Stock Dividends": 242000000.0,
        "Net Income": 3217000000.0,
        "Minority Interests": -46000000.0,
        "Net Income Including Noncontrolling Interests": 3263000000.0,
        "Net Income Discontinuous Operations": 0.0,
        "Net Income Continuous Operations": 3263000000.0,
        "Tax Provision": 1047000000.0,
        "Pretax Income": 4310000000.0,
        "Special Income Charges": -155000000.0,
        "Gain On Sale Of Business": -85000000.0,
        "Other Special Charges": 34000000.0,
        "Restructuring And Mergern Acquisition": 36000000.0,
        "Gain On Sale Of Security": 7000000.0,
        "Selling General And Administration": 7186000000.0,
        "Selling And Marketing Expense": 280000000.0,
        "General And Administrative Expense": 6906000000.0,
        "Insurance And Claims": 18000000.0,
        "Salaries And Wages": 6888000000.0,
        "Total Revenue": 20144000000.0,
        "Operating Revenue": 20144000000.0,
        "Occupancy And Equipment": 597000000.0,
        "Other Non Interest Expense": 5433000000.0
    },
    "2024-09-30": {
        "Tax Effect Of Unusual Items": 67750000.0,
        "Tax Rate For Calcs": 0.25,
        "Total Unusual Items": 271000000.0,
        "Total Unusual Items Excluding Goodwill": 271000000.0,
        "Net Income From Continuing Operation Net Minority Interest": 3239000000.0,
        "Reconciled Depreciation": 1081000000.0,
        "Net Interest Income": 13362000000.0,
        "Interest Expense": 23094000000.0,
        "Interest Income": 36456000000.0,
        "Normalized Income": 3035750000.0,
        "Net Income From Continuing And Discontinued Operation": 3238000000.0,
        "Diluted Average Shares": 1940300000.0,
        "Basic Average Shares": 1899900000.0,
        "Diluted EPS": 1.51,
        "Basic EPS": 1.53,
        "Diluted NI Availto Com Stockholders": 2925000000.0,
        "Average Dilution Earnings": 20000000.0,
        "Net Income Common Stockholders": 2905000000.0,
        "Otherunder Preferred Stock Dividend": 56000000.0,
        "Preferred Stock Dividends": 277000000.0,
        "Net Income": 3238000000.0,
        "Minority Interests": -35000000.0,
        "Net Income Including Noncontrolling Interests": 3273000000.0,
        "Net Income Discontinuous Operations": -1000000.0,
        "Net Income Continuous Operations": 3274000000.0,
        "Tax Provision": 1116000000.0,
        "Pretax Income": 4390000000.0,
        "Special Income Charges": 271000000.0,
        "Gain On Sale Of Business": 336000000.0,
        "Other Special Charges": 56000000.0,
        "Restructuring And Mergern Acquisition": 9000000.0,
        "Gain On Sale Of Security": -19000000.0,
        "Selling General And Administration": 7368000000.0,
        "Selling And Marketing Expense": 282000000.0,
        "General And Administrative Expense": 7086000000.0,
        "Insurance And Claims": 28000000.0,
        "Salaries And Wages": 7058000000.0,
        "Total Revenue": 19862000000.0,
        "Operating Revenue": 19862000000.0,
        "Occupancy And Equipment": 606000000.0,
        "Other Non Interest Expense": 5172000000.0
    }
}