{
    "2023-03-31": {
        "Tax Effect Of Unusual Items": 3303300.0,
        "Tax Rate For Calcs": 0.35,
        "Normalized EBITDA": 124396000.0,
        "Total Unusual Items": 9438000.0,
        "Total Unusual Items Excluding Goodwill": 9438000.0,
        "Net Income From Continuing Operation Net Minority Interest": 31685000.0,
        "Reconciled Depreciation": 43793000.0,
        "Reconciled Cost Of Revenue": 203914000.0,
        "EBITDA": 133834000.0,
        "EBIT": 90041000.0,
        "Net Interest Income": -50871000.0,
        "Interest Expense": 28708000.0,
        "Interest Income": 10699000.0,
        "Normalized Income": 25550300.0,
        "Net Income From Continuing And Discontinued Operation": 31685000.0,
        "Total Expenses": 279290000.0,
        "Total Operating Income As Reported": 101981000.0,
        "Diluted Average Shares": 158425000.0,
        "Basic Average Shares": 158425000.0,
        "Diluted EPS": 0.2,
        "Basic EPS": 0.2,
        "Diluted NI Availto Com Stockholders": 31685000.0,
        "Net Income Common Stockholders": 31685000.0,
        "Net Income": 31685000.0,
        "Minority Interests": 7601000.0,
        "Net Income Including Noncontrolling Interests": 24084000.0,
        "Net Income Discontinuous Operations": NaN,
        "Net Income Continuous Operations": 24084000.0,
        "Tax Provision": 37249000.0,
        "Pretax Income": 61333000.0,
        "Other Income Expense": 9436000.0,
        "Special Income Charges": -3889000.0,
        "Other Special Charges": 3102000.0,
        "Write Off": 787000.0,
        "Impairment Of Capital Assets": NaN,
        "Earnings From Equity Interest": -2000.0,
        "Gain On Sale Of Security": 13327000.0,
        "Net Non Operating Interest Income Expense": -50871000.0,
        "Total Other Finance Cost": 32862000.0,
        "Interest Expense Non Operating": 28708000.0,
        "Interest Income Non Operating": 10699000.0,
        "Operating Income": 102768000.0,
        "Operating Expense": 33198000.0,
        "Other Operating Expenses": -3944000.0,
        "Other Taxes": 12514000.0,
        "Depreciation Amortization Depletion Income Statement": 1615000.0,
        "Depreciation And Amortization In Income Statement": 1615000.0,
        "Selling General And Administration": 23013000.0,
        "Selling And Marketing Expense": 491000.0,
        "General And Administrative Expense": 22522000.0,
        "Other Gand A": 12945000.0,
        "Insurance And Claims": 661000.0,
        "Salaries And Wages": 8916000.0,
        "Gross Profit": 135966000.0,
        "Cost Of Revenue": 246092000.0,
        "Total Revenue": 382058000.0,
        "Operating Revenue": 379385000.0
    },
    "2022-12-31": {
        "Tax Effect Of Unusual Items": NaN,
        "Tax Rate For Calcs": NaN,
        "Normalized EBITDA": NaN,
        "Total Unusual Items": NaN,
        "Total Unusual Items Excluding Goodwill": NaN,
        "Net Income From Continuing Operation Net Minority Interest": NaN,
        "Reconciled Depreciation": NaN,
        "Reconciled Cost Of Revenue": NaN,
        "EBITDA": NaN,
        "EBIT": NaN,
        "Net Interest Income": NaN,
        "Interest Expense": NaN,
        "Interest Income": NaN,
        "Normalized Income": NaN,
        "Net Income From Continuing And Discontinued Operation": NaN,
        "Total Expenses": NaN,
        "Total Operating Income As Reported": NaN,
        "Diluted Average Shares": NaN,
        "Basic Average Shares": NaN,
        "Diluted EPS": NaN,
        "Basic EPS": NaN,
        "Diluted NI Availto Com Stockholders": NaN,
        "Net Income Common Stockholders": NaN,
        "Net Income": NaN,
        "Minority Interests": NaN,
        "Net Income Including Noncontrolling Interests": NaN,
        "Net Income Discontinuous Operations": 0.0,
        "Net Income Continuous Operations": NaN,
        "Tax Provision": NaN,
        "Pretax Income": NaN,
        "Other Income Expense": NaN,
        "Special Income Charges": NaN,
        "Other Special Charges": NaN,
        "Write Off": NaN,
        "Impairment Of Capital Assets": 77000.0,
        "Earnings From Equity Interest": NaN,
        "Gain On Sale Of Security": NaN,
        "Net Non Operating Interest Income Expense": NaN,
        "Total Other Finance Cost": NaN,
        "Interest Expense Non Operating": NaN,
        "Interest Income Non Operating": NaN,
        "Operating Income": NaN,
        "Operating Expense": NaN,
        "Other Operating Expenses": NaN,
        "Other Taxes": NaN,
        "Depreciation Amortization Depletion Income Statement": NaN,
        "Depreciation And Amortization In Income Statement": NaN,
        "Selling General And Administration": NaN,
        "Selling And Marketing Expense": NaN,
        "General And Administrative Expense": NaN,
        "Other Gand A": NaN,
        "Insurance And Claims": NaN,
        "Salaries And Wages": NaN,
        "Gross Profit": NaN,
        "Cost Of Revenue": NaN,
        "Total Revenue": NaN,
        "Operating Revenue": NaN
    },
    "2022-09-30": {
        "Tax Effect Of Unusual Items": NaN,
        "Tax Rate For Calcs": NaN,
        "Normalized EBITDA": NaN,
        "Total Unusual Items": NaN,
        "Total Unusual Items Excluding Goodwill": NaN,
        "Net Income From Continuing Operation Net Minority Interest": NaN,
        "Reconciled Depreciation": NaN,
        "Reconciled Cost Of Revenue": NaN,
        "EBITDA": NaN,
        "EBIT": NaN,
        "Net Interest Income": NaN,
        "Interest Expense": NaN,
        "Interest Income": NaN,
        "Normalized Income": NaN,
        "Net Income From Continuing And Discontinued Operation": NaN,
        "Total Expenses": NaN,
        "Total Operating Income As Reported": NaN,
        "Diluted Average Shares": NaN,
        "Basic Average Shares": NaN,
        "Diluted EPS": NaN,
        "Basic EPS": NaN,
        "Diluted NI Availto Com Stockholders": NaN,
        "Net Income Common Stockholders": NaN,
        "Net Income": NaN,
        "Minority Interests": NaN,
        "Net Income Including Noncontrolling Interests": NaN,
        "Net Income Discontinuous Operations": 0.0,
        "Net Income Continuous Operations": NaN,
        "Tax Provision": NaN,
        "Pretax Income": NaN,
        "Other Income Expense": NaN,
        "Special Income Charges": NaN,
        "Other Special Charges": NaN,
        "Write Off": NaN,
        "Impairment Of Capital Assets": 29000.0,
        "Earnings From Equity Interest": NaN,
        "Gain On Sale Of Security": NaN,
        "Net Non Operating Interest Income Expense": NaN,
        "Total Other Finance Cost": NaN,
        "Interest Expense Non Operating": NaN,
        "Interest Income Non Operating": NaN,
        "Operating Income": NaN,
        "Operating Expense": NaN,
        "Other Operating Expenses": NaN,
        "Other Taxes": NaN,
        "Depreciation Amortization Depletion Income Statement": NaN,
        "Depreciation And Amortization In Income Statement": NaN,
        "Selling General And Administration": NaN,
        "Selling And Marketing Expense": NaN,
        "General And Administrative Expense": NaN,
        "Other Gand A": NaN,
        "Insurance And Claims": NaN,
        "Salaries And Wages": NaN,
        "Gross Profit": NaN,
        "Cost Of Revenue": NaN,
        "Total Revenue": NaN,
        "Operating Revenue": NaN
    },
    "2022-06-30": {
        "Tax Effect Of Unusual Items": 24524800.0,
        "Tax Rate For Calcs": 0.4,
        "Normalized EBITDA": 90148000.0,
        "Total Unusual Items": 61312000.0,
        "Total Unusual Items Excluding Goodwill": 61312000.0,
        "Net Income From Continuing Operation Net Minority Interest": 69855000.0,
        "Reconciled Depreciation": 44513000.0,
        "Reconciled Cost Of Revenue": 192286000.0,
        "EBITDA": 151460000.0,
        "EBIT": 106947000.0,
        "Net Interest Income": -66372000.0,
        "Interest Expense": 49107000.0,
        "Interest Income": 14288000.0,
        "Normalized Income": 33067800.0,
        "Net Income From Continuing And Discontinued Operation": 69855000.0,
        "Total Expenses": 269463000.0,
        "Total Operating Income As Reported": 72088000.0,
        "Diluted Average Shares": 162453488.0,
        "Basic Average Shares": 162453488.0,
        "Diluted EPS": 0.43,
        "Basic EPS": 0.43,
        "Diluted NI Availto Com Stockholders": 69855000.0,
        "Net Income Common Stockholders": 69855000.0,
        "Net Income": 69855000.0,
        "Minority Interests": -1749000.0,
        "Net Income Including Noncontrolling Interests": 71604000.0,
        "Net Income Discontinuous Operations": 0.0,
        "Net Income Continuous Operations": 71604000.0,
        "Tax Provision": -13764000.0,
        "Pretax Income": 57840000.0,
        "Other Income Expense": 61019000.0,
        "Special Income Charges": 14012000.0,
        "Other Special Charges": -5117000.0,
        "Write Off": -8901000.0,
        "Impairment Of Capital Assets": 6000.0,
        "Earnings From Equity Interest": -293000.0,
        "Gain On Sale Of Security": 47300000.0,
        "Net Non Operating Interest Income Expense": -66372000.0,
        "Total Other Finance Cost": 31553000.0,
        "Interest Expense Non Operating": 49107000.0,
        "Interest Income Non Operating": 14288000.0,
        "Operating Income": 63193000.0,
        "Operating Expense": 34561000.0,
        "Other Operating Expenses": -2465000.0,
        "Other Taxes": 12661000.0,
        "Depreciation Amortization Depletion Income Statement": 1897000.0,
        "Depreciation And Amortization In Income Statement": 1897000.0,
        "Selling General And Administration": 22468000.0,
        "Selling And Marketing Expense": 12156000.0,
        "General And Administrative Expense": 10312000.0,
        "Other Gand A": 730000.0,
        "Insurance And Claims": 587000.0,
        "Salaries And Wages": 8995000.0,
        "Gross Profit": 97754000.0,
        "Cost Of Revenue": 234902000.0,
        "Total Revenue": 332656000.0,
        "Operating Revenue": 330810000.0
    },
    "2022-03-31": {
        "Diluted EPS": 0.16,
        "Total Revenue": 258,
        "Gross Profit": 80,
        "Operating Income": 52,
        "EBIT": 80,
        "Net Income": 26
    },
    "2021-12-31": {
        "Diluted EPS": -0.15,
        "Total Revenue": 247,
        "Gross Profit": 57,
        "Operating Income": 57,
        "EBIT": 75,
        "Net Income": -25
    },
    "2021-09-30": {
        "Diluted EPS": -0.09,
        "Total Revenue": 187,
        "Gross Profit": 29,
        "Operating Income": 3,
        "EBIT": 26,
        "Net Income": -15
    },
    "2021-06-30": {
        "Diluted EPS": -0.21,
        "Total Revenue": 135,
        "Gross Profit": -2,
        "Operating Income": -27,
        "EBIT": -1,
        "Net Income": -34
    },
    "2021-03-31": {
        "Diluted EPS": -0.28,
        "Total Revenue": 138,
        "Gross Profit": 0,
        "Operating Income": -27,
        "EBIT": -17,
        "Net Income": -44
    },
    "2020-12-31": {
        "Diluted EPS": -0.24,
        "Total Revenue": 125,
        "Gross Profit": -14,
        "Operating Income": 4,
        "EBIT": 20,
        "Net Income": -39
    },
    "2020-09-30": {
        "Diluted EPS": -0.9,
        "Total Revenue": 98,
        "Gross Profit": -45,
        "Operating Income": -123,
        "EBIT": -98,
        "Net Income": -143
    },
    "2020-06-30": {
        "Diluted EPS": -0.35,
        "Total Revenue": 82,
        "Gross Profit": -54,
        "Operating Income": -76,
        "EBIT": -53,
        "Net Income": -55
    },
    "2020-03-31": {
        "Diluted EPS": -0.09,
        "Total Revenue": 303,
        "Gross Profit": 67,
        "Operating Income": 31,
        "EBIT": 39,
        "Net Income": -15
    },
    "2019-12-31": {
        "Diluted EPS": -0.29,
        "Total Revenue": 368,
        "Gross Profit": 85,
        "Operating Income": 9,
        "EBIT": -42,
        "Net Income": -46
    },
    "2019-09-30": {
        "Diluted EPS": -0.15,
        "Total Revenue": 417,
        "Gross Profit": 114,
        "Operating Income": 62,
        "EBIT": 14,
        "Net Income": -25
    },
    "2019-06-30": {
        "Diluted EPS": 0.31,
        "Total Revenue": 413,
        "Gross Profit": 109,
        "Operating Income": 77,
        "EBIT": 19,
        "Net Income": 49
    },
    "2019-03-31": {
        "Diluted EPS": 0.19,
        "Total Revenue": 361,
        "Gross Profit": 112,
        "Operating Income": 77,
        "EBIT": 62,
        "Net Income": 30
    },
    "2018-12-31": {
        "Diluted EPS": 0.1,
        "Total Revenue": 290,
        "Gross Profit": 51,
        "Operating Income": 8,
        "EBIT": -18,
        "Net Income": 18
    },
    "2018-09-30": {
        "Diluted EPS": -0.09,
        "Total Revenue": 348,
        "Gross Profit": 120,
        "Operating Income": 87,
        "EBIT": 129,
        "Net Income": -15
    },
    "2018-06-30": {
        "Diluted EPS": -0.14,
        "Total Revenue": 397,
        "Gross Profit": 134,
        "Operating Income": 94,
        "EBIT": 57,
        "Net Income": -23
    },
    "2018-03-31": {
        "Diluted EPS": 0.17,
        "Total Revenue": 391,
        "Gross Profit": 150,
        "Operating Income": 110,
        "EBIT": 100,
        "Net Income": 26
    },
    "2017-12-31": {
        "Diluted EPS": -0.02,
        "Total Revenue": 417,
        "Gross Profit": 136,
        "Operating Income": 90,
        "EBIT": 43,
        "Net Income": -4
    },
    "2017-09-30": {
        "Diluted EPS": 0.13,
        "Total Revenue": 421,
        "Gross Profit": 149,
        "Operating Income": 104,
        "EBIT": 63,
        "Net Income": 19
    },
    "2017-06-30": {
        "Diluted EPS": 0.11,
        "Total Revenue": 384,
        "Gross Profit": 126,
        "Operating Income": 80,
        "EBIT": 53,
        "Net Income": 16
    },
    "2017-03-31": {
        "Diluted EPS": 0.22,
        "Total Revenue": 354,
        "Gross Profit": 134,
        "Operating Income": 95,
        "EBIT": 92,
        "Net Income": 32
    },
    "2016-12-31": {
        "Diluted EPS": 0.0,
        "Total Revenue": NaN,
        "Gross Profit": NaN,
        "Operating Income": NaN,
        "EBIT": NaN,
        "Net Income": NaN
    },
    "2015-12-31": {
        "Diluted EPS": 0.0,
        "Total Revenue": NaN,
        "Gross Profit": NaN,
        "Operating Income": NaN,
        "EBIT": NaN,
        "Net Income": NaN
    },
    "2023-06-30": {
        "Tax Effect Of Unusual Items": 1736350.0,
        "Tax Rate For Calcs": 0.35,
        "Normalized EBITDA": 147640000.0,
        "Total Unusual Items": 4961000.0,
        "Total Unusual Items Excluding Goodwill": 4961000.0,
        "Net Income From Continuing Operation Net Minority Interest": 69775000.0,
        "Reconciled Depreciation": 46231000.0,
        "Reconciled Cost Of Revenue": 235285000.0,
        "EBITDA": 152601000.0,
        "EBIT": 106370000.0,
        "Net Interest Income": -33604000.0,
        "Interest Expense": 27190000.0,
        "Interest Income": 14787000.0,
        "Normalized Income": 66550350.0,
        "Net Income From Continuing And Discontinued Operation": 69775000.0,
        "Total Expenses": 314807000.0,
        "Total Operating Income As Reported": 110442000.0,
        "Diluted Average Shares": 162267442.0,
        "Basic Average Shares": 162267442.0,
        "Diluted EPS": 0.43,
        "Basic EPS": 0.43,
        "Diluted NI Availto Com Stockholders": 69775000.0,
        "Net Income Common Stockholders": 69775000.0,
        "Net Income": 69775000.0,
        "Minority Interests": -11046000.0,
        "Net Income Including Noncontrolling Interests": 80821000.0,
        "Net Income Discontinuous Operations": NaN,
        "Net Income Continuous Operations": 80821000.0,
        "Tax Provision": -1641000.0,
        "Pretax Income": 79180000.0,
        "Other Income Expense": 4873000.0,
        "Special Income Charges": -8279000.0,
        "Other Special Charges": 7260000.0,
        "Write Off": 1019000.0,
        "Impairment Of Capital Assets": NaN,
        "Earnings From Equity Interest": -88000.0,
        "Gain On Sale Of Security": 13240000.0,
        "Net Non Operating Interest Income Expense": -33604000.0,
        "Total Other Finance Cost": 21201000.0,
        "Interest Expense Non Operating": 27190000.0,
        "Interest Income Non Operating": 14787000.0,
        "Operating Income": 107911000.0,
        "Operating Expense": 34834000.0,
        "Other Operating Expenses": -3698000.0,
        "Other Taxes": 12725000.0,
        "Depreciation Amortization Depletion Income Statement": 1543000.0,
        "Depreciation And Amortization In Income Statement": 1543000.0,
        "Selling General And Administration": 24264000.0,
        "Selling And Marketing Expense": 2601000.0,
        "General And Administrative Expense": 21663000.0,
        "Other Gand A": 10867000.0,
        "Insurance And Claims": 722000.0,
        "Salaries And Wages": 10074000.0,
        "Gross Profit": 142745000.0,
        "Cost Of Revenue": 279973000.0,
        "Total Revenue": 422718000.0,
        "Operating Revenue": 421371000.0
    },
    "2023-09-30": {
        "Tax Effect Of Unusual Items": -9564785.033077,
        "Tax Rate For Calcs": 0.259913,
        "Normalized EBITDA": 178629000.0,
        "Total Unusual Items": -36800000.0,
        "Total Unusual Items Excluding Goodwill": -36800000.0,
        "Net Income From Continuing Operation Net Minority Interest": 46482000.0,
        "Reconciled Depreciation": 46130000.0,
        "Reconciled Cost Of Revenue": 250048000.0,
        "EBITDA": 141829000.0,
        "EBIT": 95699000.0,
        "Net Interest Income": -24181000.0,
        "Interest Expense": 24502000.0,
        "Interest Income": 22694000.0,
        "Normalized Income": 73717214.966923,
        "Net Income From Continuing And Discontinued Operation": 46482000.0,
        "Total Expenses": 337364000.0,
        "Total Operating Income As Reported": 131657000.0,
        "Diluted Average Shares": 160282759.0,
        "Basic Average Shares": 160282759.0,
        "Diluted EPS": 0.29,
        "Basic EPS": 0.29,
        "Diluted NI Availto Com Stockholders": 46482000.0,
        "Net Income Common Stockholders": 46482000.0,
        "Net Income": 46482000.0,
        "Minority Interests": -6210000.0,
        "Net Income Including Noncontrolling Interests": 52692000.0,
        "Net Income Discontinuous Operations": NaN,
        "Net Income Continuous Operations": 52692000.0,
        "Tax Provision": 18505000.0,
        "Pretax Income": 71197000.0,
        "Other Income Expense": -36801000.0,
        "Special Income Charges": -19696000.0,
        "Other Special Charges": 18998000.0,
        "Write Off": 698000.0,
        "Impairment Of Capital Assets": NaN,
        "Earnings From Equity Interest": -1000.0,
        "Gain On Sale Of Security": -17104000.0,
        "Net Non Operating Interest Income Expense": -24181000.0,
        "Total Other Finance Cost": 22373000.0,
        "Interest Expense Non Operating": 24502000.0,
        "Interest Income Non Operating": 22694000.0,
        "Operating Income": 132179000.0,
        "Operating Expense": 42803000.0,
        "Other Operating Expenses": 2493000.0,
        "Other Taxes": 13692000.0,
        "Depreciation Amortization Depletion Income Statement": 1617000.0,
        "Depreciation And Amortization In Income Statement": 1617000.0,
        "Selling General And Administration": 25001000.0,
        "Selling And Marketing Expense": 13176000.0,
        "General And Administrative Expense": 11825000.0,
        "Other Gand A": 1513000.0,
        "Insurance And Claims": 710000.0,
        "Salaries And Wages": 9602000.0,
        "Gross Profit": 174982000.0,
        "Cost Of Revenue": 294561000.0,
        "Total Revenue": 469543000.0,
        "Operating Revenue": 467659000.0
    },
    "2023-12-31": {
        "Tax Effect Of Unusual Items": -19045600.0,
        "Tax Rate For Calcs": 0.35,
        "Normalized EBITDA": 75236000.0,
        "Total Unusual Items": -54416000.0,
        "Total Unusual Items Excluding Goodwill": -54416000.0,
        "Net Income From Continuing Operation Net Minority Interest": 91946000.0,
        "Reconciled Depreciation": 15439000.0,
        "Reconciled Cost Of Revenue": 81745000.0,
        "EBITDA": 20820000.0,
        "EBIT": 5381000.0,
        "Net Interest Income": -37243000.0,
        "Interest Expense": 14786000.0,
        "Interest Income": 4550000.0,
        "Normalized Income": 127316400.0,
        "Net Income From Continuing And Discontinued Operation": 91946000.0,
        "Total Expenses": 51211000.0,
        "Total Operating Income As Reported": 196635000.0,
        "Diluted Average Shares": 161413580.0,
        "Basic Average Shares": 161413580.0,
        "Diluted EPS": 0.81,
        "Basic EPS": 0.81,
        "Diluted NI Availto Com Stockholders": 91946000.0,
        "Net Income Common Stockholders": 91946000.0,
        "Net Income": 91946000.0,
        "Minority Interests": 22610000.0,
        "Net Income Including Noncontrolling Interests": 69336000.0,
        "Net Income Discontinuous Operations": NaN,
        "Net Income Continuous Operations": 69336000.0,
        "Tax Provision": -78741000.0,
        "Pretax Income": -9405000.0,
        "Other Income Expense": -47218000.0,
        "Special Income Charges": 114028000.0,
        "Other Special Charges": -10234000.0,
        "Write Off": -103794000.0,
        "Impairment Of Capital Assets": NaN,
        "Earnings From Equity Interest": 7198000.0,
        "Gain On Sale Of Security": -168444000.0,
        "Net Non Operating Interest Income Expense": -37243000.0,
        "Total Other Finance Cost": 27007000.0,
        "Interest Expense Non Operating": 14786000.0,
        "Interest Income Non Operating": 4550000.0,
        "Operating Income": 75056000.0,
        "Operating Expense": -44445000.0,
        "Other Operating Expenses": -62323000.0,
        "Other Taxes": -1895000.0,
        "Depreciation Amortization Depletion Income Statement": 1528000.0,
        "Depreciation And Amortization In Income Statement": 1528000.0,
        "Selling General And Administration": 18245000.0,
        "Selling And Marketing Expense": -27004000.0,
        "General And Administrative Expense": 45249000.0,
        "Other Gand A": 40076000.0,
        "Insurance And Claims": 717000.0,
        "Salaries And Wages": 4456000.0,
        "Gross Profit": 30611000.0,
        "Cost Of Revenue": 95656000.0,
        "Total Revenue": 126267000.0,
        "Operating Revenue": 124959000.0
    },
    "2024-03-31": {
        "Tax Effect Of Unusual Items": 78017830.404483,
        "Tax Rate For Calcs": 0.395391,
        "Normalized EBITDA": 160277000.0,
        "Total Unusual Items": 197318000.0,
        "Total Unusual Items Excluding Goodwill": 197318000.0,
        "Net Income From Continuing Operation Net Minority Interest": 152670000.0,
        "Reconciled Depreciation": 44946000.0,
        "Reconciled Cost Of Revenue": 224268000.0,
        "EBITDA": 357595000.0,
        "EBIT": 312649000.0,
        "Net Interest Income": -37628000.0,
        "Interest Expense": 27099000.0,
        "Interest Income": 17028000.0,
        "Normalized Income": 33369830.404483,
        "Net Income From Continuing And Discontinued Operation": 152670000.0,
        "Total Expenses": 306976000.0,
        "Total Operating Income As Reported": 124802000.0,
        "Diluted Average Shares": 160705263.0,
        "Basic Average Shares": 160705263.0,
        "Diluted EPS": 0.95,
        "Basic EPS": 0.95,
        "Diluted NI Availto Com Stockholders": 152670000.0,
        "Net Income Common Stockholders": 152670000.0,
        "Net Income": 152670000.0,
        "Minority Interests": -19976000.0,
        "Net Income Including Noncontrolling Interests": 172646000.0,
        "Net Income Discontinuous Operations": NaN,
        "Net Income Continuous Operations": 172646000.0,
        "Tax Provision": 112904000.0,
        "Pretax Income": 285550000.0,
        "Other Income Expense": 197107000.0,
        "Special Income Charges": -14855000.0,
        "Other Special Charges": 13586000.0,
        "Write Off": 1269000.0,
        "Impairment Of Capital Assets": NaN,
        "Earnings From Equity Interest": -211000.0,
        "Gain On Sale Of Security": 212173000.0,
        "Net Non Operating Interest Income Expense": -37628000.0,
        "Total Other Finance Cost": 27557000.0,
        "Interest Expense Non Operating": 27099000.0,
        "Interest Income Non Operating": 17028000.0,
        "Operating Income": 126071000.0,
        "Operating Expense": 39494000.0,
        "Other Operating Expenses": -2850000.0,
        "Other Taxes": 14489000.0,
        "Depreciation Amortization Depletion Income Statement": 1732000.0,
        "Depreciation And Amortization In Income Statement": 1732000.0,
        "Selling General And Administration": 26123000.0,
        "Selling And Marketing Expense": 632000.0,
        "General And Administrative Expense": 25491000.0,
        "Other Gand A": 14328000.0,
        "Insurance And Claims": 823000.0,
        "Salaries And Wages": 10340000.0,
        "Gross Profit": 165565000.0,
        "Cost Of Revenue": 267482000.0,
        "Total Revenue": 433047000.0,
        "Operating Revenue": 431251000.0
    },
    "2024-06-30": {
        "Tax Effect Of Unusual Items": 13494950.0,
        "Tax Rate For Calcs": 0.35,
        "Normalized EBITDA": 138205000.0,
        "Total Unusual Items": 38557000.0,
        "Total Unusual Items Excluding Goodwill": 38557000.0,
        "Net Income From Continuing Operation Net Minority Interest": 50226000.0,
        "Reconciled Depreciation": 51259000.0,
        "Reconciled Cost Of Revenue": 236572000.0,
        "EBITDA": 176762000.0,
        "EBIT": 125503000.0,
        "Net Interest Income": -32081000.0,
        "Interest Expense": 25397000.0,
        "Interest Income": 12782000.0,
        "Normalized Income": 25163950.0,
        "Net Income From Continuing And Discontinued Operation": 50226000.0,
        "Total Expenses": 322571000.0,
        "Total Operating Income As Reported": 92866000.0,
        "Diluted Average Shares": 162019355.0,
        "Basic Average Shares": 162019355.0,
        "Diluted EPS": 0.31,
        "Basic EPS": 0.31,
        "Diluted NI Availto Com Stockholders": 50226000.0,
        "Net Income Common Stockholders": 50226000.0,
        "Net Income": 50226000.0,
        "Minority Interests": -4251000.0,
        "Net Income Including Noncontrolling Interests": 54477000.0,
        "Net Income Discontinuous Operations": NaN,
        "Net Income Continuous Operations": 54477000.0,
        "Tax Provision": 45629000.0,
        "Pretax Income": 100106000.0,
        "Other Income Expense": 38510000.0,
        "Special Income Charges": -2383000.0,
        "Other Special Charges": 1572000.0,
        "Write Off": 811000.0,
        "Impairment Of Capital Assets": NaN,
        "Earnings From Equity Interest": -47000.0,
        "Gain On Sale Of Security": 40940000.0,
        "Net Non Operating Interest Income Expense": -32081000.0,
        "Total Other Finance Cost": 19466000.0,
        "Interest Expense Non Operating": 25397000.0,
        "Interest Income Non Operating": 12782000.0,
        "Operating Income": 93677000.0,
        "Operating Expense": 36497000.0,
        "Other Operating Expenses": -5748000.0,
        "Other Taxes": 12868000.0,
        "Depreciation Amortization Depletion Income Statement": 1757000.0,
        "Depreciation And Amortization In Income Statement": 1757000.0,
        "Selling General And Administration": 27620000.0,
        "Selling And Marketing Expense": 4200000.0,
        "General And Administrative Expense": 23420000.0,
        "Other Gand A": 12852000.0,
        "Insurance And Claims": 610000.0,
        "Salaries And Wages": 9958000.0,
        "Gross Profit": 130174000.0,
        "Cost Of Revenue": 286074000.0,
        "Total Revenue": 416248000.0,
        "Operating Revenue": 415245000.0
    }
}