{
    "2023-03-31": {
        "Tax Effect Of Unusual Items": -54622.157434,
        "Tax Rate For Calcs": 0.096676,
        "Normalized EBITDA": 14245000.0,
        "Total Unusual Items": -565000.0,
        "Total Unusual Items Excluding Goodwill": -565000.0,
        "Net Income From Continuing Operation Net Minority Interest": 6820000.0,
        "Reconciled Depreciation": 4856000.0,
        "Reconciled Cost Of Revenue": 120625000.0,
        "EBITDA": 13680000.0,
        "EBIT": 8824000.0,
        "Net Interest Income": -106000.0,
        "Interest Expense": 249000.0,
        "Interest Income": 219000.0,
        "Normalized Income": 7330377.842566,
        "Net Income From Continuing And Discontinued Operation": 6820000.0,
        "Total Expenses": 134499000.0,
        "Total Operating Income As Reported": 7744000.0,
        "Diluted Average Shares": 30193082.0,
        "Basic Average Shares": 30185702.0,
        "Diluted EPS": 0.23,
        "Basic EPS": 0.23,
        "Diluted NI Availto Com Stockholders": 6820000.0,
        "Net Income Common Stockholders": 6820000.0,
        "Net Income": 6820000.0,
        "Minority Interests": -1063000.0,
        "Net Income Including Noncontrolling Interests": 7883000.0,
        "Net Income Continuous Operations": 7883000.0,
        "Earnings From Equity Interest Net Of Tax": 137000.0,
        "Tax Provision": 829000.0,
        "Pretax Income": 8575000.0,
        "Other Income Expense": 937000.0,
        "Other Non Operating Income Expenses": 1502000.0,
        "Gain On Sale Of Security": -565000.0,
        "Net Non Operating Interest Income Expense": -106000.0,
        "Total Other Finance Cost": 76000.0,
        "Interest Expense Non Operating": 249000.0,
        "Interest Income Non Operating": 219000.0,
        "Operating Income": 7744000.0,
        "Operating Expense": 13874000.0,
        "Other Operating Expenses": -653000.0,
        "Research And Development": 6390000.0,
        "Selling General And Administration": 8137000.0,
        "Selling And Marketing Expense": 3384000.0,
        "General And Administrative Expense": 4753000.0,
        "Other Gand A": 4753000.0,
        "Gross Profit": 21618000.0,
        "Cost Of Revenue": 120625000.0,
        "Total Revenue": 142243000.0,
        "Operating Revenue": 142243000.0
    },
    "2022-12-31": {
        "Tax Effect Of Unusual Items": 799250.0,
        "Tax Rate For Calcs": 0.25,
        "Normalized EBITDA": 2126000.0,
        "Total Unusual Items": 3197000.0,
        "Total Unusual Items Excluding Goodwill": 3197000.0,
        "Net Income From Continuing Operation Net Minority Interest": 4342000.0,
        "Reconciled Depreciation": 7771000.0,
        "Reconciled Cost Of Revenue": 103756000.0,
        "EBITDA": 5323000.0,
        "EBIT": -2448000.0,
        "Net Interest Income": -4000.0,
        "Interest Expense": 294000.0,
        "Interest Income": 344000.0,
        "Normalized Income": 1944250.0,
        "Net Income From Continuing And Discontinued Operation": 4342000.0,
        "Total Expenses": 131351000.0,
        "Total Operating Income As Reported": -2598000.0,
        "Diluted Average Shares": 30225447.0,
        "Basic Average Shares": 30221400.0,
        "Diluted EPS": 0.14,
        "Basic EPS": 0.14,
        "Diluted NI Availto Com Stockholders": 4342000.0,
        "Net Income Common Stockholders": 4342000.0,
        "Net Income": 4342000.0,
        "Minority Interests": 90000.0,
        "Net Income Including Noncontrolling Interests": 4252000.0,
        "Net Income Continuous Operations": 4252000.0,
        "Earnings From Equity Interest Net Of Tax": 5063000.0,
        "Tax Provision": -1931000.0,
        "Pretax Income": -2742000.0,
        "Other Income Expense": -174000.0,
        "Other Non Operating Income Expenses": -3371000.0,
        "Gain On Sale Of Security": 3057000.0,
        "Net Non Operating Interest Income Expense": -4000.0,
        "Total Other Finance Cost": 54000.0,
        "Interest Expense Non Operating": 294000.0,
        "Interest Income Non Operating": 344000.0,
        "Operating Income": -2564000.0,
        "Operating Expense": 27595000.0,
        "Other Operating Expenses": 2779000.0,
        "Research And Development": 10636000.0,
        "Selling General And Administration": 6688000.0,
        "Selling And Marketing Expense": 4552000.0,
        "General And Administrative Expense": 2136000.0,
        "Other Gand A": -10133000.0,
        "Gross Profit": 25031000.0,
        "Cost Of Revenue": 103756000.0,
        "Total Revenue": 128787000.0,
        "Operating Revenue": 128787000.0
    },
    "2022-09-30": {
        "Tax Effect Of Unusual Items": 400044.668732,
        "Tax Rate For Calcs": 0.089837,
        "Normalized EBITDA": 11328000.0,
        "Total Unusual Items": 4453000.0,
        "Total Unusual Items Excluding Goodwill": 4453000.0,
        "Net Income From Continuing Operation Net Minority Interest": 7470000.0,
        "Reconciled Depreciation": 5390000.0,
        "Reconciled Cost Of Revenue": 116289000.0,
        "EBITDA": 15781000.0,
        "EBIT": 10391000.0,
        "Net Interest Income": -77000.0,
        "Interest Expense": 384000.0,
        "Interest Income": 340000.0,
        "Normalized Income": 3417044.668732,
        "Net Income From Continuing And Discontinued Operation": 7470000.0,
        "Total Expenses": 132320000.0,
        "Total Operating Income As Reported": 4887000.0,
        "Diluted Average Shares": 30640260.0,
        "Basic Average Shares": 30637876.0,
        "Diluted EPS": 0.24,
        "Basic EPS": 0.24,
        "Diluted NI Availto Com Stockholders": 7470000.0,
        "Net Income Common Stockholders": 7470000.0,
        "Net Income": 7470000.0,
        "Minority Interests": -537000.0,
        "Net Income Including Noncontrolling Interests": 8007000.0,
        "Net Income Continuous Operations": 8007000.0,
        "Earnings From Equity Interest Net Of Tax": -1101000.0,
        "Tax Provision": 899000.0,
        "Pretax Income": 10007000.0,
        "Other Income Expense": 5197000.0,
        "Other Non Operating Income Expenses": 744000.0,
        "Gain On Sale Of Security": 4453000.0,
        "Net Non Operating Interest Income Expense": -77000.0,
        "Total Other Finance Cost": 33000.0,
        "Interest Expense Non Operating": 384000.0,
        "Interest Income Non Operating": 340000.0,
        "Operating Income": 4887000.0,
        "Operating Expense": 16031000.0,
        "Other Operating Expenses": -2290000.0,
        "Research And Development": 9450000.0,
        "Selling General And Administration": 8871000.0,
        "Selling And Marketing Expense": 3978000.0,
        "General And Administrative Expense": 4893000.0,
        "Other Gand A": 4893000.0,
        "Gross Profit": 20918000.0,
        "Cost Of Revenue": 116289000.0,
        "Total Revenue": 137207000.0,
        "Operating Revenue": 137207000.0
    },
    "2022-06-30": {
        "Tax Effect Of Unusual Items": 0.0,
        "Tax Rate For Calcs": 0.259177,
        "Normalized EBITDA": 18352000.0,
        "Total Unusual Items": 2325000.0,
        "Total Unusual Items Excluding Goodwill": 2325000.0,
        "Net Income From Continuing Operation Net Minority Interest": 9428000.0,
        "Reconciled Depreciation": 5805000.0,
        "Reconciled Cost Of Revenue": 104450000.0,
        "EBITDA": 18352000.0,
        "EBIT": 12547000.0,
        "Net Interest Income": 2173000.0,
        "Interest Expense": 370000.0,
        "Interest Income": NaN,
        "Normalized Income": 9428000.0,
        "Net Income From Continuing And Discontinued Operation": 9428000.0,
        "Total Expenses": 119961000.0,
        "Total Operating Income As Reported": 7200000.0,
        "Diluted Average Shares": 30849009.0,
        "Basic Average Shares": 30847706.0,
        "Diluted EPS": 0.31,
        "Basic EPS": 0.31,
        "Diluted NI Availto Com Stockholders": 9428000.0,
        "Net Income Common Stockholders": 9428000.0,
        "Net Income": 9428000.0,
        "Minority Interests": -507000.0,
        "Net Income Including Noncontrolling Interests": 9935000.0,
        "Net Income Continuous Operations": 9935000.0,
        "Earnings From Equity Interest Net Of Tax": 914000.0,
        "Tax Provision": 3156000.0,
        "Pretax Income": 12177000.0,
        "Other Income Expense": 2804000.0,
        "Other Non Operating Income Expenses": 2804000.0,
        "Gain On Sale Of Security": 2325000.0,
        "Net Non Operating Interest Income Expense": 2173000.0,
        "Total Other Finance Cost": 94000.0,
        "Interest Expense Non Operating": 370000.0,
        "Interest Income Non Operating": 2543000.0,
        "Operating Income": 7200000.0,
        "Operating Expense": 15511000.0,
        "Other Operating Expenses": -2105000.0,
        "Research And Development": 7886000.0,
        "Selling General And Administration": 9730000.0,
        "Selling And Marketing Expense": 4068000.0,
        "General And Administrative Expense": 5662000.0,
        "Other Gand A": 5662000.0,
        "Gross Profit": 22711000.0,
        "Cost Of Revenue": 104450000.0,
        "Total Revenue": 127161000.0,
        "Operating Revenue": 127161000.0
    },
    "2022-03-31": {
        "Diluted EPS": 0.0,
        "Total Revenue": 136,
        "Gross Profit": 15,
        "Operating Income": -2,
        "EBIT": 5,
        "Net Income": 0
    },
    "2021-12-31": {
        "Diluted EPS": 0.17,
        "Total Revenue": 139,
        "Gross Profit": 20,
        "Operating Income": 1,
        "EBIT": 8,
        "Net Income": 5
    },
    "2021-09-30": {
        "Diluted EPS": -0.01,
        "Total Revenue": 108,
        "Gross Profit": 17,
        "Operating Income": 1,
        "EBIT": 7,
        "Net Income": 0
    },
    "2021-06-30": {
        "Diluted EPS": 0.1,
        "Total Revenue": 121,
        "Gross Profit": 16,
        "Operating Income": 0,
        "EBIT": 7,
        "Net Income": 3
    },
    "2021-03-31": {
        "Diluted EPS": 0.1,
        "Total Revenue": 130,
        "Gross Profit": 20,
        "Operating Income": 4,
        "EBIT": 11,
        "Net Income": 3
    },
    "2020-12-31": {
        "Diluted EPS": -0.11,
        "Total Revenue": 146,
        "Gross Profit": 23,
        "Operating Income": -4,
        "EBIT": 2,
        "Net Income": -3
    },
    "2020-09-30": {
        "Diluted EPS": 0.08,
        "Total Revenue": 114,
        "Gross Profit": 14,
        "Operating Income": 0,
        "EBIT": 5,
        "Net Income": 2
    },
    "2020-06-30": {
        "Diluted EPS": -0.13,
        "Total Revenue": 83,
        "Gross Profit": 8,
        "Operating Income": -5,
        "EBIT": 0,
        "Net Income": -4
    },
    "2020-03-31": {
        "Diluted EPS": -0.0,
        "Total Revenue": 74,
        "Gross Profit": 11,
        "Operating Income": 1,
        "EBIT": 6,
        "Net Income": 0
    },
    "2019-12-31": {
        "Diluted EPS": 0.05,
        "Total Revenue": 116,
        "Gross Profit": 17,
        "Operating Income": -2,
        "EBIT": 3,
        "Net Income": 2
    },
    "2019-09-30": {
        "Diluted EPS": 0.14,
        "Total Revenue": 101,
        "Gross Profit": 17,
        "Operating Income": 4,
        "EBIT": 8,
        "Net Income": 4
    },
    "2019-06-30": {
        "Diluted EPS": 0.08,
        "Total Revenue": 106,
        "Gross Profit": 15,
        "Operating Income": 3,
        "EBIT": 8,
        "Net Income": 2
    },
    "2019-03-31": {
        "Diluted EPS": 0.05,
        "Total Revenue": 109,
        "Gross Profit": 14,
        "Operating Income": 1,
        "EBIT": 5,
        "Net Income": 1
    },
    "2018-12-31": {
        "Diluted EPS": -0.1,
        "Total Revenue": 124,
        "Gross Profit": 11,
        "Operating Income": -10,
        "EBIT": -7,
        "Net Income": -3
    },
    "2018-09-30": {
        "Diluted EPS": 0.01,
        "Total Revenue": 112,
        "Gross Profit": 15,
        "Operating Income": 2,
        "EBIT": 7,
        "Net Income": 0
    },
    "2018-06-30": {
        "Diluted EPS": 0.03,
        "Total Revenue": 126,
        "Gross Profit": 17,
        "Operating Income": 1,
        "EBIT": 5,
        "Net Income": 1
    },
    "2018-03-31": {
        "Diluted EPS": 0.14,
        "Total Revenue": 134,
        "Gross Profit": 22,
        "Operating Income": 5,
        "EBIT": 9,
        "Net Income": 4
    },
    "2017-12-31": {
        "Diluted EPS": -1.23,
        "Total Revenue": 144,
        "Gross Profit": 16,
        "Operating Income": -4,
        "EBIT": 0,
        "Net Income": -39
    },
    "2017-09-30": {
        "Diluted EPS": 0.16,
        "Total Revenue": 118,
        "Gross Profit": 22,
        "Operating Income": 5,
        "EBIT": 8,
        "Net Income": 5
    },
    "2017-06-30": {
        "Diluted EPS": 0.28,
        "Total Revenue": 118,
        "Gross Profit": 24,
        "Operating Income": 11,
        "EBIT": 15,
        "Net Income": 9
    },
    "2017-03-31": {
        "Diluted EPS": 0.18,
        "Total Revenue": 119,
        "Gross Profit": 22,
        "Operating Income": 7,
        "EBIT": 11,
        "Net Income": 6
    },
    "2016-12-31": {
        "Diluted EPS": 0.17,
        "Total Revenue": 150,
        "Gross Profit": 22,
        "Operating Income": 5,
        "EBIT": 8,
        "Net Income": 6
    },
    "2016-09-30": {
        "Diluted EPS": 0.18,
        "Total Revenue": 95,
        "Gross Profit": 20,
        "Operating Income": 6,
        "EBIT": 9,
        "Net Income": 6
    },
    "2016-06-30": {
        "Diluted EPS": 0.17,
        "Total Revenue": 101,
        "Gross Profit": 18,
        "Operating Income": 5,
        "EBIT": 9,
        "Net Income": 5
    },
    "2016-03-31": {
        "Diluted EPS": 0.18,
        "Total Revenue": 117,
        "Gross Profit": 21,
        "Operating Income": 7,
        "EBIT": 11,
        "Net Income": 6
    },
    "2015-12-31": {
        "Diluted EPS": 0.22,
        "Total Revenue": 120,
        "Gross Profit": 20,
        "Operating Income": 7,
        "EBIT": 11,
        "Net Income": 7
    },
    "2015-09-30": {
        "Diluted EPS": 0.13,
        "Total Revenue": 91,
        "Gross Profit": 16,
        "Operating Income": 5,
        "EBIT": 9,
        "Net Income": 4
    },
    "2015-06-30": {
        "Diluted EPS": 0.24,
        "Total Revenue": 109,
        "Gross Profit": 22,
        "Operating Income": 8,
        "EBIT": 12,
        "Net Income": 8
    },
    "2015-03-31": {
        "Diluted EPS": 0.26,
        "Total Revenue": 123,
        "Gross Profit": 22,
        "Operating Income": 9,
        "EBIT": 13,
        "Net Income": 9
    },
    "2014-12-31": {
        "Diluted EPS": 0.28,
        "Total Revenue": 135,
        "Gross Profit": 24,
        "Operating Income": 9,
        "EBIT": 13,
        "Net Income": 9
    },
    "2014-09-30": {
        "Diluted EPS": 0.24,
        "Total Revenue": 102,
        "Gross Profit": 21,
        "Operating Income": 9,
        "EBIT": 13,
        "Net Income": 7
    },
    "2014-06-30": {
        "Diluted EPS": 0.39,
        "Total Revenue": 115,
        "Gross Profit": 22,
        "Operating Income": 17,
        "EBIT": 21,
        "Net Income": 11
    },
    "2014-03-31": {
        "Diluted EPS": 0.24,
        "Total Revenue": 114,
        "Gross Profit": 21,
        "Operating Income": 10,
        "EBIT": 13,
        "Net Income": 7
    },
    "2013-12-31": {
        "Diluted EPS": 0.25,
        "Total Revenue": 129,
        "Gross Profit": 22,
        "Operating Income": 9,
        "EBIT": 12,
        "Net Income": 7
    },
    "2013-09-30": {
        "Diluted EPS": 0.31,
        "Total Revenue": 91,
        "Gross Profit": 17,
        "Operating Income": 11,
        "EBIT": 15,
        "Net Income": 9
    },
    "2013-06-30": {
        "Diluted EPS": 0.18,
        "Total Revenue": 98,
        "Gross Profit": 18,
        "Operating Income": 8,
        "EBIT": 12,
        "Net Income": 5
    },
    "2013-03-31": {
        "Diluted EPS": 0.21,
        "Total Revenue": 97,
        "Gross Profit": 19,
        "Operating Income": 9,
        "EBIT": 13,
        "Net Income": 6
    },
    "2012-12-31": {
        "Diluted EPS": 0.32,
        "Total Revenue": 102,
        "Gross Profit": 17,
        "Operating Income": 7,
        "EBIT": 11,
        "Net Income": 5
    },
    "2012-09-30": {
        "Diluted EPS": 0.12,
        "Total Revenue": 73,
        "Gross Profit": 13,
        "Operating Income": 5,
        "EBIT": 9,
        "Net Income": 3
    },
    "2012-06-30": {
        "Diluted EPS": 0.29,
        "Total Revenue": 80,
        "Gross Profit": 16,
        "Operating Income": 9,
        "EBIT": 12,
        "Net Income": 12
    },
    "2012-03-31": {
        "Diluted EPS": -0.03,
        "Total Revenue": 81,
        "Gross Profit": 15,
        "Operating Income": 6,
        "EBIT": 10,
        "Net Income": -1
    },
    "2011-12-31": {
        "Diluted EPS": 0.22,
        "Total Revenue": 90,
        "Gross Profit": 17,
        "Operating Income": 7,
        "EBIT": 10,
        "Net Income": 6
    },
    "2011-09-30": {
        "Diluted EPS": 0.1,
        "Total Revenue": 71,
        "Gross Profit": 13,
        "Operating Income": 5,
        "EBIT": 9,
        "Net Income": 9
    },
    "2011-06-30": {
        "Diluted EPS": 0.14,
        "Total Revenue": 78,
        "Gross Profit": 14,
        "Operating Income": 7,
        "EBIT": 10,
        "Net Income": 4
    },
    "2011-03-31": {
        "Diluted EPS": 0.23,
        "Total Revenue": 91,
        "Gross Profit": 20,
        "Operating Income": 12,
        "EBIT": 15,
        "Net Income": 17
    },
    "2010-12-31": {
        "Diluted EPS": 0.71,
        "Total Revenue": 101,
        "Gross Profit": 20,
        "Operating Income": 12,
        "EBIT": 15,
        "Net Income": 11
    },
    "2010-09-30": {
        "Diluted EPS": 0.26,
        "Total Revenue": 76,
        "Gross Profit": 18,
        "Operating Income": 12,
        "EBIT": 14,
        "Net Income": 14
    },
    "2010-06-30": {
        "Diluted EPS": 0.28,
        "Total Revenue": 85,
        "Gross Profit": 20,
        "Operating Income": 14,
        "EBIT": 16,
        "Net Income": 24
    },
    "2010-03-31": {
        "Diluted EPS": -0.15,
        "Total Revenue": 84,
        "Gross Profit": 23,
        "Operating Income": 16,
        "EBIT": 18,
        "Net Income": -4
    },
    "2009-12-31": {
        "Diluted EPS": -1.55,
        "Total Revenue": 84,
        "Gross Profit": 19,
        "Operating Income": 9,
        "EBIT": 15,
        "Net Income": -43
    },
    "2009-09-30": {
        "Diluted EPS": 0.28,
        "Total Revenue": 65,
        "Gross Profit": 15,
        "Operating Income": 10,
        "EBIT": 12,
        "Net Income": 9
    },
    "2009-06-30": {
        "Diluted EPS": 0.21,
        "Total Revenue": 62,
        "Gross Profit": 16,
        "Operating Income": 12,
        "EBIT": 14,
        "Net Income": 6
    },
    "2009-03-31": {
        "Diluted EPS": 0.08,
        "Total Revenue": 45,
        "Gross Profit": 11,
        "Operating Income": 7,
        "EBIT": 9,
        "Net Income": 2
    },
    "2023-06-30": {
        "Tax Effect Of Unusual Items": 406410.521616,
        "Tax Rate For Calcs": 0.110648,
        "Normalized EBITDA": 14714000.0,
        "Total Unusual Items": 3673000.0,
        "Total Unusual Items Excluding Goodwill": 3673000.0,
        "Net Income From Continuing Operation Net Minority Interest": 10466000.0,
        "Reconciled Depreciation": 4672000.0,
        "Reconciled Cost Of Revenue": 114692000.0,
        "EBITDA": 18387000.0,
        "EBIT": 13715000.0,
        "Net Interest Income": 14000.0,
        "Interest Expense": 276000.0,
        "Interest Income": 346000.0,
        "Normalized Income": 7199410.521616,
        "Net Income From Continuing And Discontinued Operation": 10466000.0,
        "Total Expenses": 130363000.0,
        "Total Operating Income As Reported": 7789000.0,
        "Diluted Average Shares": 30189537.0,
        "Basic Average Shares": 30185702.0,
        "Diluted EPS": 0.35,
        "Basic EPS": 0.35,
        "Diluted NI Availto Com Stockholders": 10466000.0,
        "Net Income Common Stockholders": 10466000.0,
        "Net Income": 10466000.0,
        "Minority Interests": -1002000.0,
        "Net Income Including Noncontrolling Interests": 11468000.0,
        "Net Income Continuous Operations": 11468000.0,
        "Earnings From Equity Interest Net Of Tax": -484000.0,
        "Tax Provision": 1487000.0,
        "Pretax Income": 13439000.0,
        "Other Income Expense": 6378000.0,
        "Other Non Operating Income Expenses": 2705000.0,
        "Gain On Sale Of Security": 3673000.0,
        "Net Non Operating Interest Income Expense": 14000.0,
        "Total Other Finance Cost": 56000.0,
        "Interest Expense Non Operating": 276000.0,
        "Interest Income Non Operating": 346000.0,
        "Operating Income": 7047000.0,
        "Operating Expense": 15671000.0,
        "Other Operating Expenses": NaN,
        "Research And Development": 6606000.0,
        "Selling General And Administration": 9065000.0,
        "Selling And Marketing Expense": 3794000.0,
        "General And Administrative Expense": 5271000.0,
        "Other Gand A": 5271000.0,
        "Gross Profit": 22718000.0,
        "Cost Of Revenue": 114692000.0,
        "Total Revenue": 137410000.0,
        "Operating Revenue": 137410000.0
    },
    "2023-09-30": {
        "Tax Effect Of Unusual Items": -7967.218956,
        "Tax Rate For Calcs": 0.061286,
        "Normalized EBITDA": 15739000.0,
        "Total Unusual Items": -130000.0,
        "Total Unusual Items Excluding Goodwill": -130000.0,
        "Net Income From Continuing Operation Net Minority Interest": 9488000.0,
        "Reconciled Depreciation": 4138000.0,
        "Reconciled Cost Of Revenue": 112784000.0,
        "EBITDA": 15609000.0,
        "EBIT": 11471000.0,
        "Net Interest Income": 48000.0,
        "Interest Expense": 245000.0,
        "Interest Income": 322000.0,
        "Normalized Income": 9610032.781044,
        "Net Income From Continuing And Discontinued Operation": 9488000.0,
        "Total Expenses": 127388000.0,
        "Total Operating Income As Reported": 10153000.0,
        "Diluted Average Shares": 30189363.0,
        "Basic Average Shares": 30185702.0,
        "Diluted EPS": 0.31,
        "Basic EPS": 0.31,
        "Diluted NI Availto Com Stockholders": 9488000.0,
        "Net Income Common Stockholders": 9488000.0,
        "Net Income": 9488000.0,
        "Minority Interests": -1756000.0,
        "Net Income Including Noncontrolling Interests": 11244000.0,
        "Net Income Continuous Operations": 11244000.0,
        "Earnings From Equity Interest Net Of Tax": 706000.0,
        "Tax Provision": 688000.0,
        "Pretax Income": 11226000.0,
        "Other Income Expense": 1025000.0,
        "Other Non Operating Income Expenses": 1155000.0,
        "Gain On Sale Of Security": -130000.0,
        "Net Non Operating Interest Income Expense": 48000.0,
        "Total Other Finance Cost": 29000.0,
        "Interest Expense Non Operating": 245000.0,
        "Interest Income Non Operating": 322000.0,
        "Operating Income": 10153000.0,
        "Operating Expense": 14604000.0,
        "Other Operating Expenses": -2177000.0,
        "Research And Development": 6870000.0,
        "Selling General And Administration": 9911000.0,
        "Selling And Marketing Expense": 3803000.0,
        "General And Administrative Expense": 6108000.0,
        "Other Gand A": 6108000.0,
        "Gross Profit": 24757000.0,
        "Cost Of Revenue": 112784000.0,
        "Total Revenue": 137541000.0,
        "Operating Revenue": 137541000.0
    }
}