{
    "2023-06-30": {
        "Tax Effect Of Unusual Items": NaN,
        "Tax Rate For Calcs": NaN,
        "Total Unusual Items": NaN,
        "Total Unusual Items Excluding Goodwill": NaN,
        "Net Income From Continuing Operation Net Minority Interest": NaN,
        "Reconciled Depreciation": NaN,
        "Net Interest Income": NaN,
        "Interest Expense": NaN,
        "Interest Income": NaN,
        "Normalized Income": NaN,
        "Net Income From Continuing And Discontinued Operation": NaN,
        "Diluted Average Shares": NaN,
        "Basic Average Shares": NaN,
        "Diluted EPS": NaN,
        "Basic EPS": NaN,
        "Diluted NI Availto Com Stockholders": NaN,
        "Net Income Common Stockholders": NaN,
        "Otherunder Preferred Stock Dividend": 17000.0,
        "Net Income": NaN,
        "Net Income Including Noncontrolling Interests": NaN,
        "Net Income Continuous Operations": NaN,
        "Tax Provision": NaN,
        "Pretax Income": NaN,
        "Special Income Charges": NaN,
        "Other Special Charges": NaN,
        "Restructuring And Mergern Acquisition": NaN,
        "Gain On Sale Of Security": NaN,
        "Depreciation Amortization Depletion Income Statement": NaN,
        "Depreciation And Amortization In Income Statement": NaN,
        "Amortization": NaN,
        "Amortization Of Intangibles Income Statement": NaN,
        "Selling General And Administration": NaN,
        "General And Administrative Expense": NaN,
        "Salaries And Wages": NaN,
        "Total Revenue": NaN,
        "Operating Revenue": NaN,
        "Occupancy And Equipment": NaN,
        "Professional Expense And Contract Services Expense": NaN,
        "Other Non Interest Expense": NaN
    },
    "2023-03-31": {
        "Tax Effect Of Unusual Items": 0.0,
        "Tax Rate For Calcs": 0.203517,
        "Total Unusual Items": NaN,
        "Total Unusual Items Excluding Goodwill": NaN,
        "Net Income From Continuing Operation Net Minority Interest": 12727000.0,
        "Reconciled Depreciation": 963000.0,
        "Net Interest Income": 34280000.0,
        "Interest Expense": 18445000.0,
        "Interest Income": 52725000.0,
        "Normalized Income": 12727000.0,
        "Net Income From Continuing And Discontinued Operation": 12727000.0,
        "Diluted Average Shares": 14631542.0,
        "Basic Average Shares": 14573122.0,
        "Diluted EPS": 0.87,
        "Basic EPS": 0.87,
        "Diluted NI Availto Com Stockholders": 12702000.0,
        "Net Income Common Stockholders": 12702000.0,
        "Otherunder Preferred Stock Dividend": 25000.0,
        "Net Income": 12727000.0,
        "Net Income Including Noncontrolling Interests": 12727000.0,
        "Net Income Continuous Operations": 12727000.0,
        "Tax Provision": 3252000.0,
        "Pretax Income": 15979000.0,
        "Special Income Charges": NaN,
        "Other Special Charges": NaN,
        "Gain On Sale Of Security": -1839000.0,
        "Depreciation Amortization Depletion Income Statement": 148000.0,
        "Depreciation And Amortization In Income Statement": 148000.0,
        "Amortization": 148000.0,
        "Amortization Of Intangibles Income Statement": 148000.0,
        "Selling General And Administration": 14573000.0,
        "General And Administrative Expense": 14573000.0,
        "Salaries And Wages": 14573000.0,
        "Total Revenue": 41106000.0,
        "Operating Revenue": 41106000.0,
        "Occupancy And Equipment": 5290000.0,
        "Professional Expense And Contract Services Expense": 1055000.0,
        "Other Non Interest Expense": 3898000.0
    },
    "2022-12-31": {
        "Tax Effect Of Unusual Items": NaN,
        "Tax Rate For Calcs": NaN,
        "Total Unusual Items": -204000.0,
        "Total Unusual Items Excluding Goodwill": -204000.0,
        "Net Income From Continuing Operation Net Minority Interest": NaN,
        "Reconciled Depreciation": NaN,
        "Net Interest Income": NaN,
        "Interest Expense": NaN,
        "Interest Income": NaN,
        "Normalized Income": NaN,
        "Net Income From Continuing And Discontinued Operation": NaN,
        "Diluted Average Shares": NaN,
        "Basic Average Shares": NaN,
        "Diluted EPS": NaN,
        "Basic EPS": NaN,
        "Diluted NI Availto Com Stockholders": NaN,
        "Net Income Common Stockholders": NaN,
        "Otherunder Preferred Stock Dividend": NaN,
        "Net Income": NaN,
        "Net Income Including Noncontrolling Interests": NaN,
        "Net Income Continuous Operations": NaN,
        "Tax Provision": NaN,
        "Pretax Income": NaN,
        "Special Income Charges": -204000.0,
        "Other Special Charges": NaN,
        "Gain On Sale Of Security": NaN,
        "Depreciation Amortization Depletion Income Statement": NaN,
        "Depreciation And Amortization In Income Statement": NaN,
        "Amortization": NaN,
        "Amortization Of Intangibles Income Statement": NaN,
        "Selling General And Administration": NaN,
        "General And Administrative Expense": NaN,
        "Salaries And Wages": NaN,
        "Total Revenue": NaN,
        "Operating Revenue": NaN,
        "Occupancy And Equipment": NaN,
        "Professional Expense And Contract Services Expense": NaN,
        "Other Non Interest Expense": NaN
    },
    "2022-09-30": {
        "Tax Effect Of Unusual Items": NaN,
        "Tax Rate For Calcs": NaN,
        "Total Unusual Items": 0.0,
        "Total Unusual Items Excluding Goodwill": 0.0,
        "Net Income From Continuing Operation Net Minority Interest": NaN,
        "Reconciled Depreciation": NaN,
        "Net Interest Income": NaN,
        "Interest Expense": NaN,
        "Interest Income": NaN,
        "Normalized Income": NaN,
        "Net Income From Continuing And Discontinued Operation": NaN,
        "Diluted Average Shares": NaN,
        "Basic Average Shares": NaN,
        "Diluted EPS": NaN,
        "Basic EPS": NaN,
        "Diluted NI Availto Com Stockholders": NaN,
        "Net Income Common Stockholders": NaN,
        "Otherunder Preferred Stock Dividend": NaN,
        "Net Income": NaN,
        "Net Income Including Noncontrolling Interests": NaN,
        "Net Income Continuous Operations": NaN,
        "Tax Provision": NaN,
        "Pretax Income": NaN,
        "Special Income Charges": 0.0,
        "Other Special Charges": NaN,
        "Gain On Sale Of Security": NaN,
        "Depreciation Amortization Depletion Income Statement": NaN,
        "Depreciation And Amortization In Income Statement": NaN,
        "Amortization": NaN,
        "Amortization Of Intangibles Income Statement": NaN,
        "Selling General And Administration": NaN,
        "General And Administrative Expense": NaN,
        "Other Gand A": 575000.0,
        "Salaries And Wages": NaN,
        "Total Revenue": NaN,
        "Operating Revenue": NaN
    },
    "2022-06-30": {
        "Tax Effect Of Unusual Items": 0.0,
        "Tax Rate For Calcs": 0.199638,
        "Total Unusual Items": 0.0,
        "Total Unusual Items Excluding Goodwill": 0.0,
        "Net Income From Continuing Operation Net Minority Interest": 15026000.0,
        "Reconciled Depreciation": 157000.0,
        "Net Interest Income": 36534000.0,
        "Interest Expense": 3496000.0,
        "Interest Income": 40030000.0,
        "Normalized Income": 15026000.0,
        "Net Income From Continuing And Discontinued Operation": 15026000.0,
        "Diluted Average Shares": 14704651.0,
        "Basic Average Shares": 14651851.0,
        "Diluted EPS": 1.02,
        "Basic EPS": 1.02,
        "Diluted NI Availto Com Stockholders": 15026000.0,
        "Net Income Common Stockholders": 15026000.0,
        "Otherunder Preferred Stock Dividend": 40000.0,
        "Net Income": 15026000.0,
        "Net Income Including Noncontrolling Interests": 15026000.0,
        "Net Income Continuous Operations": 15026000.0,
        "Tax Provision": 3748000.0,
        "Pretax Income": 18774000.0,
        "Special Income Charges": 0.0,
        "Gain On Sale Of Security": -9000.0,
        "Depreciation Amortization Depletion Income Statement": 157000.0,
        "Depreciation And Amortization In Income Statement": 157000.0,
        "Amortization": 157000.0,
        "Amortization Of Intangibles Income Statement": 157000.0,
        "Selling General And Administration": 15402000.0,
        "General And Administrative Expense": 15402000.0,
        "Other Gand A": 515000.0,
        "Salaries And Wages": 15402000.0,
        "Total Revenue": 46541000.0,
        "Operating Revenue": 46541000.0
    },
    "2023-09-30": {
        "Tax Effect Of Unusual Items": 0.0,
        "Tax Rate For Calcs": 0.185977,
        "Total Unusual Items": 0.0,
        "Total Unusual Items Excluding Goodwill": 0.0,
        "Net Income From Continuing Operation Net Minority Interest": 9787000.0,
        "Reconciled Depreciation": 971000.0,
        "Net Interest Income": 32584000.0,
        "Interest Expense": 25085000.0,
        "Interest Income": 57669000.0,
        "Normalized Income": 9787000.0,
        "Net Income From Continuing And Discontinued Operation": 9787000.0,
        "Diluted Average Shares": 14597649.0,
        "Basic Average Shares": 14556057.0,
        "Diluted EPS": 0.67,
        "Basic EPS": 0.67,
        "Diluted NI Availto Com Stockholders": 9778000.0,
        "Net Income Common Stockholders": 9778000.0,
        "Otherunder Preferred Stock Dividend": 9000.0,
        "Net Income": 9787000.0,
        "Net Income Including Noncontrolling Interests": 9787000.0,
        "Net Income Continuous Operations": 9787000.0,
        "Tax Provision": 2236000.0,
        "Pretax Income": 12023000.0,
        "Special Income Charges": 0.0,
        "Other Special Charges": NaN,
        "Restructuring And Mergern Acquisition": 0.0,
        "Gain On Sale Of Security": -5335000.0,
        "Depreciation Amortization Depletion Income Statement": 148000.0,
        "Depreciation And Amortization In Income Statement": 148000.0,
        "Amortization": 148000.0,
        "Amortization Of Intangibles Income Statement": 148000.0,
        "Selling General And Administration": 14744000.0,
        "General And Administrative Expense": 14744000.0,
        "Salaries And Wages": 14744000.0,
        "Total Revenue": 36338000.0,
        "Operating Revenue": 36338000.0,
        "Occupancy And Equipment": 5186000.0,
        "Professional Expense And Contract Services Expense": 897000.0,
        "Other Non Interest Expense": 3914000.0
    },
    "2023-12-31": {
        "Tax Effect Of Unusual Items": -13132.29572,
        "Tax Rate For Calcs": 0.175097,
        "Total Unusual Items": -75000.0,
        "Total Unusual Items Excluding Goodwill": -75000.0,
        "Net Income From Continuing Operation Net Minority Interest": 8480000.0,
        "Reconciled Depreciation": 1054000.0,
        "Net Interest Income": 32709000.0,
        "Interest Expense": 27088000.0,
        "Interest Income": 59797000.0,
        "Normalized Income": 8541867.70428,
        "Net Income From Continuing And Discontinued Operation": 8480000.0,
        "Diluted Average Shares": 14620690.0,
        "Basic Average Shares": 14620690.0,
        "Diluted EPS": 0.58,
        "Basic EPS": 0.58,
        "Diluted NI Availto Com Stockholders": 8475000.0,
        "Net Income Common Stockholders": 8475000.0,
        "Otherunder Preferred Stock Dividend": 5000.0,
        "Net Income": 8480000.0,
        "Net Income Including Noncontrolling Interests": 8480000.0,
        "Net Income Continuous Operations": 8480000.0,
        "Tax Provision": 1800000.0,
        "Pretax Income": 10280000.0,
        "Special Income Charges": -75000.0,
        "Other Special Charges": 75000.0,
        "Restructuring And Mergern Acquisition": NaN,
        "Gain On Sale Of Security": -4975000.0,
        "Depreciation Amortization Depletion Income Statement": 148000.0,
        "Depreciation And Amortization In Income Statement": 148000.0,
        "Amortization": 148000.0,
        "Amortization Of Intangibles Income Statement": 148000.0,
        "Selling General And Administration": 15101000.0,
        "General And Administrative Expense": 15101000.0,
        "Salaries And Wages": 15101000.0,
        "Total Revenue": 37350000.0,
        "Operating Revenue": 37350000.0,
        "Occupancy And Equipment": 5544000.0,
        "Professional Expense And Contract Services Expense": 821000.0,
        "Other Non Interest Expense": 4812000.0
    },
    "2024-03-31": {
        "Tax Effect Of Unusual Items": 0.0,
        "Tax Rate For Calcs": 0.187511,
        "Total Unusual Items": NaN,
        "Total Unusual Items Excluding Goodwill": NaN,
        "Net Income From Continuing Operation Net Minority Interest": 13272000.0,
        "Reconciled Depreciation": 954000.0,
        "Net Interest Income": 31273000.0,
        "Interest Expense": 28910000.0,
        "Interest Income": 60183000.0,
        "Normalized Income": 13272000.0,
        "Net Income From Continuing And Discontinued Operation": 13272000.0,
        "Diluted Average Shares": 14625771.0,
        "Basic Average Shares": 14572051.0,
        "Diluted EPS": 0.91,
        "Basic EPS": 0.91,
        "Diluted NI Availto Com Stockholders": 13261000.0,
        "Net Income Common Stockholders": 13261000.0,
        "Otherunder Preferred Stock Dividend": 11000.0,
        "Net Income": 13272000.0,
        "Net Income Including Noncontrolling Interests": 13272000.0,
        "Net Income Continuous Operations": 13272000.0,
        "Tax Provision": 3063000.0,
        "Pretax Income": 16335000.0,
        "Special Income Charges": NaN,
        "Other Special Charges": NaN,
        "Restructuring And Mergern Acquisition": NaN,
        "Gain On Sale Of Security": 910000.0,
        "Depreciation Amortization Depletion Income Statement": 139000.0,
        "Depreciation And Amortization In Income Statement": 139000.0,
        "Amortization": 139000.0,
        "Amortization Of Intangibles Income Statement": 139000.0,
        "Selling General And Administration": 15954000.0,
        "General And Administrative Expense": 15954000.0,
        "Salaries And Wages": 15954000.0,
        "Total Revenue": 41241000.0,
        "Operating Revenue": 41241000.0,
        "Occupancy And Equipment": 5699000.0,
        "Professional Expense And Contract Services Expense": 860000.0,
        "Other Non Interest Expense": 3446000.0
    },
    "2024-06-30": {
        "Tax Effect Of Unusual Items": 0.0,
        "Tax Rate For Calcs": 0.193423,
        "Total Unusual Items": NaN,
        "Total Unusual Items Excluding Goodwill": NaN,
        "Net Income From Continuing Operation Net Minority Interest": 11993000.0,
        "Reconciled Depreciation": 958000.0,
        "Net Interest Income": 32184000.0,
        "Interest Expense": 29978000.0,
        "Interest Income": 62162000.0,
        "Normalized Income": 11993000.0,
        "Net Income From Continuing And Discontinued Operation": 11993000.0,
        "Diluted Average Shares": 14647047.0,
        "Basic Average Shares": 14591189.0,
        "Diluted EPS": 0.81,
        "Basic EPS": 0.82,
        "Diluted NI Availto Com Stockholders": 11992000.0,
        "Net Income Common Stockholders": 11992000.0,
        "Otherunder Preferred Stock Dividend": 1000.0,
        "Net Income": 11993000.0,
        "Net Income Including Noncontrolling Interests": 11993000.0,
        "Net Income Continuous Operations": 11993000.0,
        "Tax Provision": 2876000.0,
        "Pretax Income": 14869000.0,
        "Special Income Charges": NaN,
        "Other Special Charges": NaN,
        "Restructuring And Mergern Acquisition": NaN,
        "Gain On Sale Of Security": 0.0,
        "Depreciation Amortization Depletion Income Statement": 139000.0,
        "Depreciation And Amortization In Income Statement": 139000.0,
        "Amortization": 139000.0,
        "Amortization Of Intangibles Income Statement": 139000.0,
        "Selling General And Administration": 15601000.0,
        "General And Administrative Expense": 15601000.0,
        "Salaries And Wages": 15601000.0,
        "Total Revenue": 41518000.0,
        "Operating Revenue": 41518000.0,
        "Occupancy And Equipment": 5478000.0,
        "Professional Expense And Contract Services Expense": 1149000.0,
        "Other Non Interest Expense": 3632000.0
    },
    "2024-09-30": {
        "Tax Effect Of Unusual Items": -127525.356377,
        "Tax Rate For Calcs": 0.175413,
        "Total Unusual Items": -727000.0,
        "Total Unusual Items Excluding Goodwill": -727000.0,
        "Net Income From Continuing Operation Net Minority Interest": 13073000.0,
        "Reconciled Depreciation": 958000.0,
        "Net Interest Income": 33587000.0,
        "Interest Expense": 30134000.0,
        "Interest Income": 63721000.0,
        "Normalized Income": 13672474.643623,
        "Net Income From Continuing And Discontinued Operation": 13073000.0,
        "Diluted Average Shares": 14645675.0,
        "Basic Average Shares": 14575550.0,
        "Diluted EPS": 0.9,
        "Basic EPS": 0.9,
        "Diluted NI Availto Com Stockholders": 13073000.0,
        "Net Income Common Stockholders": 13073000.0,
        "Otherunder Preferred Stock Dividend": NaN,
        "Net Income": 13073000.0,
        "Net Income Including Noncontrolling Interests": 13073000.0,
        "Net Income Continuous Operations": 13073000.0,
        "Tax Provision": 2781000.0,
        "Pretax Income": 15854000.0,
        "Special Income Charges": -727000.0,
        "Other Special Charges": NaN,
        "Restructuring And Mergern Acquisition": 727000.0,
        "Gain On Sale Of Security": 0.0,
        "Depreciation Amortization Depletion Income Statement": 139000.0,
        "Depreciation And Amortization In Income Statement": 139000.0,
        "Amortization": 139000.0,
        "Amortization Of Intangibles Income Statement": 139000.0,
        "Selling General And Administration": 16545000.0,
        "General And Administrative Expense": 16545000.0,
        "Salaries And Wages": 16545000.0,
        "Total Revenue": 43625000.0,
        "Operating Revenue": 43625000.0,
        "Occupancy And Equipment": 5468000.0,
        "Professional Expense And Contract Services Expense": 788000.0,
        "Other Non Interest Expense": 3865000.0
    }
}