{
    "2023-03-31": {
        "Tax Effect Of Unusual Items": 0.0,
        "Tax Rate For Calcs": 0.233691,
        "Normalized EBITDA": 190254000.0,
        "Net Income From Continuing Operation Net Minority Interest": 100742000.0,
        "Reconciled Depreciation": 35220000.0,
        "Reconciled Cost Of Revenue": 1589236000.0,
        "EBIT": 155034000.0,
        "Net Interest Income": -23570000.0,
        "Interest Expense": 23570000.0,
        "Normalized Income": 100742000.0,
        "Net Income From Continuing And Discontinued Operation": 100742000.0,
        "Total Expenses": 1589236000.0,
        "Total Operating Income As Reported": 155034000.0,
        "Diluted Average Shares": 23277000.0,
        "Basic Average Shares": 23055000.0,
        "Diluted EPS": 4.33,
        "Basic EPS": 4.37,
        "Diluted NI Availto Com Stockholders": 100742000.0,
        "Net Income Common Stockholders": 100742000.0,
        "Net Income": 100742000.0,
        "Net Income Including Noncontrolling Interests": 100742000.0,
        "Net Income Continuous Operations": 100742000.0,
        "Tax Provision": 30722000.0,
        "Pretax Income": 131464000.0,
        "Net Non Operating Interest Income Expense": -23570000.0,
        "Interest Expense Non Operating": 23570000.0,
        "Operating Income": 155034000.0,
        "Gross Profit": 155034000.0,
        "Cost Of Revenue": 1589236000.0,
        "Total Revenue": 1744270000.0,
        "Operating Revenue": 1744270000.0
    },
    "2022-12-31": {
        "Tax Effect Of Unusual Items": 0.0,
        "Tax Rate For Calcs": 0.214776,
        "Normalized EBITDA": 130867000.0,
        "Net Income From Continuing Operation Net Minority Interest": 87101000.0,
        "Reconciled Depreciation": 35932000.0,
        "Reconciled Cost Of Revenue": 1518549000.0,
        "EBIT": 130867000.0,
        "Net Interest Income": -19942000.0,
        "Interest Expense": 19942000.0,
        "Normalized Income": 87101000.0,
        "Net Income From Continuing And Discontinued Operation": 87101000.0,
        "Total Expenses": 1518549000.0,
        "Total Operating Income As Reported": 130867000.0,
        "Diluted Average Shares": 23676000.0,
        "Basic Average Shares": 23506000.0,
        "Diluted EPS": 3.68,
        "Basic EPS": 3.71,
        "Diluted NI Availto Com Stockholders": 87101000.0,
        "Net Income Common Stockholders": 87101000.0,
        "Net Income": 87101000.0,
        "Net Income Including Noncontrolling Interests": 87101000.0,
        "Net Income Continuous Operations": 87101000.0,
        "Tax Provision": 23824000.0,
        "Pretax Income": 110925000.0,
        "Net Non Operating Interest Income Expense": -19942000.0,
        "Interest Expense Non Operating": 19942000.0,
        "Operating Income": 130867000.0,
        "Gross Profit": 130867000.0,
        "Cost Of Revenue": 1518549000.0,
        "Total Revenue": 1649416000.0,
        "Operating Revenue": 1649416000.0
    },
    "2022-09-30": {
        "Tax Effect Of Unusual Items": 0.0,
        "Tax Rate For Calcs": 0.236,
        "Normalized EBITDA": 167906000.0,
        "Net Income From Continuing Operation Net Minority Interest": 89125000.0,
        "Reconciled Depreciation": 35103000.0,
        "Reconciled Cost Of Revenue": 1472956000.0,
        "EBIT": 132803000.0,
        "Net Interest Income": -16193000.0,
        "Interest Expense": 16193000.0,
        "Normalized Income": 89125000.0,
        "Net Income From Continuing And Discontinued Operation": 89125000.0,
        "Total Expenses": 1472956000.0,
        "Total Operating Income As Reported": 132803000.0,
        "Diluted Average Shares": 23678000.0,
        "Basic Average Shares": 23420000.0,
        "Diluted EPS": 3.76,
        "Basic EPS": 3.81,
        "Diluted NI Availto Com Stockholders": 89125000.0,
        "Net Income Common Stockholders": 89125000.0,
        "Net Income": 89125000.0,
        "Net Income Including Noncontrolling Interests": 89125000.0,
        "Net Income Continuous Operations": 89125000.0,
        "Tax Provision": 27485000.0,
        "Pretax Income": 116610000.0,
        "Net Non Operating Interest Income Expense": -16193000.0,
        "Interest Expense Non Operating": 16193000.0,
        "Operating Income": 132803000.0,
        "Gross Profit": 132803000.0,
        "Cost Of Revenue": 1472956000.0,
        "Total Revenue": 1605759000.0,
        "Operating Revenue": 1605759000.0
    },
    "2022-06-30": {
        "Tax Effect Of Unusual Items": 0.0,
        "Tax Rate For Calcs": 0.144,
        "Normalized EBITDA": 155034000.0,
        "Net Income From Continuing Operation Net Minority Interest": 92969000.0,
        "Reconciled Depreciation": 35197000.0,
        "Reconciled Cost Of Revenue": 1522424000.0,
        "EBIT": 119837000.0,
        "Net Interest Income": -11266000.0,
        "Interest Expense": 11266000.0,
        "Normalized Income": 92969000.0,
        "Net Income From Continuing And Discontinued Operation": 92969000.0,
        "Total Expenses": 1522424000.0,
        "Total Operating Income As Reported": 119837000.0,
        "Diluted Average Shares": 23647000.0,
        "Basic Average Shares": 23415000.0,
        "Diluted EPS": 3.93,
        "Basic EPS": 3.97,
        "Diluted NI Availto Com Stockholders": 92969000.0,
        "Net Income Common Stockholders": 92969000.0,
        "Net Income": 92969000.0,
        "Net Income Including Noncontrolling Interests": 92969000.0,
        "Net Income Continuous Operations": 92969000.0,
        "Tax Provision": 15602000.0,
        "Pretax Income": 108571000.0,
        "Net Non Operating Interest Income Expense": -11266000.0,
        "Interest Expense Non Operating": 11266000.0,
        "Operating Income": 119837000.0,
        "Gross Profit": 119837000.0,
        "Cost Of Revenue": 1522424000.0,
        "Total Revenue": 1642261000.0,
        "Operating Revenue": 1642261000.0
    },
    "2022-03-31": {
        "Diluted EPS": 4.04,
        "Total Revenue": NaN,
        "Gross Profit": 562,
        "Operating Income": 125,
        "EBIT": 160,
        "Net Income": 95
    },
    "2021-12-31": {
        "Diluted EPS": 3.83,
        "Total Revenue": NaN,
        "Gross Profit": 512,
        "Operating Income": 124,
        "EBIT": 157,
        "Net Income": 90
    },
    "2021-09-30": {
        "Diluted EPS": 3.7,
        "Total Revenue": NaN,
        "Gross Profit": 517,
        "Operating Income": 127,
        "EBIT": 160,
        "Net Income": 88
    },
    "2021-06-30": {
        "Diluted EPS": 5.67,
        "Total Revenue": NaN,
        "Gross Profit": 521,
        "Operating Income": 112,
        "EBIT": 144,
        "Net Income": 137
    },
    "2021-03-31": {
        "Diluted EPS": 4.78,
        "Total Revenue": NaN,
        "Gross Profit": 552,
        "Operating Income": 151,
        "EBIT": 183,
        "Net Income": 120
    },
    "2020-12-31": {
        "Diluted EPS": 4.18,
        "Total Revenue": NaN,
        "Gross Profit": 522,
        "Operating Income": 142,
        "EBIT": 174,
        "Net Income": 106
    },
    "2020-09-30": {
        "Diluted EPS": 3.67,
        "Total Revenue": NaN,
        "Gross Profit": 520,
        "Operating Income": 134,
        "EBIT": 165,
        "Net Income": 94
    },
    "2020-06-30": {
        "Diluted EPS": 3.68,
        "Total Revenue": NaN,
        "Gross Profit": 514,
        "Operating Income": 134,
        "EBIT": 163,
        "Net Income": 94
    },
    "2020-03-31": {
        "Diluted EPS": 3.16,
        "Total Revenue": NaN,
        "Gross Profit": 512,
        "Operating Income": 114,
        "EBIT": 141,
        "Net Income": 81
    },
    "2019-12-31": {
        "Diluted EPS": 3.11,
        "Total Revenue": NaN,
        "Gross Profit": 491,
        "Operating Income": 110,
        "EBIT": 139,
        "Net Income": 79
    },
    "2019-09-30": {
        "Diluted EPS": 2.66,
        "Total Revenue": NaN,
        "Gross Profit": 485,
        "Operating Income": 100,
        "EBIT": 128,
        "Net Income": 68
    },
    "2019-06-30": {
        "Diluted EPS": 1.96,
        "Total Revenue": NaN,
        "Gross Profit": 467,
        "Operating Income": 81,
        "EBIT": 109,
        "Net Income": 50
    },
    "2019-03-31": {
        "Diluted EPS": 2.69,
        "Total Revenue": NaN,
        "Gross Profit": 441,
        "Operating Income": 95,
        "EBIT": 117,
        "Net Income": 68
    },
    "2018-12-31": {
        "Diluted EPS": 2.71,
        "Total Revenue": NaN,
        "Gross Profit": 391,
        "Operating Income": 102,
        "EBIT": 122,
        "Net Income": 69
    },
    "2018-09-30": {
        "Diluted EPS": 3.1,
        "Total Revenue": NaN,
        "Gross Profit": 383,
        "Operating Income": 100,
        "EBIT": 119,
        "Net Income": 79
    },
    "2018-06-30": {
        "Diluted EPS": 2.04,
        "Total Revenue": NaN,
        "Gross Profit": 387,
        "Operating Income": 80,
        "EBIT": 100,
        "Net Income": 52
    },
    "2018-03-31": {
        "Diluted EPS": 2.56,
        "Total Revenue": NaN,
        "Gross Profit": 396,
        "Operating Income": 105,
        "EBIT": 124,
        "Net Income": 64
    },
    "2017-12-31": {
        "Diluted EPS": 5.66,
        "Total Revenue": NaN,
        "Gross Profit": 361,
        "Operating Income": 88,
        "EBIT": 108,
        "Net Income": 143
    },
    "2017-09-30": {
        "Diluted EPS": 1.67,
        "Total Revenue": NaN,
        "Gross Profit": 346,
        "Operating Income": 67,
        "EBIT": 86,
        "Net Income": 42
    },
    "2017-06-30": {
        "Diluted EPS": 1.76,
        "Total Revenue": NaN,
        "Gross Profit": 368,
        "Operating Income": 80,
        "EBIT": 99,
        "Net Income": 44
    },
    "2017-03-31": {
        "Diluted EPS": 1.61,
        "Total Revenue": NaN,
        "Gross Profit": 354,
        "Operating Income": 67,
        "EBIT": 86,
        "Net Income": 40
    },
    "2016-12-31": {
        "Diluted EPS": 1.69,
        "Total Revenue": NaN,
        "Gross Profit": 352,
        "Operating Income": 80,
        "EBIT": 100,
        "Net Income": 42
    },
    "2016-09-30": {
        "Diluted EPS": 1.47,
        "Total Revenue": NaN,
        "Gross Profit": 345,
        "Operating Income": 70,
        "EBIT": 89,
        "Net Income": 37
    },
    "2016-06-30": {
        "Diluted EPS": 1.75,
        "Total Revenue": NaN,
        "Gross Profit": 358,
        "Operating Income": 81,
        "EBIT": 101,
        "Net Income": 44
    },
    "2016-03-31": {
        "Diluted EPS": 1.38,
        "Total Revenue": 977,
        "Gross Profit": 330,
        "Operating Income": 64,
        "EBIT": 81,
        "Net Income": 34
    },
    "2015-12-31": {
        "Diluted EPS": 1.23,
        "Total Revenue": 830,
        "Gross Profit": 283,
        "Operating Income": 55,
        "EBIT": 71,
        "Net Income": 30
    },
    "2015-09-30": {
        "Diluted EPS": 1.4,
        "Total Revenue": 822,
        "Gross Profit": 285,
        "Operating Income": 65,
        "EBIT": 80,
        "Net Income": 35
    },
    "2015-06-30": {
        "Diluted EPS": 1.69,
        "Total Revenue": 866,
        "Gross Profit": 298,
        "Operating Income": 75,
        "EBIT": 92,
        "Net Income": 41
    },
    "2015-03-31": {
        "Diluted EPS": 1.18,
        "Total Revenue": 818,
        "Gross Profit": 275,
        "Operating Income": 54,
        "EBIT": 70,
        "Net Income": 29
    },
    "2014-12-31": {
        "Diluted EPS": 1.01,
        "Total Revenue": 815,
        "Gross Profit": 269,
        "Operating Income": 48,
        "EBIT": 65,
        "Net Income": 25
    },
    "2014-09-30": {
        "Diluted EPS": 1.29,
        "Total Revenue": 815,
        "Gross Profit": 278,
        "Operating Income": 60,
        "EBIT": 78,
        "Net Income": 31
    },
    "2014-06-30": {
        "Diluted EPS": 1.48,
        "Total Revenue": 906,
        "Gross Profit": 293,
        "Operating Income": 69,
        "EBIT": 88,
        "Net Income": 37
    },
    "2014-03-31": {
        "Diluted EPS": 1.19,
        "Total Revenue": 900,
        "Gross Profit": 295,
        "Operating Income": 61,
        "EBIT": 79,
        "Net Income": 31
    },
    "2013-12-31": {
        "Diluted EPS": 1.38,
        "Total Revenue": 894,
        "Gross Profit": 288,
        "Operating Income": 66,
        "EBIT": 83,
        "Net Income": 35
    },
    "2013-09-30": {
        "Diluted EPS": 1.33,
        "Total Revenue": 864,
        "Gross Profit": 263,
        "Operating Income": 61,
        "EBIT": 75,
        "Net Income": 33
    },
    "2013-06-30": {
        "Diluted EPS": 1.55,
        "Total Revenue": 913,
        "Gross Profit": 286,
        "Operating Income": 68,
        "EBIT": 82,
        "Net Income": 38
    },
    "2013-03-31": {
        "Diluted EPS": 1.62,
        "Total Revenue": 906,
        "Gross Profit": 283,
        "Operating Income": 69,
        "EBIT": 83,
        "Net Income": 38
    },
    "2012-12-31": {
        "Diluted EPS": 1.69,
        "Total Revenue": 932,
        "Gross Profit": 292,
        "Operating Income": 70,
        "EBIT": 83,
        "Net Income": 40
    },
    "2012-09-30": {
        "Diluted EPS": 1.49,
        "Total Revenue": 931,
        "Gross Profit": 286,
        "Operating Income": 65,
        "EBIT": 78,
        "Net Income": 36
    },
    "2012-06-30": {
        "Diluted EPS": 1.59,
        "Total Revenue": 949,
        "Gross Profit": 297,
        "Operating Income": 77,
        "EBIT": 91,
        "Net Income": 43
    },
    "2012-03-31": {
        "Diluted EPS": 1.45,
        "Total Revenue": 928,
        "Gross Profit": 295,
        "Operating Income": 73,
        "EBIT": 87,
        "Net Income": 41
    },
    "2011-12-31": {
        "Diluted EPS": 1.51,
        "Total Revenue": 973,
        "Gross Profit": 294,
        "Operating Income": 75,
        "EBIT": 90,
        "Net Income": 41
    },
    "2011-09-30": {
        "Diluted EPS": 1.41,
        "Total Revenue": 924,
        "Gross Profit": 289,
        "Operating Income": 76,
        "EBIT": 90,
        "Net Income": 42
    },
    "2011-06-30": {
        "Diluted EPS": 1.45,
        "Total Revenue": 963,
        "Gross Profit": 278,
        "Operating Income": 78,
        "EBIT": 93,
        "Net Income": 46
    },
    "2011-03-31": {
        "Diluted EPS": 1.16,
        "Total Revenue": 913,
        "Gross Profit": 268,
        "Operating Income": 62,
        "EBIT": 77,
        "Net Income": 36
    },
    "2010-12-31": {
        "Diluted EPS": 1.08,
        "Total Revenue": 867,
        "Gross Profit": 259,
        "Operating Income": 59,
        "EBIT": 75,
        "Net Income": 33
    },
    "2010-09-30": {
        "Diluted EPS": 0.92,
        "Total Revenue": 834,
        "Gross Profit": 245,
        "Operating Income": 52,
        "EBIT": 66,
        "Net Income": 29
    },
    "2010-06-30": {
        "Diluted EPS": 0.97,
        "Total Revenue": 849,
        "Gross Profit": 246,
        "Operating Income": 54,
        "EBIT": 69,
        "Net Income": 30
    },
    "2010-03-31": {
        "Diluted EPS": 0.87,
        "Total Revenue": 784,
        "Gross Profit": 233,
        "Operating Income": 47,
        "EBIT": 62,
        "Net Income": 27
    },
    "2009-12-31": {
        "Diluted EPS": 0.85,
        "Total Revenue": 777,
        "Gross Profit": 234,
        "Operating Income": 47,
        "EBIT": 62,
        "Net Income": 26
    },
    "2009-09-30": {
        "Diluted EPS": 0.78,
        "Total Revenue": 740,
        "Gross Profit": 229,
        "Operating Income": 46,
        "EBIT": 58,
        "Net Income": 24
    },
    "2009-06-30": {
        "Diluted EPS": 0.91,
        "Total Revenue": 729,
        "Gross Profit": 224,
        "Operating Income": 53,
        "EBIT": 64,
        "Net Income": 27
    },
    "2009-03-31": {
        "Diluted EPS": 0.72,
        "Total Revenue": 674,
        "Gross Profit": 212,
        "Operating Income": 45,
        "EBIT": 57,
        "Net Income": 22
    }
}