{
    "2023-03-31": {
        "Tax Effect Of Unusual Items": -1146950.0,
        "Tax Rate For Calcs": 0.226,
        "Total Unusual Items": -5075000.0,
        "Total Unusual Items Excluding Goodwill": -5075000.0,
        "Net Income From Continuing Operation Net Minority Interest": 76629000.0,
        "Reconciled Depreciation": 64381000.0,
        "Net Interest Income": 354270000.0,
        "Interest Expense": 171862000.0,
        "Interest Income": 526132000.0,
        "Normalized Income": 80557050.0,
        "Net Income From Continuing And Discontinued Operation": 76629000.0,
        "Diluted Average Shares": 183909000.0,
        "Basic Average Shares": 182460000.0,
        "Diluted EPS": 0.4,
        "Basic EPS": 0.41,
        "Diluted NI Availto Com Stockholders": 74257000.0,
        "Net Income Common Stockholders": 74257000.0,
        "Preferred Stock Dividends": 2372000.0,
        "Net Income": 76629000.0,
        "Net Income Including Noncontrolling Interests": 76629000.0,
        "Net Income Continuous Operations": 76629000.0,
        "Tax Provision": 22433000.0,
        "Pretax Income": 99062000.0,
        "Special Income Charges": -5075000.0,
        "Other Special Charges": NaN,
        "Restructuring And Mergern Acquisition": 5075000.0,
        "Gain On Sale Of Security": -51261000.0,
        "Depreciation Amortization Depletion Income Statement": 5005000.0,
        "Depreciation And Amortization In Income Statement": 5005000.0,
        "Amortization": 5005000.0,
        "Amortization Of Intangibles Income Statement": 5005000.0,
        "Selling General And Administration": 208394000.0,
        "Selling And Marketing Expense": 4331000.0,
        "General And Administrative Expense": 204063000.0,
        "Insurance And Claims": 8361000.0,
        "Salaries And Wages": 195702000.0,
        "Total Revenue": 428341000.0,
        "Operating Revenue": 428341000.0
    },
    "2022-12-31": {
        "Tax Effect Of Unusual Items": -6132453.896929,
        "Tax Rate For Calcs": 0.232264,
        "Total Unusual Items": -26403000.0,
        "Total Unusual Items Excluding Goodwill": -26403000.0,
        "Net Income From Continuing Operation Net Minority Interest": 97934000.0,
        "Reconciled Depreciation": 90426000.0,
        "Net Interest Income": 359361000.0,
        "Interest Expense": 114188000.0,
        "Interest Income": 473549000.0,
        "Normalized Income": 118204546.103071,
        "Net Income From Continuing And Discontinued Operation": 97934000.0,
        "Diluted Average Shares": NaN,
        "Basic Average Shares": NaN,
        "Diluted EPS": NaN,
        "Basic EPS": NaN,
        "Diluted NI Availto Com Stockholders": 95562000.0,
        "Net Income Common Stockholders": 95562000.0,
        "Preferred Stock Dividends": 2372000.0,
        "Net Income": 97934000.0,
        "Net Income Including Noncontrolling Interests": 97934000.0,
        "Net Income Continuous Operations": 97934000.0,
        "Tax Provision": 29628000.0,
        "Pretax Income": 127562000.0,
        "Special Income Charges": -26403000.0,
        "Other Special Charges": 6127000.0,
        "Restructuring And Mergern Acquisition": 20276000.0,
        "Gain On Sale Of Security": -595000.0,
        "Depreciation Amortization Depletion Income Statement": 5250000.0,
        "Depreciation And Amortization In Income Statement": 5250000.0,
        "Amortization": 5250000.0,
        "Amortization Of Intangibles Income Statement": 5250000.0,
        "Selling General And Administration": 133863000.0,
        "Selling And Marketing Expense": 28659000.0,
        "General And Administrative Expense": 105204000.0,
        "Insurance And Claims": 5931000.0,
        "Salaries And Wages": 183917000.0,
        "Total Revenue": 474233000.0,
        "Operating Revenue": 474233000.0
    },
    "2022-09-30": {
        "Tax Effect Of Unusual Items": -5172194.0,
        "Tax Rate For Calcs": 0.229,
        "Total Unusual Items": -22586000.0,
        "Total Unusual Items Excluding Goodwill": -22586000.0,
        "Net Income From Continuing Operation Net Minority Interest": 123398000.0,
        "Reconciled Depreciation": 49572000.0,
        "Net Interest Income": 355354000.0,
        "Interest Expense": 50205000.0,
        "Interest Income": 405559000.0,
        "Normalized Income": 140811806.0,
        "Net Income From Continuing And Discontinued Operation": 123398000.0,
        "Diluted Average Shares": 183372727.0,
        "Basic Average Shares": 183372727.0,
        "Diluted EPS": 0.66,
        "Basic EPS": 0.66,
        "Diluted NI Availto Com Stockholders": 121026000.0,
        "Net Income Common Stockholders": 121026000.0,
        "Preferred Stock Dividends": 2372000.0,
        "Net Income": 123398000.0,
        "Net Income Including Noncontrolling Interests": 123398000.0,
        "Net Income Continuous Operations": 123398000.0,
        "Tax Provision": 36713000.0,
        "Pretax Income": 160111000.0,
        "Special Income Charges": -22586000.0,
        "Other Special Charges": 2896000.0,
        "Restructuring And Mergern Acquisition": 19690000.0,
        "Gain On Sale Of Security": -139000.0,
        "Depreciation Amortization Depletion Income Statement": 5417000.0,
        "Depreciation And Amortization In Income Statement": 5417000.0,
        "Amortization": 5417000.0,
        "Amortization Of Intangibles Income Statement": 5417000.0,
        "Selling General And Administration": 231836000.0,
        "Selling And Marketing Expense": 4085000.0,
        "General And Administrative Expense": 227751000.0,
        "Other Gand A": 32059000.0,
        "Insurance And Claims": 4499000.0,
        "Salaries And Wages": 191193000.0,
        "Total Revenue": 479845000.0,
        "Operating Revenue": 479845000.0
    },
    "2022-06-30": {
        "Tax Effect Of Unusual Items": -1614828.0,
        "Tax Rate For Calcs": 0.222,
        "Total Unusual Items": -7274000.0,
        "Total Unusual Items Excluding Goodwill": -7274000.0,
        "Net Income From Continuing Operation Net Minority Interest": 126958000.0,
        "Reconciled Depreciation": 56091000.0,
        "Net Interest Income": 324766000.0,
        "Interest Expense": 24789000.0,
        "Interest Income": 349555000.0,
        "Normalized Income": 132617172.0,
        "Net Income From Continuing And Discontinued Operation": 126958000.0,
        "Diluted Average Shares": 183711000.0,
        "Basic Average Shares": 183067000.0,
        "Diluted EPS": 0.68,
        "Basic EPS": 0.68,
        "Diluted NI Availto Com Stockholders": 124586000.0,
        "Net Income Common Stockholders": 124586000.0,
        "Preferred Stock Dividends": 2372000.0,
        "Net Income": 126958000.0,
        "Net Income Including Noncontrolling Interests": 126958000.0,
        "Net Income Continuous Operations": 126958000.0,
        "Tax Provision": 36154000.0,
        "Pretax Income": 163112000.0,
        "Special Income Charges": -7274000.0,
        "Other Special Charges": NaN,
        "Restructuring And Mergern Acquisition": 7274000.0,
        "Gain On Sale Of Security": 1446000.0,
        "Depreciation Amortization Depletion Income Statement": 3042000.0,
        "Depreciation And Amortization In Income Statement": 3042000.0,
        "Amortization": 3042000.0,
        "Amortization Of Intangibles Income Statement": 3042000.0,
        "Selling General And Administration": 224543000.0,
        "Selling And Marketing Expense": 4417000.0,
        "General And Administrative Expense": 220126000.0,
        "Other Gand A": 33087000.0,
        "Insurance And Claims": 4945000.0,
        "Salaries And Wages": 182094000.0,
        "Total Revenue": 450000000.0,
        "Operating Revenue": 450000000.0
    },
    "2023-06-30": {
        "Tax Effect Of Unusual Items": -30688.0,
        "Tax Rate For Calcs": 0.224,
        "Total Unusual Items": -137000.0,
        "Total Unusual Items Excluding Goodwill": -137000.0,
        "Net Income From Continuing Operation Net Minority Interest": 114028000.0,
        "Reconciled Depreciation": 64265000.0,
        "Net Interest Income": 333551000.0,
        "Interest Expense": 239868000.0,
        "Interest Income": 573419000.0,
        "Normalized Income": 114134312.0,
        "Net Income From Continuing And Discontinued Operation": 114028000.0,
        "Diluted Average Shares": 183632000.0,
        "Basic Average Shares": 182668000.0,
        "Diluted EPS": 0.61,
        "Basic EPS": 0.61,
        "Diluted NI Availto Com Stockholders": 111656000.0,
        "Net Income Common Stockholders": 111656000.0,
        "Preferred Stock Dividends": 2372000.0,
        "Net Income": 114028000.0,
        "Net Income Including Noncontrolling Interests": 114028000.0,
        "Net Income Continuous Operations": 114028000.0,
        "Tax Provision": 32935000.0,
        "Pretax Income": 146963000.0,
        "Special Income Charges": -137000.0,
        "Other Special Charges": NaN,
        "Restructuring And Mergern Acquisition": 137000.0,
        "Gain On Sale Of Security": 69000.0,
        "Depreciation Amortization Depletion Income Statement": 6626000.0,
        "Depreciation And Amortization In Income Statement": 6626000.0,
        "Amortization": 6626000.0,
        "Amortization Of Intangibles Income Statement": 6626000.0,
        "Selling General And Administration": 204267000.0,
        "Selling And Marketing Expense": 5708000.0,
        "General And Administrative Expense": 198559000.0,
        "Insurance And Claims": 7705000.0,
        "Salaries And Wages": 190854000.0,
        "Total Revenue": 465841000.0,
        "Operating Revenue": 465841000.0
    },
    "2022-03-31": {
        "Diluted EPS": 0.6,
        "Total Revenue": 460,
        "Gross Profit": 440,
        "Operating Income": 153,
        "EBIT": NaN,
        "Net Income": 113
    },
    "2021-12-31": {
        "Diluted EPS": -0.57,
        "Total Revenue": 394,
        "Gross Profit": 375,
        "Operating Income": 10,
        "EBIT": NaN,
        "Net Income": -37
    },
    "2021-09-30": {
        "Diluted EPS": 0.65,
        "Total Revenue": 284,
        "Gross Profit": 266,
        "Operating Income": 97,
        "EBIT": NaN,
        "Net Income": 70
    },
    "2021-06-30": {
        "Diluted EPS": 0.69,
        "Total Revenue": 301,
        "Gross Profit": 282,
        "Operating Income": 107,
        "EBIT": NaN,
        "Net Income": 73
    },
    "2021-03-31": {
        "Diluted EPS": 0.77,
        "Total Revenue": 281,
        "Gross Profit": 261,
        "Operating Income": 107,
        "EBIT": NaN,
        "Net Income": 79
    },
    "2020-12-31": {
        "Diluted EPS": 0.64,
        "Total Revenue": 278,
        "Gross Profit": 256,
        "Operating Income": 94,
        "EBIT": NaN,
        "Net Income": 66
    },
    "2020-09-30": {
        "Diluted EPS": 0.7,
        "Total Revenue": 291,
        "Gross Profit": 266,
        "Operating Income": 95,
        "EBIT": NaN,
        "Net Income": 71
    },
    "2020-06-30": {
        "Diluted EPS": 0.57,
        "Total Revenue": 289,
        "Gross Profit": 262,
        "Operating Income": 79,
        "EBIT": NaN,
        "Net Income": 59
    },
    "2020-03-31": {
        "Diluted EPS": 0.21,
        "Total Revenue": 279,
        "Gross Profit": 244,
        "Operating Income": 30,
        "EBIT": NaN,
        "Net Income": 22
    },
    "2019-12-31": {
        "Diluted EPS": 0.62,
        "Total Revenue": 279,
        "Gross Profit": 245,
        "Operating Income": 97,
        "EBIT": NaN,
        "Net Income": 66
    },
    "2019-09-30": {
        "Diluted EPS": 0.63,
        "Total Revenue": 274,
        "Gross Profit": 242,
        "Operating Income": 82,
        "EBIT": NaN,
        "Net Income": 64
    },
    "2019-06-30": {
        "Diluted EPS": 0.53,
        "Total Revenue": 257,
        "Gross Profit": 226,
        "Operating Income": 68,
        "EBIT": NaN,
        "Net Income": 53
    },
    "2019-03-31": {
        "Diluted EPS": 0.52,
        "Total Revenue": 245,
        "Gross Profit": 217,
        "Operating Income": 66,
        "EBIT": NaN,
        "Net Income": 52
    },
    "2018-12-31": {
        "Diluted EPS": 0.47,
        "Total Revenue": 238,
        "Gross Profit": 212,
        "Operating Income": 59,
        "EBIT": NaN,
        "Net Income": 47
    },
    "2018-09-30": {
        "Diluted EPS": 0.67,
        "Total Revenue": 235,
        "Gross Profit": 214,
        "Operating Income": 71,
        "EBIT": NaN,
        "Net Income": 67
    },
    "2018-06-30": {
        "Diluted EPS": 0.55,
        "Total Revenue": 232,
        "Gross Profit": 215,
        "Operating Income": 67,
        "EBIT": NaN,
        "Net Income": 54
    },
    "2018-03-31": {
        "Diluted EPS": 0.54,
        "Total Revenue": 231,
        "Gross Profit": 217,
        "Operating Income": 68,
        "EBIT": NaN,
        "Net Income": 53
    },
    "2017-12-31": {
        "Diluted EPS": 0.42,
        "Total Revenue": 195,
        "Gross Profit": 184,
        "Operating Income": 53,
        "EBIT": NaN,
        "Net Income": 38
    },
    "2017-09-30": {
        "Diluted EPS": 0.43,
        "Total Revenue": 197,
        "Gross Profit": 187,
        "Operating Income": 59,
        "EBIT": NaN,
        "Net Income": 40
    },
    "2017-06-30": {
        "Diluted EPS": 0.41,
        "Total Revenue": 195,
        "Gross Profit": 186,
        "Operating Income": 57,
        "EBIT": NaN,
        "Net Income": 38
    },
    "2017-03-31": {
        "Diluted EPS": 0.41,
        "Total Revenue": 194,
        "Gross Profit": 185,
        "Operating Income": 57,
        "EBIT": NaN,
        "Net Income": 38
    },
    "2016-12-31": {
        "Diluted EPS": 0.4,
        "Total Revenue": 195,
        "Gross Profit": 187,
        "Operating Income": 50,
        "EBIT": NaN,
        "Net Income": 38
    },
    "2016-09-30": {
        "Diluted EPS": 0.4,
        "Total Revenue": 192,
        "Gross Profit": 184,
        "Operating Income": 56,
        "EBIT": NaN,
        "Net Income": 38
    },
    "2016-06-30": {
        "Diluted EPS": 0.37,
        "Total Revenue": 188,
        "Gross Profit": 181,
        "Operating Income": 51,
        "EBIT": NaN,
        "Net Income": 35
    },
    "2016-03-31": {
        "Diluted EPS": 0.24,
        "Total Revenue": 183,
        "Gross Profit": 176,
        "Operating Income": 33,
        "EBIT": NaN,
        "Net Income": 23
    },
    "2015-12-31": {
        "Diluted EPS": 0.23,
        "Total Revenue": 182,
        "Gross Profit": 175,
        "Operating Income": 28,
        "EBIT": NaN,
        "Net Income": 21
    },
    "2015-09-30": {
        "Diluted EPS": 0.36,
        "Total Revenue": 181,
        "Gross Profit": 174,
        "Operating Income": 51,
        "EBIT": NaN,
        "Net Income": 34
    },
    "2015-06-30": {
        "Diluted EPS": 0.41,
        "Total Revenue": 189,
        "Gross Profit": 182,
        "Operating Income": 58,
        "EBIT": NaN,
        "Net Income": 40
    },
    "2015-03-31": {
        "Diluted EPS": 0.33,
        "Total Revenue": 187,
        "Gross Profit": 179,
        "Operating Income": 47,
        "EBIT": NaN,
        "Net Income": 32
    },
    "2014-12-31": {
        "Diluted EPS": 0.29,
        "Total Revenue": 178,
        "Gross Profit": 170,
        "Operating Income": 48,
        "EBIT": NaN,
        "Net Income": 29
    },
    "2014-09-30": {
        "Diluted EPS": 0.3,
        "Total Revenue": 183,
        "Gross Profit": 175,
        "Operating Income": 41,
        "EBIT": NaN,
        "Net Income": 29
    },
    "2014-06-30": {
        "Diluted EPS": 0.32,
        "Total Revenue": 181,
        "Gross Profit": 173,
        "Operating Income": 45,
        "EBIT": NaN,
        "Net Income": 31
    },
    "2014-03-31": {
        "Diluted EPS": 0.3,
        "Total Revenue": 177,
        "Gross Profit": 168,
        "Operating Income": 41,
        "EBIT": NaN,
        "Net Income": 28
    },
    "2013-12-31": {
        "Diluted EPS": 0.29,
        "Total Revenue": 178,
        "Gross Profit": 168,
        "Operating Income": 40,
        "EBIT": NaN,
        "Net Income": 28
    },
    "2013-09-30": {
        "Diluted EPS": 0.26,
        "Total Revenue": 174,
        "Gross Profit": 163,
        "Operating Income": 36,
        "EBIT": NaN,
        "Net Income": 25
    },
    "2013-06-30": {
        "Diluted EPS": 0.22,
        "Total Revenue": 188,
        "Gross Profit": 174,
        "Operating Income": 29,
        "EBIT": NaN,
        "Net Income": 21
    },
    "2013-03-31": {
        "Diluted EPS": 0.22,
        "Total Revenue": 184,
        "Gross Profit": 169,
        "Operating Income": 30,
        "EBIT": NaN,
        "Net Income": 21
    },
    "2012-12-31": {
        "Diluted EPS": 0.18,
        "Total Revenue": 188,
        "Gross Profit": 172,
        "Operating Income": 39,
        "EBIT": NaN,
        "Net Income": 17
    },
    "2012-09-30": {
        "Diluted EPS": 0.25,
        "Total Revenue": 191,
        "Gross Profit": 174,
        "Operating Income": 34,
        "EBIT": NaN,
        "Net Income": 24
    },
    "2012-06-30": {
        "Diluted EPS": 0.22,
        "Total Revenue": 190,
        "Gross Profit": 171,
        "Operating Income": 29,
        "EBIT": NaN,
        "Net Income": 21
    },
    "2012-03-31": {
        "Diluted EPS": 0.25,
        "Total Revenue": 198,
        "Gross Profit": 178,
        "Operating Income": 32,
        "EBIT": NaN,
        "Net Income": 23
    },
    "2011-12-31": {
        "Diluted EPS": 0.17,
        "Total Revenue": 195,
        "Gross Profit": 173,
        "Operating Income": 2,
        "EBIT": NaN,
        "Net Income": 13
    },
    "2011-09-30": {
        "Diluted EPS": 0.14,
        "Total Revenue": 194,
        "Gross Profit": 170,
        "Operating Income": 14,
        "EBIT": NaN,
        "Net Income": 12
    },
    "2011-06-30": {
        "Diluted EPS": 0.15,
        "Total Revenue": 212,
        "Gross Profit": 185,
        "Operating Income": 16,
        "EBIT": NaN,
        "Net Income": 13
    },
    "2011-03-31": {
        "Diluted EPS": -0.01,
        "Total Revenue": 207,
        "Gross Profit": 178,
        "Operating Income": -6,
        "EBIT": NaN,
        "Net Income": 0
    },
    "2010-12-31": {
        "Diluted EPS": 0.19,
        "Total Revenue": 217,
        "Gross Profit": 184,
        "Operating Income": 17,
        "EBIT": NaN,
        "Net Income": 16
    },
    "2010-09-30": {
        "Diluted EPS": 0.13,
        "Total Revenue": 215,
        "Gross Profit": 179,
        "Operating Income": 1,
        "EBIT": NaN,
        "Net Income": 11
    },
    "2010-06-30": {
        "Diluted EPS": -0.15,
        "Total Revenue": 203,
        "Gross Profit": 166,
        "Operating Income": -16,
        "EBIT": NaN,
        "Net Income": -13
    },
    "2010-03-31": {
        "Diluted EPS": 0.1,
        "Total Revenue": 212,
        "Gross Profit": 175,
        "Operating Income": 11,
        "EBIT": NaN,
        "Net Income": 8
    },
    "2009-12-31": {
        "Diluted EPS": -0.03,
        "Total Revenue": 217,
        "Gross Profit": 177,
        "Operating Income": -9,
        "EBIT": NaN,
        "Net Income": -2
    },
    "2009-09-30": {
        "Diluted EPS": 0.26,
        "Total Revenue": 216,
        "Gross Profit": 174,
        "Operating Income": 29,
        "EBIT": NaN,
        "Net Income": 22
    },
    "2009-06-30": {
        "Diluted EPS": 0.41,
        "Total Revenue": 235,
        "Gross Profit": 191,
        "Operating Income": 50,
        "EBIT": NaN,
        "Net Income": 34
    },
    "2009-03-31": {
        "Diluted EPS": 0.35,
        "Total Revenue": 223,
        "Gross Profit": 178,
        "Operating Income": 43,
        "EBIT": NaN,
        "Net Income": 29
    },
    "2023-09-30": {
        "Tax Effect Of Unusual Items": -132000.0,
        "Tax Rate For Calcs": 0.22,
        "Total Unusual Items": -600000.0,
        "Total Unusual Items Excluding Goodwill": -600000.0,
        "Net Income From Continuing Operation Net Minority Interest": 92583000.0,
        "Reconciled Depreciation": 58553000.0,
        "Net Interest Income": 329019000.0,
        "Interest Expense": 266499000.0,
        "Interest Income": 595518000.0,
        "Normalized Income": 93051000.0,
        "Net Income From Continuing And Discontinued Operation": 92583000.0,
        "Diluted Average Shares": 184645000.0,
        "Basic Average Shares": 182617000.0,
        "Diluted EPS": 0.49,
        "Basic EPS": 0.49,
        "Diluted NI Availto Com Stockholders": 90211000.0,
        "Net Income Common Stockholders": 90211000.0,
        "Preferred Stock Dividends": 2372000.0,
        "Net Income": 92583000.0,
        "Net Income Including Noncontrolling Interests": 92583000.0,
        "Net Income Continuous Operations": 92583000.0,
        "Tax Provision": 26166000.0,
        "Pretax Income": 118749000.0,
        "Special Income Charges": -600000.0,
        "Other Special Charges": 600000.0,
        "Restructuring And Mergern Acquisition": 0.0,
        "Gain On Sale Of Security": 64000.0,
        "Depreciation Amortization Depletion Income Statement": 4971000.0,
        "Depreciation And Amortization In Income Statement": 4971000.0,
        "Amortization": 4971000.0,
        "Amortization Of Intangibles Income Statement": 4971000.0,
        "Selling General And Administration": 210975000.0,
        "Selling And Marketing Expense": 5738000.0,
        "General And Administrative Expense": 205237000.0,
        "Insurance And Claims": 10425000.0,
        "Salaries And Wages": 194812000.0,
        "Total Revenue": 448016000.0,
        "Operating Revenue": 448016000.0
    }
}