{
    "2023-04-30": {
        "Tax Effect Of Unusual Items": 0.0,
        "Tax Rate For Calcs": 0.235,
        "Normalized EBITDA": 63793000.0,
        "Total Unusual Items": NaN,
        "Total Unusual Items Excluding Goodwill": NaN,
        "Net Income From Continuing Operation Net Minority Interest": 34727000.0,
        "Reconciled Depreciation": 12714000.0,
        "Reconciled Cost Of Revenue": 360052000.0,
        "EBITDA": 63793000.0,
        "EBIT": 51079000.0,
        "Net Interest Income": -5623000.0,
        "Interest Expense": 5623000.0,
        "Normalized Income": 34727000.0,
        "Net Income From Continuing And Discontinued Operation": 34727000.0,
        "Total Expenses": 613147000.0,
        "Total Operating Income As Reported": 49587000.0,
        "Diluted Average Shares": 34407000.0,
        "Basic Average Shares": 34407000.0,
        "Diluted EPS": 0.97,
        "Basic EPS": 0.97,
        "Diluted NI Availto Com Stockholders": 33249000.0,
        "Net Income Common Stockholders": 33249000.0,
        "Otherunder Preferred Stock Dividend": 1478000.0,
        "Net Income": 34727000.0,
        "Minority Interests": -65000.0,
        "Net Income Including Noncontrolling Interests": 34792000.0,
        "Net Income Continuous Operations": 34792000.0,
        "Tax Provision": 10664000.0,
        "Pretax Income": 45456000.0,
        "Other Income Expense": 1492000.0,
        "Other Non Operating Income Expenses": 1492000.0,
        "Special Income Charges": NaN,
        "Restructuring And Mergern Acquisition": NaN,
        "Net Non Operating Interest Income Expense": -5623000.0,
        "Interest Expense Non Operating": 5623000.0,
        "Operating Income": 49587000.0,
        "Operating Expense": 253095000.0,
        "Selling General And Administration": 253095000.0,
        "Gross Profit": 302682000.0,
        "Cost Of Revenue": 360052000.0,
        "Total Revenue": 662734000.0,
        "Operating Revenue": 662734000.0
    },
    "2023-01-31": {
        "Tax Effect Of Unusual Items": 0.0,
        "Tax Rate For Calcs": 0.21,
        "Normalized EBITDA": 41517000.0,
        "Total Unusual Items": 0.0,
        "Total Unusual Items Excluding Goodwill": 0.0,
        "Net Income From Continuing Operation Net Minority Interest": 40809000.0,
        "Reconciled Depreciation": 12317000.0,
        "Reconciled Cost Of Revenue": 415246000.0,
        "EBITDA": 41517000.0,
        "EBIT": 29200000.0,
        "Net Interest Income": -5378000.0,
        "Interest Expense": 5378000.0,
        "Normalized Income": 40809000.0,
        "Net Income From Continuing And Discontinued Operation": 40809000.0,
        "Total Expenses": 670569000.0,
        "Total Operating Income As Reported": 25865000.0,
        "Diluted Average Shares": 34650000.0,
        "Basic Average Shares": 34102000.0,
        "Diluted EPS": 1.13,
        "Basic EPS": 1.14,
        "Diluted NI Availto Com Stockholders": 39044000.0,
        "Net Income Common Stockholders": 39044000.0,
        "Otherunder Preferred Stock Dividend": 1765000.0,
        "Net Income": 40809000.0,
        "Minority Interests": 1643000.0,
        "Net Income Including Noncontrolling Interests": 39166000.0,
        "Net Income Continuous Operations": 39166000.0,
        "Tax Provision": -15344000.0,
        "Pretax Income": 23822000.0,
        "Other Income Expense": 3335000.0,
        "Other Non Operating Income Expenses": 3335000.0,
        "Special Income Charges": 0.0,
        "Restructuring And Mergern Acquisition": 0.0,
        "Net Non Operating Interest Income Expense": -5378000.0,
        "Interest Expense Non Operating": 5378000.0,
        "Operating Income": 25865000.0,
        "Operating Expense": 255323000.0,
        "Selling General And Administration": 255323000.0,
        "Gross Profit": 281188000.0,
        "Cost Of Revenue": 415246000.0,
        "Total Revenue": 696434000.0,
        "Operating Revenue": 696434000.0
    },
    "2022-10-31": {
        "Tax Effect Of Unusual Items": -762420.0,
        "Tax Rate For Calcs": 0.262,
        "Normalized EBITDA": 72094000.0,
        "Total Unusual Items": -2910000.0,
        "Total Unusual Items Excluding Goodwill": -2910000.0,
        "Net Income From Continuing Operation Net Minority Interest": 39246000.0,
        "Reconciled Depreciation": 12340000.0,
        "Reconciled Cost Of Revenue": 458382000.0,
        "EBITDA": 69184000.0,
        "EBIT": 56844000.0,
        "Net Interest Income": -4003000.0,
        "Interest Expense": 4003000.0,
        "Normalized Income": 41393580.0,
        "Net Income From Continuing And Discontinued Operation": 39246000.0,
        "Total Expenses": 741501000.0,
        "Total Operating Income As Reported": 53847000.0,
        "Diluted Average Shares": 34886000.0,
        "Basic Average Shares": 34379000.0,
        "Diluted EPS": 1.08,
        "Basic EPS": 1.09,
        "Diluted NI Availto Com Stockholders": 37523000.0,
        "Net Income Common Stockholders": 37523000.0,
        "Otherunder Preferred Stock Dividend": 1723000.0,
        "Net Income": 39246000.0,
        "Minority Interests": 254000.0,
        "Net Income Including Noncontrolling Interests": 38992000.0,
        "Net Income Continuous Operations": 38992000.0,
        "Tax Provision": 13849000.0,
        "Pretax Income": 52841000.0,
        "Other Income Expense": 87000.0,
        "Other Non Operating Income Expenses": 2997000.0,
        "Special Income Charges": -2910000.0,
        "Restructuring And Mergern Acquisition": 2910000.0,
        "Net Non Operating Interest Income Expense": -4003000.0,
        "Interest Expense Non Operating": 4003000.0,
        "Operating Income": 56757000.0,
        "Operating Expense": 283119000.0,
        "Selling General And Administration": 283119000.0,
        "Gross Profit": 339876000.0,
        "Cost Of Revenue": 458382000.0,
        "Total Revenue": 798258000.0,
        "Operating Revenue": 798258000.0
    },
    "2022-07-31": {
        "Tax Effect Of Unusual Items": 0.0,
        "Tax Rate For Calcs": 0.253429,
        "Normalized EBITDA": 71637000.0,
        "Total Unusual Items": 0.0,
        "Total Unusual Items Excluding Goodwill": 0.0,
        "Net Income From Continuing Operation Net Minority Interest": 51178000.0,
        "Reconciled Depreciation": 11997000.0,
        "Reconciled Cost Of Revenue": 401515000.0,
        "EBITDA": 71637000.0,
        "EBIT": 71637000.0,
        "Net Interest Income": -2584000.0,
        "Interest Expense": 2584000.0,
        "Normalized Income": 51178000.0,
        "Net Income From Continuing And Discontinued Operation": 51178000.0,
        "Total Expenses": 669910000.0,
        "Total Operating Income As Reported": 68420000.0,
        "Diluted Average Shares": 35498000.0,
        "Basic Average Shares": 35031000.0,
        "Diluted EPS": 1.38,
        "Basic EPS": 1.4,
        "Diluted NI Availto Com Stockholders": 48952000.0,
        "Net Income Common Stockholders": 48952000.0,
        "Otherunder Preferred Stock Dividend": 2226000.0,
        "Net Income": 51178000.0,
        "Minority Interests": -375000.0,
        "Net Income Including Noncontrolling Interests": 51553000.0,
        "Net Income Continuous Operations": 51553000.0,
        "Tax Provision": 17500000.0,
        "Pretax Income": 69053000.0,
        "Other Income Expense": 3217000.0,
        "Other Non Operating Income Expenses": 3217000.0,
        "Special Income Charges": 0.0,
        "Restructuring And Mergern Acquisition": 0.0,
        "Net Non Operating Interest Income Expense": -2584000.0,
        "Interest Expense Non Operating": 2584000.0,
        "Operating Income": 68420000.0,
        "Operating Expense": 268395000.0,
        "Selling General And Administration": 268395000.0,
        "Gross Profit": 336815000.0,
        "Cost Of Revenue": 401515000.0,
        "Total Revenue": 738330000.0,
        "Operating Revenue": 738330000.0
    },
    "2023-05-31": {
        "Diluted EPS": 2.26,
        "Total Revenue": 689,
        "Gross Profit": 198,
        "Operating Income": 136,
        "EBIT": 151,
        "Net Income": 111
    },
    "2023-02-28": {
        "Diluted EPS": 6.62,
        "Total Revenue": 997,
        "Gross Profit": 463,
        "Operating Income": 408,
        "EBIT": 426,
        "Net Income": 323
    },
    "2022-11-30": {
        "Diluted EPS": 4.07,
        "Total Revenue": 802,
        "Gross Profit": 318,
        "Operating Income": 260,
        "EBIT": 277,
        "Net Income": 199
    },
    "2022-08-31": {
        "Diluted EPS": 2.57,
        "Total Revenue": 658,
        "Gross Profit": 217,
        "Operating Income": 164,
        "EBIT": 181,
        "Net Income": 125
    },
    "2022-05-31": {
        "Diluted EPS": 2.26,
        "Total Revenue": 593,
        "Gross Profit": 195,
        "Operating Income": 146,
        "EBIT": 164,
        "Net Income": 110
    },
    "2022-02-28": {
        "Diluted EPS": 0.81,
        "Total Revenue": 477,
        "Gross Profit": 92,
        "Operating Income": 40,
        "EBIT": 57,
        "Net Income": 40
    },
    "2021-11-30": {
        "Diluted EPS": 0.02,
        "Total Revenue": 382,
        "Gross Profit": 44,
        "Operating Income": -2,
        "EBIT": 15,
        "Net Income": 1
    },
    "2021-08-31": {
        "Diluted EPS": -0.37,
        "Total Revenue": 325,
        "Gross Profit": 7,
        "Operating Income": -40,
        "EBIT": -22,
        "Net Income": -18
    },
    "2021-05-31": {
        "Diluted EPS": -0.09,
        "Total Revenue": 350,
        "Gross Profit": 38,
        "Operating Income": -13,
        "EBIT": 3,
        "Net Income": -4
    },
    "2021-02-28": {
        "Diluted EPS": 0.28,
        "Total Revenue": 359,
        "Gross Profit": 48,
        "Operating Income": 0,
        "EBIT": 15,
        "Net Income": 14
    },
    "2020-11-30": {
        "Diluted EPS": 0.25,
        "Total Revenue": 347,
        "Gross Profit": 58,
        "Operating Income": 14,
        "EBIT": 29,
        "Net Income": 12
    },
    "2020-08-31": {
        "Diluted EPS": -0.4,
        "Total Revenue": 293,
        "Gross Profit": 17,
        "Operating Income": -27,
        "EBIT": -12,
        "Net Income": -19
    },
    "2020-05-31": {
        "Diluted EPS": 1.25,
        "Total Revenue": 453,
        "Gross Profit": 122,
        "Operating Income": 76,
        "EBIT": 92,
        "Net Income": 60
    },
    "2020-02-29": {
        "Diluted EPS": 0.28,
        "Total Revenue": 346,
        "Gross Profit": 50,
        "Operating Income": 5,
        "EBIT": 21,
        "Net Income": 14
    },
    "2019-11-30": {
        "Diluted EPS": -0.21,
        "Total Revenue": 312,
        "Gross Profit": 29,
        "Operating Income": -17,
        "EBIT": -3,
        "Net Income": -10
    },
    "2019-08-31": {
        "Diluted EPS": -0.94,
        "Total Revenue": 241,
        "Gross Profit": -21,
        "Operating Income": -63,
        "EBIT": -50,
        "Net Income": -46
    },
    "2019-05-31": {
        "Diluted EPS": -0.41,
        "Total Revenue": 281,
        "Gross Profit": 13,
        "Operating Income": -30,
        "EBIT": -16,
        "Net Income": -20
    },
    "2019-02-28": {
        "Diluted EPS": 0.82,
        "Total Revenue": 384,
        "Gross Profit": 82,
        "Operating Income": 38,
        "EBIT": 52,
        "Net Income": 40
    },
    "2018-11-30": {
        "Diluted EPS": 0.45,
        "Total Revenue": 356,
        "Gross Profit": 71,
        "Operating Income": 25,
        "EBIT": 39,
        "Net Income": 22
    },
    "2018-08-31": {
        "Diluted EPS": 0.26,
        "Total Revenue": 341,
        "Gross Profit": 57,
        "Operating Income": 13,
        "EBIT": 26,
        "Net Income": 12
    },
    "2018-05-31": {
        "Diluted EPS": 1.48,
        "Total Revenue": 443,
        "Gross Profit": 141,
        "Operating Income": 89,
        "EBIT": 105,
        "Net Income": 72
    },
    "2018-02-28": {
        "Diluted EPS": 1.99,
        "Total Revenue": 436,
        "Gross Profit": 120,
        "Operating Income": 76,
        "EBIT": 90,
        "Net Income": 96
    },
    "2017-11-30": {
        "Diluted EPS": -0.54,
        "Total Revenue": 361,
        "Gross Profit": 82,
        "Operating Income": -40,
        "EBIT": -27,
        "Net Income": -26
    },
    "2017-08-31": {
        "Diluted EPS": -0.33,
        "Total Revenue": 263,
        "Gross Profit": 17,
        "Operating Income": -24,
        "EBIT": -11,
        "Net Income": -16
    },
    "2017-05-31": {
        "Diluted EPS": -0.51,
        "Total Revenue": 275,
        "Gross Profit": 12,
        "Operating Income": -40,
        "EBIT": -24,
        "Net Income": -24
    },
    "2017-02-28": {
        "Diluted EPS": 0.09,
        "Total Revenue": 307,
        "Gross Profit": 39,
        "Operating Income": -5,
        "EBIT": 8,
        "Net Income": 4
    },
    "2016-11-30": {
        "Diluted EPS": -0.48,
        "Total Revenue": 254,
        "Gross Profit": 4,
        "Operating Income": -38,
        "EBIT": -26,
        "Net Income": -23
    },
    "2016-08-31": {
        "Diluted EPS": -0.64,
        "Total Revenue": 240,
        "Gross Profit": -10,
        "Operating Income": -50,
        "EBIT": -39,
        "Net Income": -31
    },
    "2016-05-31": {
        "Diluted EPS": -0.01,
        "Total Revenue": 303,
        "Gross Profit": 41,
        "Operating Income": 0,
        "EBIT": 18,
        "Net Income": 0
    },
    "2016-02-29": {
        "Diluted EPS": 1.33,
        "Total Revenue": 450,
        "Gross Profit": 133,
        "Operating Income": 86,
        "EBIT": 97,
        "Net Income": 64
    },
    "2015-11-30": {
        "Diluted EPS": 2.26,
        "Total Revenue": 546,
        "Gross Profit": 212,
        "Operating Income": 166,
        "EBIT": 177,
        "Net Income": 109
    },
    "2015-08-31": {
        "Diluted EPS": 2.95,
        "Total Revenue": 610,
        "Gross Profit": 263,
        "Operating Income": 220,
        "EBIT": 231,
        "Net Income": 143
    },
    "2015-05-31": {
        "Diluted EPS": 0.95,
        "Total Revenue": 403,
        "Gross Profit": 109,
        "Operating Income": 66,
        "EBIT": 76,
        "Net Income": 46
    },
    "2015-02-28": {
        "Diluted EPS": 1.05,
        "Total Revenue": 438,
        "Gross Profit": 113,
        "Operating Income": 72,
        "EBIT": 82,
        "Net Income": 51
    },
    "2014-11-30": {
        "Diluted EPS": 0.76,
        "Total Revenue": 379,
        "Gross Profit": 93,
        "Operating Income": 56,
        "EBIT": 66,
        "Net Income": 37
    },
    "2014-08-31": {
        "Diluted EPS": 0.57,
        "Total Revenue": 357,
        "Gross Profit": 81,
        "Operating Income": 41,
        "EBIT": 50,
        "Net Income": 28
    },
    "2014-05-31": {
        "Diluted EPS": 0.65,
        "Total Revenue": 372,
        "Gross Profit": 91,
        "Operating Income": 48,
        "EBIT": 57,
        "Net Income": 31
    },
    "2014-02-28": {
        "Diluted EPS": 0.89,
        "Total Revenue": 396,
        "Gross Profit": 92,
        "Operating Income": 47,
        "EBIT": 56,
        "Net Income": 43
    },
    "2013-11-30": {
        "Diluted EPS": 0.54,
        "Total Revenue": 354,
        "Gross Profit": 75,
        "Operating Income": 41,
        "EBIT": 50,
        "Net Income": 26
    },
    "2013-08-31": {
        "Diluted EPS": 0.18,
        "Total Revenue": 320,
        "Gross Profit": 45,
        "Operating Income": 11,
        "EBIT": 20,
        "Net Income": 9
    },
    "2013-05-31": {
        "Diluted EPS": -0.08,
        "Total Revenue": 326,
        "Gross Profit": 51,
        "Operating Income": -7,
        "EBIT": 2,
        "Net Income": -4
    },
    "2013-02-28": {
        "Diluted EPS": 0.64,
        "Total Revenue": 360,
        "Gross Profit": 67,
        "Operating Income": 31,
        "EBIT": 39,
        "Net Income": 31
    },
    "2012-11-30": {
        "Diluted EPS": 0.3,
        "Total Revenue": 329,
        "Gross Profit": 51,
        "Operating Income": 20,
        "EBIT": 29,
        "Net Income": 14
    },
    "2012-08-31": {
        "Diluted EPS": 0.2,
        "Total Revenue": 273,
        "Gross Profit": 45,
        "Operating Income": 16,
        "EBIT": 24,
        "Net Income": 9
    },
    "2012-05-31": {
        "Diluted EPS": 0.78,
        "Total Revenue": 275,
        "Gross Profit": 41,
        "Operating Income": 12,
        "EBIT": 20,
        "Net Income": 37
    },
    "2012-02-29": {
        "Diluted EPS": 0.55,
        "Total Revenue": 304,
        "Gross Profit": 65,
        "Operating Income": 35,
        "EBIT": 42,
        "Net Income": 26
    },
    "2011-11-30": {
        "Diluted EPS": 0.49,
        "Total Revenue": 290,
        "Gross Profit": 61,
        "Operating Income": 36,
        "EBIT": 43,
        "Net Income": 23
    },
    "2011-08-31": {
        "Diluted EPS": 0.07,
        "Total Revenue": 244,
        "Gross Profit": 34,
        "Operating Income": 6,
        "EBIT": 14,
        "Net Income": 3
    },
    "2011-05-31": {
        "Diluted EPS": 0.16,
        "Total Revenue": 242,
        "Gross Profit": 41,
        "Operating Income": 14,
        "EBIT": 21,
        "Net Income": 7
    },
    "2011-02-28": {
        "Diluted EPS": 0.7,
        "Total Revenue": 275,
        "Gross Profit": 66,
        "Operating Income": 39,
        "EBIT": 47,
        "Net Income": 34
    },
    "2010-11-30": {
        "Diluted EPS": 0.32,
        "Total Revenue": 235,
        "Gross Profit": 45,
        "Operating Income": 23,
        "EBIT": 30,
        "Net Income": 15
    },
    "2010-08-31": {
        "Diluted EPS": 0.1,
        "Total Revenue": 190,
        "Gross Profit": 33,
        "Operating Income": 8,
        "EBIT": 16,
        "Net Income": 5
    },
    "2010-05-31": {
        "Diluted EPS": 0.44,
        "Total Revenue": 222,
        "Gross Profit": 55,
        "Operating Income": 33,
        "EBIT": 42,
        "Net Income": 21
    },
    "2010-02-28": {
        "Diluted EPS": 0.73,
        "Total Revenue": 271,
        "Gross Profit": 75,
        "Operating Income": 50,
        "EBIT": 57,
        "Net Income": 35
    },
    "2009-11-30": {
        "Diluted EPS": 0.34,
        "Total Revenue": 229,
        "Gross Profit": 47,
        "Operating Income": 25,
        "EBIT": 33,
        "Net Income": 16
    },
    "2009-08-31": {
        "Diluted EPS": -0.08,
        "Total Revenue": 188,
        "Gross Profit": 18,
        "Operating Income": -5,
        "EBIT": 2,
        "Net Income": -4
    },
    "2009-05-31": {
        "Diluted EPS": 0.22,
        "Total Revenue": 214,
        "Gross Profit": 38,
        "Operating Income": 15,
        "EBIT": 24,
        "Net Income": 10
    },
    "2009-02-28": {
        "Diluted EPS": 0.65,
        "Total Revenue": 270,
        "Gross Profit": 68,
        "Operating Income": 45,
        "EBIT": 53,
        "Net Income": 31
    },
    "2023-07-31": {
        "Tax Effect Of Unusual Items": -421632.0,
        "Tax Rate For Calcs": 0.256,
        "Normalized EBITDA": 65700000.0,
        "Total Unusual Items": -1647000.0,
        "Total Unusual Items Excluding Goodwill": -1647000.0,
        "Net Income From Continuing Operation Net Minority Interest": 33943000.0,
        "Reconciled Depreciation": 12734000.0,
        "Reconciled Cost Of Revenue": 381360000.0,
        "EBITDA": 64053000.0,
        "EBIT": 51319000.0,
        "Net Interest Income": -5128000.0,
        "Interest Expense": 5128000.0,
        "Normalized Income": 35168368.0,
        "Net Income From Continuing And Discontinued Operation": 33943000.0,
        "Total Expenses": 644183000.0,
        "Total Operating Income As Reported": 49703000.0,
        "Diluted Average Shares": 34280000.0,
        "Basic Average Shares": 34280000.0,
        "Diluted EPS": 0.95,
        "Basic EPS": 0.95,
        "Diluted NI Availto Com Stockholders": 32430000.0,
        "Net Income Common Stockholders": 32430000.0,
        "Otherunder Preferred Stock Dividend": 1513000.0,
        "Net Income": 33943000.0,
        "Minority Interests": -422000.0,
        "Net Income Including Noncontrolling Interests": 34365000.0,
        "Net Income Continuous Operations": 34365000.0,
        "Tax Provision": 11826000.0,
        "Pretax Income": 46191000.0,
        "Other Income Expense": -31000.0,
        "Other Non Operating Income Expenses": 1616000.0,
        "Special Income Charges": -1647000.0,
        "Restructuring And Mergern Acquisition": 1647000.0,
        "Net Non Operating Interest Income Expense": -5128000.0,
        "Interest Expense Non Operating": 5128000.0,
        "Operating Income": 51350000.0,
        "Operating Expense": 262823000.0,
        "Selling General And Administration": 262823000.0,
        "Gross Profit": 314173000.0,
        "Cost Of Revenue": 381360000.0,
        "Total Revenue": 695533000.0,
        "Operating Revenue": 695407000.0
    },
    "2023-10-31": {
        "Tax Effect Of Unusual Items": -541440.0,
        "Tax Rate For Calcs": 0.235,
        "Normalized EBITDA": 81231000.0,
        "Total Unusual Items": -2304000.0,
        "Total Unusual Items Excluding Goodwill": -2304000.0,
        "Net Income From Continuing Operation Net Minority Interest": 46914000.0,
        "Reconciled Depreciation": 12957000.0,
        "Reconciled Cost Of Revenue": 421530000.0,
        "EBITDA": 78927000.0,
        "EBIT": 65970000.0,
        "Net Interest Income": -4488000.0,
        "Interest Expense": 4488000.0,
        "Normalized Income": 48676560.0,
        "Net Income From Continuing And Discontinued Operation": 46914000.0,
        "Total Expenses": 695182000.0,
        "Total Operating Income As Reported": 64418000.0,
        "Diluted Average Shares": 33933000.0,
        "Basic Average Shares": 33933000.0,
        "Diluted EPS": 1.32,
        "Basic EPS": 1.32,
        "Diluted NI Availto Com Stockholders": 44793000.0,
        "Net Income Common Stockholders": 44793000.0,
        "Otherunder Preferred Stock Dividend": 2121000.0,
        "Net Income": 46914000.0,
        "Minority Interests": -101000.0,
        "Net Income Including Noncontrolling Interests": 47015000.0,
        "Net Income Continuous Operations": 47015000.0,
        "Tax Provision": 14467000.0,
        "Pretax Income": 61482000.0,
        "Other Income Expense": -752000.0,
        "Other Non Operating Income Expenses": 1552000.0,
        "Special Income Charges": -2304000.0,
        "Restructuring And Mergern Acquisition": 2304000.0,
        "Net Non Operating Interest Income Expense": -4488000.0,
        "Interest Expense Non Operating": 4488000.0,
        "Operating Income": 66722000.0,
        "Operating Expense": 273652000.0,
        "Selling General And Administration": 273652000.0,
        "Gross Profit": 340374000.0,
        "Cost Of Revenue": 421530000.0,
        "Total Revenue": 761904000.0,
        "Operating Revenue": 761904000.0
    }
}