{
    "2023-06-30": {
        "Tax Effect Of Unusual Items": 0.0,
        "Tax Rate For Calcs": 0.297,
        "Net Income From Continuing Operation Net Minority Interest": 5440000.0,
        "Reconciled Depreciation": 231000.0,
        "Net Interest Income": 18646000.0,
        "Interest Expense": 8526000.0,
        "Interest Income": 27172000.0,
        "Normalized Income": 5440000.0,
        "Net Income From Continuing And Discontinued Operation": 5440000.0,
        "Diluted NI Availto Com Stockholders": 5440000.0,
        "Net Income Common Stockholders": 5440000.0,
        "Net Income": 5440000.0,
        "Net Income Including Noncontrolling Interests": 5440000.0,
        "Net Income Continuous Operations": 5440000.0,
        "Tax Provision": 2294000.0,
        "Pretax Income": 7734000.0,
        "Selling General And Administration": 7831000.0,
        "General And Administrative Expense": 7831000.0,
        "Salaries And Wages": 7831000.0,
        "Total Revenue": 19781000.0,
        "Operating Revenue": 19781000.0
    },
    "2023-03-31": {
        "Tax Effect Of Unusual Items": 0.0,
        "Tax Rate For Calcs": 0.289,
        "Net Income From Continuing Operation Net Minority Interest": 5451000.0,
        "Reconciled Depreciation": 251000.0,
        "Net Interest Income": 18757000.0,
        "Interest Expense": 6782000.0,
        "Interest Income": 25539000.0,
        "Normalized Income": 5451000.0,
        "Net Income From Continuing And Discontinued Operation": 5451000.0,
        "Diluted NI Availto Com Stockholders": 5451000.0,
        "Net Income Common Stockholders": 5451000.0,
        "Net Income": 5451000.0,
        "Net Income Including Noncontrolling Interests": 5451000.0,
        "Net Income Continuous Operations": 5451000.0,
        "Tax Provision": 2212000.0,
        "Pretax Income": 7663000.0,
        "Selling General And Administration": 7876000.0,
        "General And Administrative Expense": 7876000.0,
        "Salaries And Wages": 7876000.0,
        "Total Revenue": 19864000.0,
        "Operating Revenue": 19864000.0
    },
    "2022-12-31": {
        "Tax Effect Of Unusual Items": 0.0,
        "Tax Rate For Calcs": 0.303388,
        "Net Income From Continuing Operation Net Minority Interest": 7669000.0,
        "Reconciled Depreciation": 309000.0,
        "Net Interest Income": 21860000.0,
        "Interest Expense": 5620000.0,
        "Interest Income": 27480000.0,
        "Normalized Income": 7669000.0,
        "Net Income From Continuing And Discontinued Operation": 7669000.0,
        "Diluted NI Availto Com Stockholders": 7669000.0,
        "Net Income Common Stockholders": 7669000.0,
        "Net Income": 7669000.0,
        "Net Income Including Noncontrolling Interests": 7669000.0,
        "Net Income Continuous Operations": 7669000.0,
        "Tax Provision": 3340000.0,
        "Pretax Income": 11009000.0,
        "Selling General And Administration": 7443000.0,
        "General And Administrative Expense": 7443000.0,
        "Salaries And Wages": 7443000.0,
        "Total Revenue": 23822000.0,
        "Operating Revenue": 23822000.0
    },
    "2022-09-30": {
        "Tax Effect Of Unusual Items": 0.0,
        "Tax Rate For Calcs": 0.294764,
        "Net Income From Continuing Operation Net Minority Interest": 5522000.0,
        "Reconciled Depreciation": 390000.0,
        "Net Interest Income": 18363000.0,
        "Interest Expense": 2805000.0,
        "Interest Income": 21168000.0,
        "Normalized Income": 5522000.0,
        "Net Income From Continuing And Discontinued Operation": 5522000.0,
        "Diluted Average Shares": 8405669.0,
        "Basic Average Shares": 8322529.0,
        "Diluted EPS": 0.66,
        "Basic EPS": 0.66,
        "Diluted NI Availto Com Stockholders": 5522000.0,
        "Net Income Common Stockholders": 5522000.0,
        "Net Income": 5522000.0,
        "Net Income Including Noncontrolling Interests": 5522000.0,
        "Net Income Continuous Operations": 5522000.0,
        "Tax Provision": 2308000.0,
        "Pretax Income": 7830000.0,
        "Selling General And Administration": 7415000.0,
        "General And Administrative Expense": 7415000.0,
        "Salaries And Wages": 7415000.0,
        "Total Revenue": 19847000.0,
        "Operating Revenue": 19847000.0
    },
    "2022-06-30": {
        "Tax Effect Of Unusual Items": 0.0,
        "Tax Rate For Calcs": 0.277371,
        "Net Income From Continuing Operation Net Minority Interest": 4244000.0,
        "Reconciled Depreciation": 391000.0,
        "Net Interest Income": 16223000.0,
        "Interest Expense": 1483000.0,
        "Interest Income": 17706000.0,
        "Normalized Income": 4244000.0,
        "Net Income From Continuing And Discontinued Operation": 4244000.0,
        "Diluted Average Shares": 8395701.0,
        "Basic Average Shares": 8295014.0,
        "Diluted EPS": 0.51,
        "Basic EPS": 0.51,
        "Diluted NI Availto Com Stockholders": 4244000.0,
        "Net Income Common Stockholders": 4244000.0,
        "Net Income": 4244000.0,
        "Net Income Including Noncontrolling Interests": 4244000.0,
        "Net Income Continuous Operations": 4244000.0,
        "Tax Provision": 1629000.0,
        "Pretax Income": 5873000.0,
        "Selling General And Administration": 7146000.0,
        "General And Administrative Expense": 7146000.0,
        "Other Gand A": 599000.0,
        "Salaries And Wages": 7146000.0,
        "Total Revenue": 17617000.0,
        "Operating Revenue": 17617000.0
    },
    "2022-03-31": {
        "Diluted EPS": 0.44,
        "Total Revenue": 18,
        "Gross Profit": 17,
        "Operating Income": 5,
        "EBIT": NaN,
        "Net Income": 4
    },
    "2021-12-31": {
        "Diluted EPS": 0.38,
        "Total Revenue": 17,
        "Gross Profit": 15,
        "Operating Income": 4,
        "EBIT": NaN,
        "Net Income": 3
    },
    "2021-09-30": {
        "Diluted EPS": 0.39,
        "Total Revenue": 17,
        "Gross Profit": 15,
        "Operating Income": 4,
        "EBIT": NaN,
        "Net Income": 3
    },
    "2021-06-30": {
        "Diluted EPS": 0.5,
        "Total Revenue": 16,
        "Gross Profit": 15,
        "Operating Income": 6,
        "EBIT": NaN,
        "Net Income": 4
    },
    "2021-03-31": {
        "Diluted EPS": 0.34,
        "Total Revenue": 16,
        "Gross Profit": 14,
        "Operating Income": 4,
        "EBIT": NaN,
        "Net Income": 3
    },
    "2020-12-31": {
        "Diluted EPS": 0.22,
        "Total Revenue": 16,
        "Gross Profit": 14,
        "Operating Income": 3,
        "EBIT": NaN,
        "Net Income": 2
    },
    "2020-09-30": {
        "Diluted EPS": 0.06,
        "Total Revenue": 14,
        "Gross Profit": 12,
        "Operating Income": 1,
        "EBIT": NaN,
        "Net Income": 0
    },
    "2020-06-30": {
        "Diluted EPS": 0.19,
        "Total Revenue": 14,
        "Gross Profit": 12,
        "Operating Income": 2,
        "EBIT": NaN,
        "Net Income": 2
    },
    "2020-03-31": {
        "Diluted EPS": 0.06,
        "Total Revenue": 14,
        "Gross Profit": 11,
        "Operating Income": 1,
        "EBIT": NaN,
        "Net Income": 0
    },
    "2019-12-31": {
        "Diluted EPS": 0.07,
        "Total Revenue": 14,
        "Gross Profit": 12,
        "Operating Income": 1,
        "EBIT": NaN,
        "Net Income": 1
    },
    "2019-09-30": {
        "Diluted EPS": 0.25,
        "Total Revenue": 14,
        "Gross Profit": 12,
        "Operating Income": 3,
        "EBIT": NaN,
        "Net Income": 2
    },
    "2019-06-30": {
        "Diluted EPS": 0.31,
        "Total Revenue": 13,
        "Gross Profit": 11,
        "Operating Income": 3,
        "EBIT": NaN,
        "Net Income": 3
    },
    "2019-03-31": {
        "Diluted EPS": 0.23,
        "Total Revenue": 12,
        "Gross Profit": 11,
        "Operating Income": 3,
        "EBIT": NaN,
        "Net Income": 2
    },
    "2018-12-31": {
        "Diluted EPS": 0.25,
        "Total Revenue": 12,
        "Gross Profit": 10,
        "Operating Income": 3,
        "EBIT": NaN,
        "Net Income": 2
    },
    "2018-09-30": {
        "Diluted EPS": 0.34,
        "Total Revenue": 12,
        "Gross Profit": 10,
        "Operating Income": 4,
        "EBIT": NaN,
        "Net Income": 3
    },
    "2018-06-30": {
        "Diluted EPS": 0.32,
        "Total Revenue": 11,
        "Gross Profit": 9,
        "Operating Income": 3,
        "EBIT": NaN,
        "Net Income": 2
    },
    "2018-03-31": {
        "Diluted EPS": 0.28,
        "Total Revenue": 11,
        "Gross Profit": 9,
        "Operating Income": 3,
        "EBIT": NaN,
        "Net Income": 2
    },
    "2017-12-31": {
        "Diluted EPS": -0.01,
        "Total Revenue": 10,
        "Gross Profit": 9,
        "Operating Income": -2,
        "EBIT": NaN,
        "Net Income": 0
    },
    "2017-09-30": {
        "Diluted EPS": 0.31,
        "Total Revenue": 10,
        "Gross Profit": 9,
        "Operating Income": 3,
        "EBIT": NaN,
        "Net Income": 2
    },
    "2017-06-30": {
        "Diluted EPS": 0.28,
        "Total Revenue": 9,
        "Gross Profit": 9,
        "Operating Income": 2,
        "EBIT": NaN,
        "Net Income": 2
    },
    "2017-03-31": {
        "Diluted EPS": 0.27,
        "Total Revenue": 9,
        "Gross Profit": 8,
        "Operating Income": 7,
        "EBIT": NaN,
        "Net Income": 2
    },
    "2016-12-31": {
        "Diluted EPS": 0.26,
        "Total Revenue": 9,
        "Gross Profit": 8,
        "Operating Income": 8,
        "EBIT": NaN,
        "Net Income": 2
    },
    "2016-09-30": {
        "Diluted EPS": 0.23,
        "Total Revenue": 8,
        "Gross Profit": 8,
        "Operating Income": 7,
        "EBIT": NaN,
        "Net Income": 1
    },
    "2016-06-30": {
        "Diluted EPS": 0.17,
        "Total Revenue": 8,
        "Gross Profit": 7,
        "Operating Income": 7,
        "EBIT": NaN,
        "Net Income": 1
    },
    "2016-03-31": {
        "Diluted EPS": 0.15,
        "Total Revenue": 7,
        "Gross Profit": 7,
        "Operating Income": 7,
        "EBIT": NaN,
        "Net Income": 1
    },
    "2015-12-31": {
        "Diluted EPS": -0.06,
        "Total Revenue": 6,
        "Gross Profit": 5,
        "Operating Income": 5,
        "EBIT": NaN,
        "Net Income": 0
    },
    "2015-09-30": {
        "Diluted EPS": 0.19,
        "Total Revenue": 5,
        "Gross Profit": 5,
        "Operating Income": 5,
        "EBIT": NaN,
        "Net Income": 1
    },
    "2015-06-30": {
        "Diluted EPS": 0.17,
        "Total Revenue": 5,
        "Gross Profit": 5,
        "Operating Income": 5,
        "EBIT": NaN,
        "Net Income": 1
    },
    "2015-03-31": {
        "Diluted EPS": 0.15,
        "Total Revenue": 5,
        "Gross Profit": 4,
        "Operating Income": 4,
        "EBIT": NaN,
        "Net Income": 1
    },
    "2014-12-31": {
        "Diluted EPS": 0.12,
        "Total Revenue": 5,
        "Gross Profit": 4,
        "Operating Income": 4,
        "EBIT": NaN,
        "Net Income": 1
    },
    "2014-09-30": {
        "Diluted EPS": 0.16,
        "Total Revenue": 5,
        "Gross Profit": 4,
        "Operating Income": 4,
        "EBIT": NaN,
        "Net Income": 1
    },
    "2014-06-30": {
        "Diluted EPS": 0.31,
        "Total Revenue": 5,
        "Gross Profit": 4,
        "Operating Income": 4,
        "EBIT": NaN,
        "Net Income": 1
    },
    "2014-03-31": {
        "Diluted EPS": 0.25,
        "Total Revenue": 4,
        "Gross Profit": 4,
        "Operating Income": 4,
        "EBIT": NaN,
        "Net Income": 1
    },
    "2013-12-31": {
        "Diluted EPS": 0.18,
        "Total Revenue": 4,
        "Gross Profit": 4,
        "Operating Income": 4,
        "EBIT": NaN,
        "Net Income": 1
    },
    "2013-09-30": {
        "Diluted EPS": 0.25,
        "Total Revenue": 4,
        "Gross Profit": 4,
        "Operating Income": 4,
        "EBIT": NaN,
        "Net Income": 1
    },
    "2013-06-30": {
        "Diluted EPS": 0.2,
        "Total Revenue": 4,
        "Gross Profit": 3,
        "Operating Income": 3,
        "EBIT": NaN,
        "Net Income": 1
    },
    "2013-03-31": {
        "Diluted EPS": 0.18,
        "Total Revenue": 4,
        "Gross Profit": 3,
        "Operating Income": 3,
        "EBIT": NaN,
        "Net Income": 1
    },
    "2012-12-31": {
        "Diluted EPS": 0.17,
        "Total Revenue": 4,
        "Gross Profit": 4,
        "Operating Income": 3,
        "EBIT": NaN,
        "Net Income": 1
    },
    "2012-09-30": {
        "Diluted EPS": 0.16,
        "Total Revenue": 4,
        "Gross Profit": 3,
        "Operating Income": 3,
        "EBIT": NaN,
        "Net Income": 0
    },
    "2012-06-30": {
        "Diluted EPS": 0.1,
        "Total Revenue": 4,
        "Gross Profit": 3,
        "Operating Income": 3,
        "EBIT": NaN,
        "Net Income": 0
    },
    "2012-03-31": {
        "Diluted EPS": 0.11,
        "Total Revenue": 3,
        "Gross Profit": 3,
        "Operating Income": 3,
        "EBIT": NaN,
        "Net Income": 0
    },
    "2011-12-31": {
        "Diluted EPS": 0.06,
        "Total Revenue": 3,
        "Gross Profit": 3,
        "Operating Income": 2,
        "EBIT": NaN,
        "Net Income": 0
    },
    "2011-09-30": {
        "Diluted EPS": 0.06,
        "Total Revenue": 3,
        "Gross Profit": 3,
        "Operating Income": 2,
        "EBIT": NaN,
        "Net Income": 0
    },
    "2011-06-30": {
        "Diluted EPS": 0.05,
        "Total Revenue": 3,
        "Gross Profit": 2,
        "Operating Income": 2,
        "EBIT": NaN,
        "Net Income": 0
    },
    "2011-03-31": {
        "Diluted EPS": 0.05,
        "Total Revenue": 3,
        "Gross Profit": 2,
        "Operating Income": 2,
        "EBIT": NaN,
        "Net Income": 0
    },
    "2010-12-31": {
        "Diluted EPS": 1.02,
        "Total Revenue": 3,
        "Gross Profit": 2,
        "Operating Income": 1,
        "EBIT": NaN,
        "Net Income": 3
    },
    "2010-09-30": {
        "Diluted EPS": 0.1,
        "Total Revenue": 3,
        "Gross Profit": 2,
        "Operating Income": 2,
        "EBIT": NaN,
        "Net Income": 0
    },
    "2010-06-30": {
        "Diluted EPS": 0.06,
        "Total Revenue": 2,
        "Gross Profit": 2,
        "Operating Income": 2,
        "EBIT": NaN,
        "Net Income": 0
    },
    "2010-03-31": {
        "Diluted EPS": -0.09,
        "Total Revenue": 2,
        "Gross Profit": 2,
        "Operating Income": 1,
        "EBIT": NaN,
        "Net Income": 0
    },
    "2009-12-31": {
        "Diluted EPS": -0.09,
        "Total Revenue": 2,
        "Gross Profit": 2,
        "Operating Income": 1,
        "EBIT": NaN,
        "Net Income": 0
    },
    "2009-09-30": {
        "Diluted EPS": -0.05,
        "Total Revenue": 2,
        "Gross Profit": 2,
        "Operating Income": 1,
        "EBIT": NaN,
        "Net Income": 0
    },
    "2009-06-30": {
        "Diluted EPS": -0.26,
        "Total Revenue": 2,
        "Gross Profit": 1,
        "Operating Income": 1,
        "EBIT": NaN,
        "Net Income": -1
    },
    "2009-03-31": {
        "Diluted EPS": -0.21,
        "Total Revenue": 1,
        "Gross Profit": 1,
        "Operating Income": 1,
        "EBIT": NaN,
        "Net Income": -1
    },
    "2023-09-30": {
        "Tax Effect Of Unusual Items": 0.0,
        "Tax Rate For Calcs": 0.299,
        "Net Income From Continuing Operation Net Minority Interest": 5401000.0,
        "Reconciled Depreciation": 236000.0,
        "Net Interest Income": 18578000.0,
        "Interest Expense": 9516000.0,
        "Interest Income": 28094000.0,
        "Normalized Income": 5401000.0,
        "Net Income From Continuing And Discontinued Operation": 5401000.0,
        "Diluted NI Availto Com Stockholders": 5401000.0,
        "Net Income Common Stockholders": 5401000.0,
        "Net Income": 5401000.0,
        "Net Income Including Noncontrolling Interests": 5401000.0,
        "Net Income Continuous Operations": 5401000.0,
        "Tax Provision": 2306000.0,
        "Pretax Income": 7707000.0,
        "Selling General And Administration": 8238000.0,
        "General And Administrative Expense": 8238000.0,
        "Salaries And Wages": 8238000.0,
        "Total Revenue": 19872000.0,
        "Operating Revenue": 19872000.0
    }
}