{
    "2023-05-31": {
        "Tax Effect Of Unusual Items": 70801.219888,
        "Tax Rate For Calcs": 0.24247,
        "Normalized EBITDA": 189560000.0,
        "Total Unusual Items": 292000.0,
        "Total Unusual Items Excluding Goodwill": 292000.0,
        "Net Income From Continuing Operation Net Minority Interest": 110931000.0,
        "Reconciled Depreciation": 19036000.0,
        "Reconciled Cost Of Revenue": 490588000.0,
        "EBITDA": 189852000.0,
        "EBIT": 170816000.0,
        "Net Interest Income": 9011000.0,
        "Interest Income": 9594000.0,
        "Normalized Income": 110709801.219888,
        "Net Income From Continuing And Discontinued Operation": 110931000.0,
        "Total Expenses": 552747000.0,
        "Total Operating Income As Reported": 136225000.0,
        "Diluted Average Shares": NaN,
        "Basic Average Shares": NaN,
        "Diluted EPS": NaN,
        "Basic EPS": NaN,
        "Diluted NI Availto Com Stockholders": 110931000.0,
        "Net Income Common Stockholders": 110931000.0,
        "Net Income": 110931000.0,
        "Minority Interests": 396000.0,
        "Net Income Including Noncontrolling Interests": 110535000.0,
        "Net Income Continuous Operations": 110535000.0,
        "Tax Provision": 35380000.0,
        "Pretax Income": 145915000.0,
        "Other Income Expense": 971000.0,
        "Other Non Operating Income Expenses": 876000.0,
        "Special Income Charges": 292000.0,
        "Gain On Sale Of Ppe": 167000.0,
        "Other Special Charges": -125000.0,
        "Earnings From Equity Interest": -197000.0,
        "Gain On Sale Of Security": 0.0,
        "Net Non Operating Interest Income Expense": 9011000.0,
        "Interest Income Non Operating": 9594000.0,
        "Operating Income": 135933000.0,
        "Operating Expense": 62159000.0,
        "Selling General And Administration": 62159000.0,
        "Selling And Marketing Expense": 20004000.0,
        "General And Administrative Expense": 42155000.0,
        "Other Gand A": 22330000.0,
        "Salaries And Wages": 19825000.0,
        "Gross Profit": 198092000.0,
        "Cost Of Revenue": 490588000.0,
        "Total Revenue": 688680000.0,
        "Operating Revenue": 688680000.0
    },
    "2023-02-28": {
        "Tax Effect Of Unusual Items": 3236400.0,
        "Tax Rate For Calcs": 0.24,
        "Normalized EBITDA": 409521000.0,
        "Total Unusual Items": 13485000.0,
        "Total Unusual Items Excluding Goodwill": 13485000.0,
        "Net Income From Continuing Operation Net Minority Interest": 323219000.0,
        "Reconciled Depreciation": 18469000.0,
        "Reconciled Cost Of Revenue": 534467000.0,
        "EBITDA": 423006000.0,
        "EBIT": 404537000.0,
        "Net Interest Income": 6126000.0,
        "Interest Income": 6126000.0,
        "Normalized Income": 312970400.0,
        "Net Income From Continuing And Discontinued Operation": 323219000.0,
        "Total Expenses": 592956000.0,
        "Total Operating Income As Reported": 407783000.0,
        "Diluted Average Shares": 48842000.0,
        "Basic Average Shares": 48653000.0,
        "Diluted EPS": 6.62,
        "Basic EPS": 6.64,
        "Diluted NI Availto Com Stockholders": 323219000.0,
        "Net Income Common Stockholders": 323219000.0,
        "Net Income": 323219000.0,
        "Minority Interests": 450000.0,
        "Net Income Including Noncontrolling Interests": 322769000.0,
        "Net Income Continuous Operations": 322769000.0,
        "Tax Provision": 102118000.0,
        "Pretax Income": 424887000.0,
        "Other Income Expense": 14224000.0,
        "Other Non Operating Income Expenses": -1047000.0,
        "Special Income Charges": 3246000.0,
        "Gain On Sale Of Ppe": 26000.0,
        "Other Special Charges": -3220000.0,
        "Earnings From Equity Interest": 1786000.0,
        "Gain On Sale Of Security": 10239000.0,
        "Net Non Operating Interest Income Expense": 6126000.0,
        "Interest Income Non Operating": 6126000.0,
        "Operating Income": 404537000.0,
        "Operating Expense": 58489000.0,
        "Selling General And Administration": 58489000.0,
        "Selling And Marketing Expense": 19453000.0,
        "General And Administrative Expense": 39036000.0,
        "Other Gand A": 23652000.0,
        "Salaries And Wages": 15384000.0,
        "Gross Profit": 463026000.0,
        "Cost Of Revenue": 534467000.0,
        "Total Revenue": 997493000.0,
        "Operating Revenue": 997493000.0
    },
    "2022-11-30": {
        "Tax Effect Of Unusual Items": -7076.0,
        "Tax Rate For Calcs": 0.244,
        "Normalized EBITDA": 277343000.0,
        "Total Unusual Items": -29000.0,
        "Total Unusual Items Excluding Goodwill": -29000.0,
        "Net Income From Continuing Operation Net Minority Interest": 198587000.0,
        "Reconciled Depreciation": 17417000.0,
        "Reconciled Cost Of Revenue": 483851000.0,
        "EBITDA": 277314000.0,
        "EBIT": 259897000.0,
        "Net Interest Income": 1930000.0,
        "Interest Income": 1930000.0,
        "Normalized Income": 198608924.0,
        "Net Income From Continuing And Discontinued Operation": 198587000.0,
        "Total Expenses": 541803000.0,
        "Total Operating Income As Reported": 259868000.0,
        "Diluted Average Shares": 48840000.0,
        "Basic Average Shares": 48624000.0,
        "Diluted EPS": 4.07,
        "Basic EPS": 4.08,
        "Diluted NI Availto Com Stockholders": 198587000.0,
        "Net Income Common Stockholders": 198587000.0,
        "Net Income": 198587000.0,
        "Minority Interests": 293000.0,
        "Net Income Including Noncontrolling Interests": 198294000.0,
        "Net Income Continuous Operations": 198294000.0,
        "Tax Provision": 63974000.0,
        "Pretax Income": 262268000.0,
        "Other Income Expense": 441000.0,
        "Other Non Operating Income Expenses": 1457000.0,
        "Special Income Charges": -29000.0,
        "Gain On Sale Of Ppe": -29000.0,
        "Other Special Charges": NaN,
        "Earnings From Equity Interest": -987000.0,
        "Gain On Sale Of Security": NaN,
        "Net Non Operating Interest Income Expense": 1930000.0,
        "Interest Income Non Operating": 1930000.0,
        "Operating Income": 259897000.0,
        "Operating Expense": 57952000.0,
        "Selling General And Administration": 57952000.0,
        "Selling And Marketing Expense": 18175000.0,
        "General And Administrative Expense": 39777000.0,
        "Other Gand A": 24963000.0,
        "Salaries And Wages": 14814000.0,
        "Gross Profit": 317849000.0,
        "Cost Of Revenue": 483851000.0,
        "Total Revenue": 801700000.0,
        "Operating Revenue": 801700000.0
    },
    "2022-08-31": {
        "Tax Effect Of Unusual Items": -8052.0,
        "Tax Rate For Calcs": 0.244,
        "Normalized EBITDA": 181228000.0,
        "Total Unusual Items": -33000.0,
        "Total Unusual Items Excluding Goodwill": -33000.0,
        "Net Income From Continuing Operation Net Minority Interest": 125287000.0,
        "Reconciled Depreciation": 17312000.0,
        "Reconciled Cost Of Revenue": 440854000.0,
        "EBITDA": 181195000.0,
        "EBIT": 163883000.0,
        "Net Interest Income": 903000.0,
        "Interest Income": 903000.0,
        "Normalized Income": 125311948.0,
        "Net Income From Continuing And Discontinued Operation": 125287000.0,
        "Total Expenses": 494461000.0,
        "Total Operating Income As Reported": 163850000.0,
        "Diluted Average Shares": 48811000.0,
        "Basic Average Shares": 48623000.0,
        "Diluted EPS": 2.57,
        "Basic EPS": 2.58,
        "Diluted NI Availto Com Stockholders": 125287000.0,
        "Net Income Common Stockholders": 125287000.0,
        "Net Income": 125287000.0,
        "Minority Interests": 153000.0,
        "Net Income Including Noncontrolling Interests": 125134000.0,
        "Net Income Continuous Operations": 125134000.0,
        "Tax Provision": 40346000.0,
        "Pretax Income": 165480000.0,
        "Other Income Expense": 694000.0,
        "Other Non Operating Income Expenses": 583000.0,
        "Special Income Charges": -33000.0,
        "Gain On Sale Of Ppe": -33000.0,
        "Other Special Charges": NaN,
        "Earnings From Equity Interest": 144000.0,
        "Gain On Sale Of Security": NaN,
        "Net Non Operating Interest Income Expense": 903000.0,
        "Interest Income Non Operating": 903000.0,
        "Operating Income": 163883000.0,
        "Operating Expense": 53607000.0,
        "Selling General And Administration": 53607000.0,
        "Selling And Marketing Expense": 19916000.0,
        "General And Administrative Expense": 33691000.0,
        "Other Gand A": 21679000.0,
        "Salaries And Wages": 12012000.0,
        "Gross Profit": 217490000.0,
        "Cost Of Revenue": 440854000.0,
        "Total Revenue": 658344000.0,
        "Operating Revenue": 658344000.0
    },
    "2022-05-31": {
        "Tax Effect Of Unusual Items": 564518.901635,
        "Tax Rate For Calcs": 0.249346,
        "Normalized EBITDA": 186570000.0,
        "Total Unusual Items": 2264000.0,
        "Total Unusual Items Excluding Goodwill": 2264000.0,
        "Net Income From Continuing Operation Net Minority Interest": 109986000.0,
        "Reconciled Depreciation": 17399000.0,
        "Reconciled Cost Of Revenue": 397879000.0,
        "EBIT": 171435000.0,
        "Net Interest Income": 145000.0,
        "Interest Income": 548000.0,
        "Normalized Income": 108286518.901635,
        "Net Income From Continuing And Discontinued Operation": 109986000.0,
        "Total Expenses": 449519000.0,
        "Total Operating Income As Reported": 145699000.0,
        "Diluted Average Shares": 47831000.0,
        "Basic Average Shares": 47660000.0,
        "Diluted EPS": 2.26,
        "Basic EPS": 2.27,
        "Diluted NI Availto Com Stockholders": 109986000.0,
        "Net Income Common Stockholders": 109986000.0,
        "Net Income": 109986000.0,
        "Minority Interests": 118000.0,
        "Net Income Including Noncontrolling Interests": 109868000.0,
        "Net Income Continuous Operations": 109868000.0,
        "Tax Provision": 36495000.0,
        "Pretax Income": 146363000.0,
        "Other Income Expense": 2773000.0,
        "Other Non Operating Income Expenses": 774000.0,
        "Special Income Charges": 2254000.0,
        "Gain On Sale Of Ppe": 2254000.0,
        "Other Special Charges": NaN,
        "Earnings From Equity Interest": -265000.0,
        "Gain On Sale Of Security": 10000.0,
        "Net Non Operating Interest Income Expense": 145000.0,
        "Interest Income Non Operating": 548000.0,
        "Operating Income": 143445000.0,
        "Operating Expense": 51640000.0,
        "Selling General And Administration": 51640000.0,
        "Selling And Marketing Expense": 17906000.0,
        "General And Administrative Expense": 33734000.0,
        "Other Gand A": 21340000.0,
        "Salaries And Wages": 12394000.0,
        "Gross Profit": 195085000.0,
        "Cost Of Revenue": 397879000.0,
        "Total Revenue": 592964000.0,
        "Operating Revenue": 592964000.0
    },
    "2022-02-28": {
        "Diluted EPS": 0.81,
        "Total Revenue": 477,
        "Gross Profit": 92,
        "Operating Income": 40,
        "EBIT": 57,
        "Net Income": 40
    },
    "2021-11-30": {
        "Diluted EPS": 0.02,
        "Total Revenue": 382,
        "Gross Profit": 44,
        "Operating Income": -2,
        "EBIT": 15,
        "Net Income": 1
    },
    "2021-08-31": {
        "Diluted EPS": -0.37,
        "Total Revenue": 325,
        "Gross Profit": 7,
        "Operating Income": -40,
        "EBIT": -22,
        "Net Income": -18
    },
    "2021-05-31": {
        "Diluted EPS": -0.09,
        "Total Revenue": 350,
        "Gross Profit": 38,
        "Operating Income": -13,
        "EBIT": 3,
        "Net Income": -4
    },
    "2021-02-28": {
        "Diluted EPS": 0.28,
        "Total Revenue": 359,
        "Gross Profit": 48,
        "Operating Income": 0,
        "EBIT": 15,
        "Net Income": 14
    },
    "2020-11-30": {
        "Diluted EPS": 0.25,
        "Total Revenue": 347,
        "Gross Profit": 58,
        "Operating Income": 14,
        "EBIT": 29,
        "Net Income": 12
    },
    "2020-08-31": {
        "Diluted EPS": -0.4,
        "Total Revenue": 293,
        "Gross Profit": 17,
        "Operating Income": -27,
        "EBIT": -12,
        "Net Income": -19
    },
    "2020-05-31": {
        "Diluted EPS": 1.25,
        "Total Revenue": 453,
        "Gross Profit": 122,
        "Operating Income": 76,
        "EBIT": 92,
        "Net Income": 60
    },
    "2020-02-29": {
        "Diluted EPS": 0.28,
        "Total Revenue": 346,
        "Gross Profit": 50,
        "Operating Income": 5,
        "EBIT": 21,
        "Net Income": 14
    },
    "2019-11-30": {
        "Diluted EPS": -0.21,
        "Total Revenue": 312,
        "Gross Profit": 29,
        "Operating Income": -17,
        "EBIT": -3,
        "Net Income": -10
    },
    "2019-08-31": {
        "Diluted EPS": -0.94,
        "Total Revenue": 241,
        "Gross Profit": -21,
        "Operating Income": -63,
        "EBIT": -50,
        "Net Income": -46
    },
    "2019-05-31": {
        "Diluted EPS": -0.41,
        "Total Revenue": 281,
        "Gross Profit": 13,
        "Operating Income": -30,
        "EBIT": -16,
        "Net Income": -20
    },
    "2019-02-28": {
        "Diluted EPS": 0.82,
        "Total Revenue": 384,
        "Gross Profit": 82,
        "Operating Income": 38,
        "EBIT": 52,
        "Net Income": 40
    },
    "2018-11-30": {
        "Diluted EPS": 0.45,
        "Total Revenue": 356,
        "Gross Profit": 71,
        "Operating Income": 25,
        "EBIT": 39,
        "Net Income": 22
    },
    "2018-08-31": {
        "Diluted EPS": 0.26,
        "Total Revenue": 341,
        "Gross Profit": 57,
        "Operating Income": 13,
        "EBIT": 26,
        "Net Income": 12
    },
    "2018-05-31": {
        "Diluted EPS": 1.48,
        "Total Revenue": 443,
        "Gross Profit": 141,
        "Operating Income": 89,
        "EBIT": 105,
        "Net Income": 72
    },
    "2018-02-28": {
        "Diluted EPS": 1.99,
        "Total Revenue": 436,
        "Gross Profit": 120,
        "Operating Income": 76,
        "EBIT": 90,
        "Net Income": 96
    },
    "2017-11-30": {
        "Diluted EPS": -0.54,
        "Total Revenue": 361,
        "Gross Profit": 82,
        "Operating Income": -40,
        "EBIT": -27,
        "Net Income": -26
    },
    "2017-08-31": {
        "Diluted EPS": -0.33,
        "Total Revenue": 263,
        "Gross Profit": 17,
        "Operating Income": -24,
        "EBIT": -11,
        "Net Income": -16
    },
    "2017-05-31": {
        "Diluted EPS": -0.51,
        "Total Revenue": 275,
        "Gross Profit": 12,
        "Operating Income": -40,
        "EBIT": -24,
        "Net Income": -24
    },
    "2017-02-28": {
        "Diluted EPS": 0.09,
        "Total Revenue": 307,
        "Gross Profit": 39,
        "Operating Income": -5,
        "EBIT": 8,
        "Net Income": 4
    },
    "2016-11-30": {
        "Diluted EPS": -0.48,
        "Total Revenue": 254,
        "Gross Profit": 4,
        "Operating Income": -38,
        "EBIT": -26,
        "Net Income": -23
    },
    "2016-08-31": {
        "Diluted EPS": -0.64,
        "Total Revenue": 240,
        "Gross Profit": -10,
        "Operating Income": -50,
        "EBIT": -39,
        "Net Income": -31
    },
    "2016-05-31": {
        "Diluted EPS": -0.01,
        "Total Revenue": 303,
        "Gross Profit": 41,
        "Operating Income": 0,
        "EBIT": 18,
        "Net Income": 0
    },
    "2016-02-29": {
        "Diluted EPS": 1.33,
        "Total Revenue": 450,
        "Gross Profit": 133,
        "Operating Income": 86,
        "EBIT": 97,
        "Net Income": 64
    },
    "2015-11-30": {
        "Diluted EPS": 2.26,
        "Total Revenue": 546,
        "Gross Profit": 212,
        "Operating Income": 166,
        "EBIT": 177,
        "Net Income": 109
    },
    "2015-08-31": {
        "Diluted EPS": 2.95,
        "Total Revenue": 610,
        "Gross Profit": 263,
        "Operating Income": 220,
        "EBIT": 231,
        "Net Income": 143
    },
    "2015-05-31": {
        "Diluted EPS": 0.95,
        "Total Revenue": 403,
        "Gross Profit": 109,
        "Operating Income": 66,
        "EBIT": 76,
        "Net Income": 46
    },
    "2015-02-28": {
        "Diluted EPS": 1.05,
        "Total Revenue": 438,
        "Gross Profit": 113,
        "Operating Income": 72,
        "EBIT": 82,
        "Net Income": 51
    },
    "2014-11-30": {
        "Diluted EPS": 0.76,
        "Total Revenue": 379,
        "Gross Profit": 93,
        "Operating Income": 56,
        "EBIT": 66,
        "Net Income": 37
    },
    "2014-08-31": {
        "Diluted EPS": 0.57,
        "Total Revenue": 357,
        "Gross Profit": 81,
        "Operating Income": 41,
        "EBIT": 50,
        "Net Income": 28
    },
    "2014-05-31": {
        "Diluted EPS": 0.65,
        "Total Revenue": 372,
        "Gross Profit": 91,
        "Operating Income": 48,
        "EBIT": 57,
        "Net Income": 31
    },
    "2014-02-28": {
        "Diluted EPS": 0.89,
        "Total Revenue": 396,
        "Gross Profit": 92,
        "Operating Income": 47,
        "EBIT": 56,
        "Net Income": 43
    },
    "2013-11-30": {
        "Diluted EPS": 0.54,
        "Total Revenue": 354,
        "Gross Profit": 75,
        "Operating Income": 41,
        "EBIT": 50,
        "Net Income": 26
    },
    "2013-08-31": {
        "Diluted EPS": 0.18,
        "Total Revenue": 320,
        "Gross Profit": 45,
        "Operating Income": 11,
        "EBIT": 20,
        "Net Income": 9
    },
    "2013-05-31": {
        "Diluted EPS": -0.08,
        "Total Revenue": 326,
        "Gross Profit": 51,
        "Operating Income": -7,
        "EBIT": 2,
        "Net Income": -4
    },
    "2013-02-28": {
        "Diluted EPS": 0.64,
        "Total Revenue": 360,
        "Gross Profit": 67,
        "Operating Income": 31,
        "EBIT": 39,
        "Net Income": 31
    },
    "2012-11-30": {
        "Diluted EPS": 0.3,
        "Total Revenue": 329,
        "Gross Profit": 51,
        "Operating Income": 20,
        "EBIT": 29,
        "Net Income": 14
    },
    "2012-08-31": {
        "Diluted EPS": 0.2,
        "Total Revenue": 273,
        "Gross Profit": 45,
        "Operating Income": 16,
        "EBIT": 24,
        "Net Income": 9
    },
    "2012-05-31": {
        "Diluted EPS": 0.78,
        "Total Revenue": 275,
        "Gross Profit": 41,
        "Operating Income": 12,
        "EBIT": 20,
        "Net Income": 37
    },
    "2012-02-29": {
        "Diluted EPS": 0.55,
        "Total Revenue": 304,
        "Gross Profit": 65,
        "Operating Income": 35,
        "EBIT": 42,
        "Net Income": 26
    },
    "2011-11-30": {
        "Diluted EPS": 0.49,
        "Total Revenue": 290,
        "Gross Profit": 61,
        "Operating Income": 36,
        "EBIT": 43,
        "Net Income": 23
    },
    "2011-08-31": {
        "Diluted EPS": 0.07,
        "Total Revenue": 244,
        "Gross Profit": 34,
        "Operating Income": 6,
        "EBIT": 14,
        "Net Income": 3
    },
    "2011-05-31": {
        "Diluted EPS": 0.16,
        "Total Revenue": 242,
        "Gross Profit": 41,
        "Operating Income": 14,
        "EBIT": 21,
        "Net Income": 7
    },
    "2011-02-28": {
        "Diluted EPS": 0.7,
        "Total Revenue": 275,
        "Gross Profit": 66,
        "Operating Income": 39,
        "EBIT": 47,
        "Net Income": 34
    },
    "2010-11-30": {
        "Diluted EPS": 0.32,
        "Total Revenue": 235,
        "Gross Profit": 45,
        "Operating Income": 23,
        "EBIT": 30,
        "Net Income": 15
    },
    "2010-08-31": {
        "Diluted EPS": 0.1,
        "Total Revenue": 190,
        "Gross Profit": 33,
        "Operating Income": 8,
        "EBIT": 16,
        "Net Income": 5
    },
    "2010-05-31": {
        "Diluted EPS": 0.44,
        "Total Revenue": 222,
        "Gross Profit": 55,
        "Operating Income": 33,
        "EBIT": 42,
        "Net Income": 21
    },
    "2010-02-28": {
        "Diluted EPS": 0.73,
        "Total Revenue": 271,
        "Gross Profit": 75,
        "Operating Income": 50,
        "EBIT": 57,
        "Net Income": 35
    },
    "2009-11-30": {
        "Diluted EPS": 0.34,
        "Total Revenue": 229,
        "Gross Profit": 47,
        "Operating Income": 25,
        "EBIT": 33,
        "Net Income": 16
    },
    "2009-08-31": {
        "Diluted EPS": -0.08,
        "Total Revenue": 188,
        "Gross Profit": 18,
        "Operating Income": -5,
        "EBIT": 2,
        "Net Income": -4
    },
    "2009-05-31": {
        "Diluted EPS": 0.22,
        "Total Revenue": 214,
        "Gross Profit": 38,
        "Operating Income": 15,
        "EBIT": 24,
        "Net Income": 10
    },
    "2009-02-28": {
        "Diluted EPS": 0.65,
        "Total Revenue": 270,
        "Gross Profit": 68,
        "Operating Income": 45,
        "EBIT": 53,
        "Net Income": 31
    },
    "2023-08-31": {
        "Tax Effect Of Unusual Items": 11760.0,
        "Tax Rate For Calcs": 0.21,
        "Normalized EBITDA": 12471000.0,
        "Total Unusual Items": 56000.0,
        "Total Unusual Items Excluding Goodwill": 56000.0,
        "Net Income From Continuing Operation Net Minority Interest": 926000.0,
        "Reconciled Depreciation": 19340000.0,
        "Reconciled Cost Of Revenue": 413911000.0,
        "EBITDA": 12527000.0,
        "EBIT": -6813000.0,
        "Net Interest Income": 7346000.0,
        "Interest Income": 7346000.0,
        "Normalized Income": 881760.0,
        "Net Income From Continuing And Discontinued Operation": 926000.0,
        "Total Expenses": 466157000.0,
        "Total Operating Income As Reported": 6757000.0,
        "Diluted Average Shares": 48840000.0,
        "Basic Average Shares": 48690000.0,
        "Diluted EPS": 0.02,
        "Basic EPS": 0.02,
        "Diluted NI Availto Com Stockholders": 926000.0,
        "Net Income Common Stockholders": 926000.0,
        "Net Income": 926000.0,
        "Minority Interests": 515000.0,
        "Net Income Including Noncontrolling Interests": 411000.0,
        "Net Income Continuous Operations": 411000.0,
        "Tax Provision": 322000.0,
        "Pretax Income": 733000.0,
        "Other Income Expense": 200000.0,
        "Other Non Operating Income Expenses": 614000.0,
        "Special Income Charges": 56000.0,
        "Gain On Sale Of Ppe": 56000.0,
        "Other Special Charges": NaN,
        "Earnings From Equity Interest": -470000.0,
        "Gain On Sale Of Security": NaN,
        "Net Non Operating Interest Income Expense": 7346000.0,
        "Interest Income Non Operating": 7346000.0,
        "Operating Income": -6813000.0,
        "Operating Expense": 52246000.0,
        "Selling General And Administration": 52246000.0,
        "Selling And Marketing Expense": 17691000.0,
        "General And Administrative Expense": 34555000.0,
        "Other Gand A": 21449000.0,
        "Salaries And Wages": 13106000.0,
        "Gross Profit": 45433000.0,
        "Cost Of Revenue": 413911000.0,
        "Total Revenue": 459344000.0,
        "Operating Revenue": 459344000.0
    },
    "2023-11-30": {
        "Tax Effect Of Unusual Items": -4991500.0,
        "Tax Rate For Calcs": 0.25,
        "Normalized EBITDA": 74220000.0,
        "Total Unusual Items": -19966000.0,
        "Total Unusual Items Excluding Goodwill": -19966000.0,
        "Net Income From Continuing Operation Net Minority Interest": 17009000.0,
        "Reconciled Depreciation": 20054000.0,
        "Reconciled Cost Of Revenue": 432104000.0,
        "EBITDA": 54254000.0,
        "EBIT": 34200000.0,
        "Net Interest Income": 6987000.0,
        "Interest Income": 6987000.0,
        "Normalized Income": 31983500.0,
        "Net Income From Continuing And Discontinued Operation": 17009000.0,
        "Total Expenses": 489034000.0,
        "Total Operating Income As Reported": 14234000.0,
        "Diluted Average Shares": 48866000.0,
        "Basic Average Shares": 48690000.0,
        "Diluted EPS": 0.35,
        "Basic EPS": 0.35,
        "Diluted NI Availto Com Stockholders": 17009000.0,
        "Net Income Common Stockholders": 17009000.0,
        "Net Income": 17009000.0,
        "Minority Interests": 431000.0,
        "Net Income Including Noncontrolling Interests": 16578000.0,
        "Net Income Continuous Operations": 16578000.0,
        "Tax Provision": 5540000.0,
        "Pretax Income": 22118000.0,
        "Other Income Expense": -19069000.0,
        "Other Non Operating Income Expenses": 868000.0,
        "Special Income Charges": -19966000.0,
        "Gain On Sale Of Ppe": -318000.0,
        "Other Special Charges": 19648000.0,
        "Earnings From Equity Interest": 29000.0,
        "Gain On Sale Of Security": NaN,
        "Net Non Operating Interest Income Expense": 6987000.0,
        "Interest Income Non Operating": 6987000.0,
        "Operating Income": 34200000.0,
        "Operating Expense": 56930000.0,
        "Selling General And Administration": 56930000.0,
        "Selling And Marketing Expense": 17706000.0,
        "General And Administrative Expense": 39224000.0,
        "Other Gand A": 27087000.0,
        "Salaries And Wages": 12137000.0,
        "Gross Profit": 91130000.0,
        "Cost Of Revenue": 432104000.0,
        "Total Revenue": 523234000.0,
        "Operating Revenue": 523234000.0
    }
}