{
    "2023-06-30": {
        "Tax Effect Of Unusual Items": 0.0,
        "Tax Rate For Calcs": 0.341,
        "Normalized EBITDA": 16003000.0,
        "Net Income From Continuing Operation Net Minority Interest": 9373000.0,
        "Reconciled Depreciation": 4192000.0,
        "Reconciled Cost Of Revenue": 124546000.0,
        "EBITDA": 16003000.0,
        "EBIT": 11811000.0,
        "Net Interest Income": 2255000.0,
        "Interest Income": 2255000.0,
        "Normalized Income": 9373000.0,
        "Net Income From Continuing And Discontinued Operation": 9373000.0,
        "Total Expenses": 249205000.0,
        "Total Operating Income As Reported": 11811000.0,
        "Diluted Average Shares": 69657000.0,
        "Basic Average Shares": 66271000.0,
        "Diluted EPS": 0.13,
        "Basic EPS": 0.14,
        "Diluted NI Availto Com Stockholders": 9373000.0,
        "Net Income Common Stockholders": 9373000.0,
        "Net Income": 9373000.0,
        "Net Income Including Noncontrolling Interests": 9373000.0,
        "Net Income Continuous Operations": 9373000.0,
        "Tax Provision": 4856000.0,
        "Pretax Income": 14229000.0,
        "Other Income Expense": 163000.0,
        "Other Non Operating Income Expenses": 163000.0,
        "Net Non Operating Interest Income Expense": 2255000.0,
        "Total Other Finance Cost": NaN,
        "Interest Income Non Operating": 2255000.0,
        "Operating Income": 11811000.0,
        "Operating Expense": 124659000.0,
        "Research And Development": 45341000.0,
        "Selling General And Administration": 79318000.0,
        "Selling And Marketing Expense": 54596000.0,
        "General And Administrative Expense": 24722000.0,
        "Other Gand A": 24722000.0,
        "Gross Profit": 136470000.0,
        "Cost Of Revenue": 124546000.0,
        "Total Revenue": 261016000.0,
        "Operating Revenue": 261016000.0
    },
    "2023-03-31": {
        "Tax Effect Of Unusual Items": 0.0,
        "Tax Rate For Calcs": 0.159,
        "Normalized EBITDA": 13659000.0,
        "Net Income From Continuing Operation Net Minority Interest": 9598000.0,
        "Reconciled Depreciation": 3723000.0,
        "Reconciled Cost Of Revenue": 121957000.0,
        "EBITDA": 13659000.0,
        "EBIT": 9936000.0,
        "Net Interest Income": 1640000.0,
        "Interest Income": 1640000.0,
        "Normalized Income": 9598000.0,
        "Net Income From Continuing And Discontinued Operation": 9598000.0,
        "Total Expenses": 240072000.0,
        "Total Operating Income As Reported": 9936000.0,
        "Diluted Average Shares": 69708000.0,
        "Basic Average Shares": 66044000.0,
        "Diluted EPS": 0.14,
        "Basic EPS": 0.15,
        "Diluted NI Availto Com Stockholders": 9598000.0,
        "Net Income Common Stockholders": 9598000.0,
        "Net Income": 9598000.0,
        "Net Income Including Noncontrolling Interests": 9598000.0,
        "Net Income Continuous Operations": 9598000.0,
        "Tax Provision": 1811000.0,
        "Pretax Income": 11409000.0,
        "Other Income Expense": -167000.0,
        "Other Non Operating Income Expenses": -167000.0,
        "Net Non Operating Interest Income Expense": 1640000.0,
        "Total Other Finance Cost": NaN,
        "Interest Income Non Operating": 1640000.0,
        "Operating Income": 9936000.0,
        "Operating Expense": 118115000.0,
        "Research And Development": 43173000.0,
        "Selling General And Administration": 74942000.0,
        "Selling And Marketing Expense": 51865000.0,
        "General And Administrative Expense": 23077000.0,
        "Other Gand A": 23077000.0,
        "Gross Profit": 128051000.0,
        "Cost Of Revenue": 121957000.0,
        "Total Revenue": 250008000.0,
        "Operating Revenue": 250008000.0
    },
    "2022-12-31": {
        "Tax Effect Of Unusual Items": 0.0,
        "Tax Rate For Calcs": 0.153333,
        "Normalized EBITDA": 16529000.0,
        "Net Income From Continuing Operation Net Minority Interest": 11927000.0,
        "Reconciled Depreciation": 3478000.0,
        "Reconciled Cost Of Revenue": 119619000.0,
        "EBITDA": 16529000.0,
        "EBIT": 13051000.0,
        "Net Interest Income": 1139000.0,
        "Interest Income": NaN,
        "Normalized Income": 11927000.0,
        "Net Income From Continuing And Discontinued Operation": 11927000.0,
        "Total Expenses": 231452000.0,
        "Total Operating Income As Reported": 13051000.0,
        "Diluted Average Shares": 69857000.0,
        "Basic Average Shares": 65558000.0,
        "Diluted EPS": 0.17,
        "Basic EPS": 0.18,
        "Diluted NI Availto Com Stockholders": 11927000.0,
        "Net Income Common Stockholders": 11927000.0,
        "Net Income": 11927000.0,
        "Net Income Including Noncontrolling Interests": 11927000.0,
        "Net Income Continuous Operations": 11927000.0,
        "Tax Provision": 2160000.0,
        "Pretax Income": 14087000.0,
        "Other Income Expense": -103000.0,
        "Other Non Operating Income Expenses": -103000.0,
        "Net Non Operating Interest Income Expense": 1139000.0,
        "Total Other Finance Cost": -1139000.0,
        "Interest Income Non Operating": NaN,
        "Operating Income": 13051000.0,
        "Operating Expense": 111833000.0,
        "Research And Development": 38551000.0,
        "Selling General And Administration": 73282000.0,
        "Selling And Marketing Expense": 51186000.0,
        "General And Administrative Expense": 22096000.0,
        "Other Gand A": 22096000.0,
        "Gross Profit": 124884000.0,
        "Cost Of Revenue": 119619000.0,
        "Total Revenue": 244503000.0,
        "Operating Revenue": 244503000.0
    },
    "2022-09-30": {
        "Tax Effect Of Unusual Items": 0.0,
        "Tax Rate For Calcs": 0.343155,
        "Normalized EBITDA": 23171000.0,
        "Total Unusual Items": NaN,
        "Total Unusual Items Excluding Goodwill": NaN,
        "Net Income From Continuing Operation Net Minority Interest": 13443000.0,
        "Reconciled Depreciation": 3166000.0,
        "Reconciled Cost Of Revenue": 117762000.0,
        "EBITDA": 23171000.0,
        "EBIT": 20005000.0,
        "Net Interest Income": 595000.0,
        "Interest Income": NaN,
        "Normalized Income": 13443000.0,
        "Net Income From Continuing And Discontinued Operation": 13443000.0,
        "Total Expenses": 216329000.0,
        "Total Operating Income As Reported": 20005000.0,
        "Diluted Average Shares": 69174000.0,
        "Basic Average Shares": 65355000.0,
        "Diluted EPS": 0.19,
        "Basic EPS": 0.21,
        "Diluted NI Availto Com Stockholders": 13443000.0,
        "Net Income Common Stockholders": 13443000.0,
        "Net Income": 13443000.0,
        "Net Income Including Noncontrolling Interests": 13443000.0,
        "Net Income Continuous Operations": 13443000.0,
        "Tax Provision": 7023000.0,
        "Pretax Income": 20466000.0,
        "Other Income Expense": -134000.0,
        "Other Non Operating Income Expenses": -134000.0,
        "Special Income Charges": NaN,
        "Restructuring And Mergern Acquisition": NaN,
        "Net Non Operating Interest Income Expense": 595000.0,
        "Total Other Finance Cost": -595000.0,
        "Interest Income Non Operating": NaN,
        "Operating Income": 20005000.0,
        "Operating Expense": 98567000.0,
        "Research And Development": 33196000.0,
        "Selling General And Administration": 65371000.0,
        "Selling And Marketing Expense": 46134000.0,
        "General And Administrative Expense": 19237000.0,
        "Other Gand A": 19237000.0,
        "Gross Profit": 118572000.0,
        "Cost Of Revenue": 117762000.0,
        "Total Revenue": 236334000.0,
        "Operating Revenue": 236334000.0
    },
    "2022-06-30": {
        "Tax Effect Of Unusual Items": 0.0,
        "Tax Rate For Calcs": 0.222153,
        "Normalized EBITDA": 13429000.0,
        "Total Unusual Items": NaN,
        "Total Unusual Items Excluding Goodwill": NaN,
        "Net Income From Continuing Operation Net Minority Interest": 7521000.0,
        "Reconciled Depreciation": 3728000.0,
        "Reconciled Cost Of Revenue": 101862000.0,
        "EBITDA": 13429000.0,
        "EBIT": 9701000.0,
        "Net Interest Income": 240000.0,
        "Interest Income": NaN,
        "Normalized Income": 7521000.0,
        "Net Income From Continuing And Discontinued Operation": 7521000.0,
        "Total Expenses": 192341000.0,
        "Total Operating Income As Reported": 9701000.0,
        "Diluted Average Shares": 68169000.0,
        "Basic Average Shares": 64836000.0,
        "Diluted EPS": 0.11,
        "Basic EPS": 0.12,
        "Diluted NI Availto Com Stockholders": 7521000.0,
        "Net Income Common Stockholders": 7521000.0,
        "Net Income": 7521000.0,
        "Net Income Including Noncontrolling Interests": 7521000.0,
        "Net Income Continuous Operations": 7521000.0,
        "Tax Provision": 2148000.0,
        "Pretax Income": 9669000.0,
        "Other Income Expense": -272000.0,
        "Other Non Operating Income Expenses": -272000.0,
        "Special Income Charges": NaN,
        "Restructuring And Mergern Acquisition": NaN,
        "Net Non Operating Interest Income Expense": 240000.0,
        "Total Other Finance Cost": -240000.0,
        "Interest Income Non Operating": NaN,
        "Operating Income": 9701000.0,
        "Operating Expense": 90479000.0,
        "Research And Development": 30430000.0,
        "Selling General And Administration": 60049000.0,
        "Selling And Marketing Expense": 41138000.0,
        "General And Administrative Expense": 18911000.0,
        "Other Gand A": 18911000.0,
        "Gross Profit": 100180000.0,
        "Cost Of Revenue": 101862000.0,
        "Total Revenue": 202042000.0,
        "Operating Revenue": 202042000.0
    },
    "2022-03-31": {
        "Diluted EPS": 0.12,
        "Total Revenue": 185,
        "Gross Profit": 92,
        "Operating Income": 10,
        "EBIT": 14,
        "Net Income": 8
    },
    "2021-12-31": {
        "Diluted EPS": 0.29,
        "Total Revenue": 176,
        "Gross Profit": 91,
        "Operating Income": 15,
        "EBIT": 18,
        "Net Income": 20
    },
    "2021-09-30": {
        "Diluted EPS": 2.61,
        "Total Revenue": 172,
        "Gross Profit": 89,
        "Operating Income": 18,
        "EBIT": 22,
        "Net Income": 177
    },
    "2021-06-30": {
        "Diluted EPS": 0.3,
        "Total Revenue": 169,
        "Gross Profit": 90,
        "Operating Income": 21,
        "EBIT": 24,
        "Net Income": 20
    },
    "2021-03-31": {
        "Diluted EPS": 0.31,
        "Total Revenue": 162,
        "Gross Profit": 86,
        "Operating Income": 21,
        "EBIT": 25,
        "Net Income": 21
    },
    "2020-12-31": {
        "Diluted EPS": 0.41,
        "Total Revenue": 170,
        "Gross Profit": 89,
        "Operating Income": 25,
        "EBIT": 28,
        "Net Income": 24
    },
    "2020-09-30": {
        "Diluted EPS": 0.32,
        "Total Revenue": 151,
        "Gross Profit": 76,
        "Operating Income": 22,
        "EBIT": 25,
        "Net Income": 21
    },
    "2020-06-30": {
        "Diluted EPS": -0.07,
        "Total Revenue": 119,
        "Gross Profit": 56,
        "Operating Income": -3,
        "EBIT": 0,
        "Net Income": -4
    },
    "2020-03-31": {
        "Diluted EPS": -0.12,
        "Total Revenue": 102,
        "Gross Profit": 46,
        "Operating Income": -6,
        "EBIT": -3,
        "Net Income": -7
    },
    "2019-12-31": {
        "Diluted EPS": 0.01,
        "Total Revenue": 120,
        "Gross Profit": 55,
        "Operating Income": 1,
        "EBIT": 4,
        "Net Income": 0
    },
    "2019-09-30": {
        "Diluted EPS": -0.06,
        "Total Revenue": 114,
        "Gross Profit": 50,
        "Operating Income": -3,
        "EBIT": 0,
        "Net Income": -3
    },
    "2019-06-30": {
        "Diluted EPS": -0.09,
        "Total Revenue": 100,
        "Gross Profit": 45,
        "Operating Income": -5,
        "EBIT": -3,
        "Net Income": -5
    },
    "2019-03-31": {
        "Diluted EPS": -0.18,
        "Total Revenue": 89,
        "Gross Profit": 38,
        "Operating Income": -9,
        "EBIT": -7,
        "Net Income": -10
    },
    "2018-12-31": {
        "Diluted EPS": -0.11,
        "Total Revenue": 116,
        "Gross Profit": 52,
        "Operating Income": -5,
        "EBIT": -3,
        "Net Income": -6
    },
    "2018-09-30": {
        "Diluted EPS": 0.02,
        "Total Revenue": 115,
        "Gross Profit": 53,
        "Operating Income": 1,
        "EBIT": 3,
        "Net Income": 1
    },
    "2018-06-30": {
        "Diluted EPS": -0.05,
        "Total Revenue": 112,
        "Gross Profit": 51,
        "Operating Income": -3,
        "EBIT": -1,
        "Net Income": -3
    },
    "2018-03-31": {
        "Diluted EPS": -0.23,
        "Total Revenue": 99,
        "Gross Profit": 42,
        "Operating Income": -11,
        "EBIT": -8,
        "Net Income": -12
    },
    "2017-12-31": {
        "Diluted EPS": -0.26,
        "Total Revenue": 138,
        "Gross Profit": 51,
        "Operating Income": -13,
        "EBIT": -10,
        "Net Income": -13
    },
    "2017-09-30": {
        "Diluted EPS": -0.35,
        "Total Revenue": 129,
        "Gross Profit": 45,
        "Operating Income": -17,
        "EBIT": -15,
        "Net Income": -18
    },
    "2017-06-30": {
        "Diluted EPS": -0.38,
        "Total Revenue": 126,
        "Gross Profit": 43,
        "Operating Income": -19,
        "EBIT": -16,
        "Net Income": -19
    },
    "2017-03-31": {
        "Diluted EPS": -0.67,
        "Total Revenue": 118,
        "Gross Profit": 34,
        "Operating Income": -33,
        "EBIT": -30,
        "Net Income": -33
    },
    "2016-12-31": {
        "Diluted EPS": -0.23,
        "Total Revenue": 132,
        "Gross Profit": 52,
        "Operating Income": -12,
        "EBIT": -9,
        "Net Income": -11
    },
    "2016-09-30": {
        "Diluted EPS": 0.01,
        "Total Revenue": 121,
        "Gross Profit": 54,
        "Operating Income": 1,
        "EBIT": 4,
        "Net Income": 1
    },
    "2016-06-30": {
        "Diluted EPS": -0.12,
        "Total Revenue": 107,
        "Gross Profit": 50,
        "Operating Income": -6,
        "EBIT": -3,
        "Net Income": -6
    },
    "2016-03-31": {
        "Diluted EPS": -0.22,
        "Total Revenue": 98,
        "Gross Profit": 45,
        "Operating Income": -11,
        "EBIT": -5,
        "Net Income": -11
    },
    "2015-12-31": {
        "Diluted EPS": -0.19,
        "Total Revenue": 105,
        "Gross Profit": 47,
        "Operating Income": -10,
        "EBIT": -2,
        "Net Income": -10
    },
    "2015-09-30": {
        "Diluted EPS": 0.02,
        "Total Revenue": 112,
        "Gross Profit": 53,
        "Operating Income": 1,
        "EBIT": 8,
        "Net Income": 1
    },
    "2015-06-30": {
        "Diluted EPS": -0.11,
        "Total Revenue": 99,
        "Gross Profit": 48,
        "Operating Income": -6,
        "EBIT": 2,
        "Net Income": -6
    },
    "2015-03-31": {
        "Diluted EPS": -0.23,
        "Total Revenue": 91,
        "Gross Profit": 42,
        "Operating Income": -12,
        "EBIT": -4,
        "Net Income": -12
    },
    "2014-12-31": {
        "Diluted EPS": -0.05,
        "Total Revenue": 112,
        "Gross Profit": 51,
        "Operating Income": -3,
        "EBIT": 5,
        "Net Income": -3
    },
    "2014-09-30": {
        "Diluted EPS": -0.08,
        "Total Revenue": 106,
        "Gross Profit": 45,
        "Operating Income": -4,
        "EBIT": 3,
        "Net Income": -4
    },
    "2014-06-30": {
        "Diluted EPS": -0.08,
        "Total Revenue": 98,
        "Gross Profit": 44,
        "Operating Income": -4,
        "EBIT": 3,
        "Net Income": -4
    },
    "2014-03-31": {
        "Diluted EPS": -0.2,
        "Total Revenue": 86,
        "Gross Profit": 37,
        "Operating Income": -10,
        "EBIT": -3,
        "Net Income": -10
    },
    "2013-12-31": {
        "Diluted EPS": -0.13,
        "Total Revenue": 94,
        "Gross Profit": 40,
        "Operating Income": -8,
        "EBIT": -1,
        "Net Income": -6
    },
    "2013-09-30": {
        "Diluted EPS": 0.01,
        "Total Revenue": 104,
        "Gross Profit": 47,
        "Operating Income": 0,
        "EBIT": 7,
        "Net Income": 1
    },
    "2013-06-30": {
        "Diluted EPS": -0.1,
        "Total Revenue": 94,
        "Gross Profit": 43,
        "Operating Income": -5,
        "EBIT": 2,
        "Net Income": -5
    },
    "2013-03-31": {
        "Diluted EPS": -0.13,
        "Total Revenue": 91,
        "Gross Profit": 41,
        "Operating Income": -6,
        "EBIT": 2,
        "Net Income": -6
    },
    "2012-12-31": {
        "Diluted EPS": -0.13,
        "Total Revenue": 91,
        "Gross Profit": 37,
        "Operating Income": -8,
        "EBIT": -1,
        "Net Income": -7
    },
    "2012-09-30": {
        "Diluted EPS": -0.15,
        "Total Revenue": 81,
        "Gross Profit": 34,
        "Operating Income": -7,
        "EBIT": 0,
        "Net Income": -7
    },
    "2012-06-30": {
        "Diluted EPS": -0.15,
        "Total Revenue": 79,
        "Gross Profit": 33,
        "Operating Income": -7,
        "EBIT": 0,
        "Net Income": -7
    },
    "2012-03-31": {
        "Diluted EPS": -0.16,
        "Total Revenue": 79,
        "Gross Profit": 34,
        "Operating Income": -7,
        "EBIT": -2,
        "Net Income": -8
    },
    "2011-12-31": {
        "Diluted EPS": -0.07,
        "Total Revenue": 92,
        "Gross Profit": 37,
        "Operating Income": -5,
        "EBIT": 1,
        "Net Income": -5
    },
    "2011-09-30": {
        "Diluted EPS": -0.15,
        "Total Revenue": 84,
        "Gross Profit": 32,
        "Operating Income": -7,
        "EBIT": 1,
        "Net Income": -7
    },
    "2011-06-30": {
        "Diluted EPS": -0.38,
        "Total Revenue": 98,
        "Gross Profit": 30,
        "Operating Income": -18,
        "EBIT": -9,
        "Net Income": -18
    },
    "2011-03-31": {
        "Diluted EPS": -0.55,
        "Total Revenue": 71,
        "Gross Profit": 20,
        "Operating Income": -23,
        "EBIT": -19,
        "Net Income": -23
    },
    "2010-12-31": {
        "Diluted EPS": 1.85,
        "Total Revenue": 92,
        "Gross Profit": 39,
        "Operating Income": -1,
        "EBIT": 2,
        "Net Income": -1
    },
    "2010-09-30": {
        "Diluted EPS": -0.14,
        "Total Revenue": 75,
        "Gross Profit": 29,
        "Operating Income": -5,
        "EBIT": -2,
        "Net Income": -5
    },
    "2010-06-30": {
        "Diluted EPS": -0.09,
        "Total Revenue": 72,
        "Gross Profit": 28,
        "Operating Income": -2,
        "EBIT": 1,
        "Net Income": -3
    },
    "2010-03-31": {
        "Diluted EPS": -2.27,
        "Total Revenue": 48,
        "Gross Profit": 17,
        "Operating Income": -9,
        "EBIT": -6,
        "Net Income": -10
    },
    "2009-12-31": {
        "Diluted EPS": 0.5,
        "Total Revenue": 88,
        "Gross Profit": 30,
        "Operating Income": 3,
        "EBIT": 3,
        "Net Income": 3
    },
    "2009-09-30": {
        "Diluted EPS": -1.69,
        "Total Revenue": 60,
        "Gross Profit": 21,
        "Operating Income": -3,
        "EBIT": -3,
        "Net Income": -7
    },
    "2009-06-30": {
        "Diluted EPS": -2.18,
        "Total Revenue": 48,
        "Gross Profit": 15,
        "Operating Income": -8,
        "EBIT": -8,
        "Net Income": -9
    },
    "2009-03-31": {
        "Diluted EPS": -3.16,
        "Total Revenue": 37,
        "Gross Profit": 10,
        "Operating Income": -11,
        "EBIT": -11,
        "Net Income": -13
    },
    "2023-09-30": {
        "Tax Effect Of Unusual Items": 0.0,
        "Tax Rate For Calcs": 0.066,
        "Normalized EBITDA": 20195000.0,
        "Net Income From Continuing Operation Net Minority Interest": 16953000.0,
        "Reconciled Depreciation": 4266000.0,
        "Reconciled Cost Of Revenue": 123286000.0,
        "EBITDA": 20195000.0,
        "EBIT": 15929000.0,
        "Net Interest Income": 2658000.0,
        "Interest Income": 2658000.0,
        "Normalized Income": 16953000.0,
        "Net Income From Continuing And Discontinued Operation": 16953000.0,
        "Total Expenses": 247906000.0,
        "Total Operating Income As Reported": 15929000.0,
        "Diluted Average Shares": 69579000.0,
        "Basic Average Shares": 66288000.0,
        "Diluted EPS": 0.24,
        "Basic EPS": 0.26,
        "Diluted NI Availto Com Stockholders": 16953000.0,
        "Net Income Common Stockholders": 16953000.0,
        "Net Income": 16953000.0,
        "Net Income Including Noncontrolling Interests": 16953000.0,
        "Net Income Continuous Operations": 16953000.0,
        "Tax Provision": 1190000.0,
        "Pretax Income": 18143000.0,
        "Other Income Expense": -444000.0,
        "Other Non Operating Income Expenses": -444000.0,
        "Net Non Operating Interest Income Expense": 2658000.0,
        "Total Other Finance Cost": NaN,
        "Interest Income Non Operating": 2658000.0,
        "Operating Income": 15929000.0,
        "Operating Expense": 124620000.0,
        "Research And Development": 46963000.0,
        "Selling General And Administration": 77657000.0,
        "Selling And Marketing Expense": 52356000.0,
        "General And Administrative Expense": 25301000.0,
        "Other Gand A": 25301000.0,
        "Gross Profit": 140549000.0,
        "Cost Of Revenue": 123286000.0,
        "Total Revenue": 263835000.0,
        "Operating Revenue": 263835000.0
    }
}