{
    "2023-05-31": {
        "Tax Effect Of Unusual Items": 43470.0,
        "Tax Rate For Calcs": 0.21,
        "Normalized EBITDA": 3041000.0,
        "Total Unusual Items": 207000.0,
        "Total Unusual Items Excluding Goodwill": 207000.0,
        "Net Income From Continuing Operation Net Minority Interest": -4032000.0,
        "Reconciled Depreciation": 5550000.0,
        "Reconciled Cost Of Revenue": 39502000.0,
        "EBITDA": 3248000.0,
        "EBIT": -2302000.0,
        "Net Interest Income": -1678000.0,
        "Interest Expense": 1678000.0,
        "Normalized Income": -4195530.0,
        "Net Income From Continuing And Discontinued Operation": -4032000.0,
        "Total Expenses": 73271000.0,
        "Total Operating Income As Reported": -2380000.0,
        "Diluted Average Shares": 1592695.0,
        "Basic Average Shares": 1592695.0,
        "Diluted EPS": -2.53,
        "Basic EPS": -2.53,
        "Diluted NI Availto Com Stockholders": -4032000.0,
        "Net Income Common Stockholders": -4032000.0,
        "Net Income": -4032000.0,
        "Net Income Including Noncontrolling Interests": -4032000.0,
        "Net Income Discontinuous Operations": NaN,
        "Net Income Continuous Operations": -4032000.0,
        "Tax Provision": 52000.0,
        "Pretax Income": -3980000.0,
        "Other Income Expense": 78000.0,
        "Other Non Operating Income Expenses": -129000.0,
        "Special Income Charges": NaN,
        "Impairment Of Capital Assets": NaN,
        "Restructuring And Mergern Acquisition": NaN,
        "Gain On Sale Of Security": 207000.0,
        "Net Non Operating Interest Income Expense": -1678000.0,
        "Interest Expense Non Operating": 1678000.0,
        "Operating Income": -2380000.0,
        "Operating Expense": 29441000.0,
        "Depreciation Amortization Depletion Income Statement": 1222000.0,
        "Depreciation And Amortization In Income Statement": 1222000.0,
        "Amortization": 1222000.0,
        "Amortization Of Intangibles Income Statement": 1222000.0,
        "Research And Development": 5842000.0,
        "Selling General And Administration": 22377000.0,
        "Selling And Marketing Expense": 11023000.0,
        "General And Administrative Expense": 11354000.0,
        "Other Gand A": 11354000.0,
        "Gross Profit": 27061000.0,
        "Cost Of Revenue": 43830000.0,
        "Total Revenue": 70891000.0,
        "Operating Revenue": 70891000.0
    },
    "2023-02-28": {
        "Tax Effect Of Unusual Items": -891030.0,
        "Tax Rate For Calcs": 0.21,
        "Normalized EBITDA": 2878000.0,
        "Total Unusual Items": -4243000.0,
        "Total Unusual Items Excluding Goodwill": -4243000.0,
        "Net Income From Continuing Operation Net Minority Interest": -8090000.0,
        "Reconciled Depreciation": 5655000.0,
        "Reconciled Cost Of Revenue": 46450000.0,
        "EBITDA": -1365000.0,
        "EBIT": -7020000.0,
        "Net Interest Income": -1615000.0,
        "Interest Expense": 562000.0,
        "Normalized Income": -4738030.0,
        "Net Income From Continuing And Discontinued Operation": -8090000.0,
        "Total Expenses": 80085000.0,
        "Total Operating Income As Reported": -6165000.0,
        "Diluted Average Shares": 1570956.0,
        "Basic Average Shares": 1570956.0,
        "Diluted EPS": -5.06,
        "Basic EPS": -5.06,
        "Diluted NI Availto Com Stockholders": -8090000.0,
        "Net Income Common Stockholders": -8090000.0,
        "Net Income": -8090000.0,
        "Net Income Including Noncontrolling Interests": -8090000.0,
        "Net Income Discontinuous Operations": 0.0,
        "Net Income Continuous Operations": -8090000.0,
        "Tax Provision": 508000.0,
        "Pretax Income": -7582000.0,
        "Other Income Expense": -4388000.0,
        "Other Non Operating Income Expenses": -145000.0,
        "Special Income Charges": NaN,
        "Impairment Of Capital Assets": NaN,
        "Restructuring And Mergern Acquisition": NaN,
        "Gain On Sale Of Security": 343000.0,
        "Net Non Operating Interest Income Expense": -1615000.0,
        "Interest Expense Non Operating": 562000.0,
        "Operating Income": -1579000.0,
        "Operating Expense": 29317000.0,
        "Depreciation Amortization Depletion Income Statement": 1337000.0,
        "Depreciation And Amortization In Income Statement": 1337000.0,
        "Amortization": 1337000.0,
        "Amortization Of Intangibles Income Statement": 1337000.0,
        "Research And Development": 5334000.0,
        "Selling General And Administration": 22646000.0,
        "Selling And Marketing Expense": 10691000.0,
        "General And Administrative Expense": 11955000.0,
        "Other Gand A": 11955000.0,
        "Gross Profit": 27738000.0,
        "Cost Of Revenue": 50768000.0,
        "Total Revenue": 78506000.0,
        "Operating Revenue": 78506000.0
    },
    "2022-11-30": {
        "Tax Effect Of Unusual Items": 171780.0,
        "Tax Rate For Calcs": 0.21,
        "Normalized EBITDA": 1581000.0,
        "Total Unusual Items": 818000.0,
        "Total Unusual Items Excluding Goodwill": 818000.0,
        "Net Income From Continuing Operation Net Minority Interest": -4733000.0,
        "Reconciled Depreciation": 5216000.0,
        "Reconciled Cost Of Revenue": 48382000.0,
        "EBITDA": 2399000.0,
        "EBIT": -2817000.0,
        "Net Interest Income": -1648000.0,
        "Interest Expense": 1648000.0,
        "Normalized Income": -5379220.0,
        "Net Income From Continuing And Discontinued Operation": -4733000.0,
        "Total Expenses": 82735000.0,
        "Total Operating Income As Reported": -3846000.0,
        "Diluted Average Shares": 1580739.0,
        "Basic Average Shares": 1580739.0,
        "Diluted EPS": -2.99,
        "Basic EPS": -2.99,
        "Diluted NI Availto Com Stockholders": -4733000.0,
        "Net Income Common Stockholders": -4733000.0,
        "Net Income": -4733000.0,
        "Net Income Including Noncontrolling Interests": -4733000.0,
        "Net Income Discontinuous Operations": 0.0,
        "Net Income Continuous Operations": -4733000.0,
        "Tax Provision": 268000.0,
        "Pretax Income": -4465000.0,
        "Other Income Expense": 1029000.0,
        "Other Non Operating Income Expenses": 211000.0,
        "Special Income Charges": 0.0,
        "Impairment Of Capital Assets": 0.0,
        "Restructuring And Mergern Acquisition": 0.0,
        "Gain On Sale Of Security": 818000.0,
        "Net Non Operating Interest Income Expense": -1648000.0,
        "Interest Expense Non Operating": 1648000.0,
        "Operating Income": -3846000.0,
        "Operating Expense": 30460000.0,
        "Depreciation Amortization Depletion Income Statement": 1323000.0,
        "Depreciation And Amortization In Income Statement": 1323000.0,
        "Amortization": 1323000.0,
        "Amortization Of Intangibles Income Statement": 1323000.0,
        "Research And Development": 5479000.0,
        "Selling General And Administration": 23658000.0,
        "Selling And Marketing Expense": 12486000.0,
        "General And Administrative Expense": 11172000.0,
        "Other Gand A": 11172000.0,
        "Gross Profit": 26614000.0,
        "Cost Of Revenue": 52275000.0,
        "Total Revenue": 78889000.0,
        "Operating Revenue": 78889000.0
    },
    "2022-08-31": {
        "Tax Effect Of Unusual Items": NaN,
        "Tax Rate For Calcs": NaN,
        "Normalized EBITDA": NaN,
        "Total Unusual Items": NaN,
        "Total Unusual Items Excluding Goodwill": NaN,
        "Net Income From Continuing Operation Net Minority Interest": NaN,
        "Reconciled Depreciation": NaN,
        "Reconciled Cost Of Revenue": NaN,
        "EBITDA": NaN,
        "EBIT": NaN,
        "Net Interest Income": NaN,
        "Interest Expense": NaN,
        "Normalized Income": NaN,
        "Net Income From Continuing And Discontinued Operation": NaN,
        "Total Expenses": NaN,
        "Total Operating Income As Reported": NaN,
        "Diluted Average Shares": NaN,
        "Basic Average Shares": NaN,
        "Diluted EPS": NaN,
        "Basic EPS": NaN,
        "Diluted NI Availto Com Stockholders": NaN,
        "Net Income Common Stockholders": NaN,
        "Net Income": NaN,
        "Net Income Including Noncontrolling Interests": NaN,
        "Net Income Discontinuous Operations": 0.0,
        "Net Income Continuous Operations": NaN,
        "Tax Provision": NaN,
        "Pretax Income": NaN,
        "Other Income Expense": NaN,
        "Other Non Operating Income Expenses": NaN,
        "Special Income Charges": NaN,
        "Impairment Of Capital Assets": NaN,
        "Restructuring And Mergern Acquisition": NaN,
        "Gain On Sale Of Security": NaN,
        "Net Non Operating Interest Income Expense": NaN,
        "Interest Expense Non Operating": NaN,
        "Operating Income": NaN,
        "Operating Expense": NaN,
        "Depreciation Amortization Depletion Income Statement": NaN,
        "Depreciation And Amortization In Income Statement": NaN,
        "Amortization": NaN,
        "Amortization Of Intangibles Income Statement": NaN,
        "Research And Development": NaN,
        "Selling General And Administration": NaN,
        "Selling And Marketing Expense": NaN,
        "General And Administrative Expense": NaN,
        "Other Gand A": NaN,
        "Gross Profit": NaN,
        "Cost Of Revenue": NaN,
        "Total Revenue": NaN,
        "Operating Revenue": NaN
    },
    "2022-05-31": {
        "Tax Effect Of Unusual Items": -45600.0,
        "Tax Rate For Calcs": 0.4,
        "Normalized EBITDA": -4779000.0,
        "Total Unusual Items": -114000.0,
        "Total Unusual Items Excluding Goodwill": -114000.0,
        "Net Income From Continuing Operation Net Minority Interest": -12173000.0,
        "Reconciled Depreciation": 5498000.0,
        "Reconciled Cost Of Revenue": 34923000.0,
        "EBIT": -10391000.0,
        "Net Interest Income": -1533000.0,
        "Interest Expense": 1533000.0,
        "Normalized Income": -12104600.0,
        "Net Income From Continuing And Discontinued Operation": -12173000.0,
        "Total Expenses": 74061000.0,
        "Total Operating Income As Reported": -9335000.0,
        "Diluted Average Shares": 35723000.0,
        "Basic Average Shares": 35723000.0,
        "Diluted EPS": -0.34,
        "Basic EPS": -0.34,
        "Diluted NI Availto Com Stockholders": -12173000.0,
        "Net Income Common Stockholders": -12173000.0,
        "Net Income": -12173000.0,
        "Net Income Including Noncontrolling Interests": -12173000.0,
        "Net Income Discontinuous Operations": 0.0,
        "Net Income Continuous Operations": -12173000.0,
        "Tax Provision": 249000.0,
        "Pretax Income": -11924000.0,
        "Other Income Expense": -1056000.0,
        "Other Non Operating Income Expenses": -942000.0,
        "Special Income Charges": NaN,
        "Restructuring And Mergern Acquisition": NaN,
        "Gain On Sale Of Security": -114000.0,
        "Net Non Operating Interest Income Expense": -1533000.0,
        "Interest Expense Non Operating": 1533000.0,
        "Operating Income": -9335000.0,
        "Operating Expense": 34982000.0,
        "Depreciation Amortization Depletion Income Statement": 1342000.0,
        "Depreciation And Amortization In Income Statement": 1342000.0,
        "Amortization": 1342000.0,
        "Amortization Of Intangibles Income Statement": 1342000.0,
        "Research And Development": 7000000.0,
        "Selling General And Administration": 26640000.0,
        "Selling And Marketing Expense": 11478000.0,
        "General And Administrative Expense": 15162000.0,
        "Other Gand A": 15162000.0,
        "Gross Profit": 25647000.0,
        "Cost Of Revenue": 39079000.0,
        "Total Revenue": 64726000.0,
        "Operating Revenue": 64726000.0
    },
    "2022-02-28": {
        "Diluted EPS": -0.25,
        "Total Revenue": 68,
        "Gross Profit": 28,
        "Operating Income": -5,
        "EBIT": 4,
        "Net Income": -9
    },
    "2021-11-30": {
        "Diluted EPS": -0.33,
        "Total Revenue": 69,
        "Gross Profit": 28,
        "Operating Income": -7,
        "EBIT": 2,
        "Net Income": -11
    },
    "2021-08-31": {
        "Diluted EPS": -0.15,
        "Total Revenue": 79,
        "Gross Profit": 33,
        "Operating Income": -1,
        "EBIT": 7,
        "Net Income": -5
    },
    "2021-05-31": {
        "Diluted EPS": -0.06,
        "Total Revenue": 80,
        "Gross Profit": 32,
        "Operating Income": -1,
        "EBIT": 7,
        "Net Income": -2
    },
    "2021-02-28": {
        "Diluted EPS": -0.26,
        "Total Revenue": 82,
        "Gross Profit": 35,
        "Operating Income": 0,
        "EBIT": 8,
        "Net Income": -9
    },
    "2020-11-30": {
        "Diluted EPS": -0.68,
        "Total Revenue": 79,
        "Gross Profit": 31,
        "Operating Income": 0,
        "EBIT": 8,
        "Net Income": -24
    },
    "2020-08-31": {
        "Diluted EPS": -0.28,
        "Total Revenue": 74,
        "Gross Profit": 27,
        "Operating Income": -4,
        "EBIT": 4,
        "Net Income": -9
    },
    "2020-05-31": {
        "Diluted EPS": -0.42,
        "Total Revenue": 74,
        "Gross Profit": 29,
        "Operating Income": -2,
        "EBIT": 6,
        "Net Income": -14
    },
    "2020-02-29": {
        "Diluted EPS": -1.66,
        "Total Revenue": 43,
        "Gross Profit": 16,
        "Operating Income": 3,
        "EBIT": 5,
        "Net Income": -56
    },
    "2019-11-30": {
        "Diluted EPS": -0.22,
        "Total Revenue": 97,
        "Gross Profit": 37,
        "Operating Income": -4,
        "EBIT": 8,
        "Net Income": -7
    },
    "2019-08-31": {
        "Diluted EPS": -0.22,
        "Total Revenue": 93,
        "Gross Profit": 38,
        "Operating Income": -5,
        "EBIT": 8,
        "Net Income": -7
    },
    "2019-05-31": {
        "Diluted EPS": -0.26,
        "Total Revenue": 89,
        "Gross Profit": 35,
        "Operating Income": -7,
        "EBIT": 4,
        "Net Income": -9
    },
    "2019-02-28": {
        "Diluted EPS": 0.33,
        "Total Revenue": 32,
        "Gross Profit": 12,
        "Operating Income": 29,
        "EBIT": 27,
        "Net Income": 11
    },
    "2018-11-30": {
        "Diluted EPS": -0.02,
        "Total Revenue": 88,
        "Gross Profit": 36,
        "Operating Income": 1,
        "EBIT": 9,
        "Net Income": -1
    },
    "2018-08-31": {
        "Diluted EPS": -0.02,
        "Total Revenue": 96,
        "Gross Profit": 40,
        "Operating Income": 4,
        "EBIT": 12,
        "Net Income": -1
    },
    "2018-05-31": {
        "Diluted EPS": 0.23,
        "Total Revenue": 95,
        "Gross Profit": 38,
        "Operating Income": -1,
        "EBIT": 6,
        "Net Income": 9
    },
    "2018-02-28": {
        "Diluted EPS": -0.13,
        "Total Revenue": 94,
        "Gross Profit": 38,
        "Operating Income": 2,
        "EBIT": 10,
        "Net Income": -5
    },
    "2017-11-30": {
        "Diluted EPS": 0.33,
        "Total Revenue": 94,
        "Gross Profit": 38,
        "Operating Income": 4,
        "EBIT": 12,
        "Net Income": 12
    },
    "2017-08-31": {
        "Diluted EPS": 0.34,
        "Total Revenue": 90,
        "Gross Profit": 37,
        "Operating Income": 3,
        "EBIT": 11,
        "Net Income": 12
    },
    "2017-05-31": {
        "Diluted EPS": -0.08,
        "Total Revenue": 88,
        "Gross Profit": 37,
        "Operating Income": -1,
        "EBIT": 6,
        "Net Income": -3
    },
    "2017-02-28": {
        "Diluted EPS": -0.12,
        "Total Revenue": 86,
        "Gross Profit": 36,
        "Operating Income": -4,
        "EBIT": 5,
        "Net Income": -4
    },
    "2016-11-30": {
        "Diluted EPS": -0.04,
        "Total Revenue": 83,
        "Gross Profit": 35,
        "Operating Income": 2,
        "EBIT": 9,
        "Net Income": -2
    },
    "2016-08-31": {
        "Diluted EPS": 0.01,
        "Total Revenue": 90,
        "Gross Profit": 38,
        "Operating Income": 4,
        "EBIT": 12,
        "Net Income": 1
    },
    "2016-05-31": {
        "Diluted EPS": -0.07,
        "Total Revenue": 91,
        "Gross Profit": 35,
        "Operating Income": -2,
        "EBIT": 5,
        "Net Income": -3
    },
    "2016-02-29": {
        "Diluted EPS": 0.14,
        "Total Revenue": 71,
        "Gross Profit": 28,
        "Operating Income": 5,
        "EBIT": 9,
        "Net Income": 6
    },
    "2015-11-30": {
        "Diluted EPS": 0.11,
        "Total Revenue": 75,
        "Gross Profit": 27,
        "Operating Income": 9,
        "EBIT": 13,
        "Net Income": 4
    },
    "2015-08-31": {
        "Diluted EPS": 0.1,
        "Total Revenue": 70,
        "Gross Profit": 25,
        "Operating Income": 8,
        "EBIT": 12,
        "Net Income": 3
    },
    "2015-05-31": {
        "Diluted EPS": 0.11,
        "Total Revenue": 65,
        "Gross Profit": 24,
        "Operating Income": 7,
        "EBIT": 10,
        "Net Income": 4
    },
    "2015-02-28": {
        "Diluted EPS": 0.18,
        "Total Revenue": 69,
        "Gross Profit": 25,
        "Operating Income": 9,
        "EBIT": 11,
        "Net Income": 7
    },
    "2014-11-30": {
        "Diluted EPS": 0.11,
        "Total Revenue": 63,
        "Gross Profit": 22,
        "Operating Income": 6,
        "EBIT": 9,
        "Net Income": 4
    },
    "2014-08-31": {
        "Diluted EPS": 0.09,
        "Total Revenue": 59,
        "Gross Profit": 20,
        "Operating Income": 5,
        "EBIT": 8,
        "Net Income": 3
    },
    "2014-05-31": {
        "Diluted EPS": 0.07,
        "Total Revenue": 59,
        "Gross Profit": 20,
        "Operating Income": 5,
        "EBIT": 7,
        "Net Income": 3
    },
    "2014-02-28": {
        "Diluted EPS": 0.08,
        "Total Revenue": 60,
        "Gross Profit": 21,
        "Operating Income": 5,
        "EBIT": 7,
        "Net Income": 3
    },
    "2013-11-30": {
        "Diluted EPS": 0.12,
        "Total Revenue": 64,
        "Gross Profit": 21,
        "Operating Income": 6,
        "EBIT": 8,
        "Net Income": 4
    },
    "2013-08-31": {
        "Diluted EPS": 0.08,
        "Total Revenue": 59,
        "Gross Profit": 20,
        "Operating Income": 5,
        "EBIT": 7,
        "Net Income": 3
    },
    "2013-05-31": {
        "Diluted EPS": 0.05,
        "Total Revenue": 54,
        "Gross Profit": 18,
        "Operating Income": 3,
        "EBIT": 5,
        "Net Income": 2
    },
    "2013-02-28": {
        "Diluted EPS": 1.09,
        "Total Revenue": 48,
        "Gross Profit": 15,
        "Operating Income": 4,
        "EBIT": 4,
        "Net Income": 33
    },
    "2012-11-30": {
        "Diluted EPS": 0.14,
        "Total Revenue": 44,
        "Gross Profit": 14,
        "Operating Income": 4,
        "EBIT": 5,
        "Net Income": 4
    },
    "2012-08-31": {
        "Diluted EPS": 0.12,
        "Total Revenue": 44,
        "Gross Profit": 14,
        "Operating Income": 4,
        "EBIT": 4,
        "Net Income": 4
    },
    "2012-05-31": {
        "Diluted EPS": 0.14,
        "Total Revenue": 44,
        "Gross Profit": 14,
        "Operating Income": 4,
        "EBIT": 5,
        "Net Income": 4
    },
    "2012-02-29": {
        "Diluted EPS": 0.05,
        "Total Revenue": 38,
        "Gross Profit": 11,
        "Operating Income": 2,
        "EBIT": 2,
        "Net Income": 2
    },
    "2011-11-30": {
        "Diluted EPS": 0.06,
        "Total Revenue": 33,
        "Gross Profit": 10,
        "Operating Income": 2,
        "EBIT": 2,
        "Net Income": 2
    },
    "2011-08-31": {
        "Diluted EPS": 0.05,
        "Total Revenue": 34,
        "Gross Profit": 12,
        "Operating Income": 3,
        "EBIT": 4,
        "Net Income": 1
    },
    "2011-05-31": {
        "Diluted EPS": 0.02,
        "Total Revenue": 35,
        "Gross Profit": 9,
        "Operating Income": 1,
        "EBIT": 2,
        "Net Income": 1
    },
    "2011-02-28": {
        "Diluted EPS": 0.01,
        "Total Revenue": 29,
        "Gross Profit": 8,
        "Operating Income": 0,
        "EBIT": 2,
        "Net Income": 0
    },
    "2010-11-30": {
        "Diluted EPS": -0.01,
        "Total Revenue": 30,
        "Gross Profit": 8,
        "Operating Income": 0,
        "EBIT": 1,
        "Net Income": 0
    },
    "2010-08-31": {
        "Diluted EPS": -0.03,
        "Total Revenue": 29,
        "Gross Profit": 7,
        "Operating Income": -1,
        "EBIT": 0,
        "Net Income": -1
    },
    "2010-05-31": {
        "Diluted EPS": -0.09,
        "Total Revenue": 26,
        "Gross Profit": 6,
        "Operating Income": -2,
        "EBIT": -1,
        "Net Income": -2
    },
    "2010-02-28": {
        "Diluted EPS": -0.05,
        "Total Revenue": 34,
        "Gross Profit": 7,
        "Operating Income": -1,
        "EBIT": 0,
        "Net Income": -1
    },
    "2009-11-30": {
        "Diluted EPS": -0.05,
        "Total Revenue": 31,
        "Gross Profit": 6,
        "Operating Income": -2,
        "EBIT": -2,
        "Net Income": -1
    },
    "2009-08-31": {
        "Diluted EPS": -0.17,
        "Total Revenue": 24,
        "Gross Profit": 5,
        "Operating Income": -3,
        "EBIT": -2,
        "Net Income": -4
    },
    "2009-05-31": {
        "Diluted EPS": -0.16,
        "Total Revenue": 23,
        "Gross Profit": 5,
        "Operating Income": -3,
        "EBIT": -3,
        "Net Income": -4
    },
    "2009-02-28": {
        "Diluted EPS": -1.86,
        "Total Revenue": 21,
        "Gross Profit": 14,
        "Operating Income": -40,
        "EBIT": -39,
        "Net Income": -46
    },
    "2023-08-31": {
        "Tax Effect Of Unusual Items": 58170.0,
        "Tax Rate For Calcs": 0.21,
        "Normalized EBITDA": 3102000.0,
        "Total Unusual Items": 277000.0,
        "Total Unusual Items Excluding Goodwill": 277000.0,
        "Net Income From Continuing Operation Net Minority Interest": -4225000.0,
        "Reconciled Depreciation": 5595000.0,
        "Reconciled Cost Of Revenue": 34903000.0,
        "EBITDA": 3379000.0,
        "EBIT": -2216000.0,
        "Net Interest Income": -1574000.0,
        "Interest Expense": 1574000.0,
        "Normalized Income": -4443830.0,
        "Net Income From Continuing And Discontinued Operation": -4225000.0,
        "Total Expenses": 64930000.0,
        "Total Operating Income As Reported": -3216000.0,
        "Diluted Average Shares": 1608173.0,
        "Basic Average Shares": 1608173.0,
        "Diluted EPS": -2.53,
        "Basic EPS": -2.53,
        "Diluted NI Availto Com Stockholders": -4225000.0,
        "Net Income Common Stockholders": -4225000.0,
        "Net Income": -4225000.0,
        "Net Income Including Noncontrolling Interests": -4225000.0,
        "Net Income Discontinuous Operations": NaN,
        "Net Income Continuous Operations": -4225000.0,
        "Tax Provision": 435000.0,
        "Pretax Income": -3790000.0,
        "Other Income Expense": 1000000.0,
        "Other Non Operating Income Expenses": 723000.0,
        "Special Income Charges": NaN,
        "Impairment Of Capital Assets": NaN,
        "Restructuring And Mergern Acquisition": NaN,
        "Gain On Sale Of Security": 277000.0,
        "Net Non Operating Interest Income Expense": -1574000.0,
        "Interest Expense Non Operating": 1574000.0,
        "Operating Income": -3216000.0,
        "Operating Expense": 25560000.0,
        "Depreciation Amortization Depletion Income Statement": 1128000.0,
        "Depreciation And Amortization In Income Statement": 1128000.0,
        "Amortization": 1128000.0,
        "Amortization Of Intangibles Income Statement": 1128000.0,
        "Research And Development": 4800000.0,
        "Selling General And Administration": 19632000.0,
        "Selling And Marketing Expense": 9618000.0,
        "General And Administrative Expense": 10014000.0,
        "Other Gand A": 10014000.0,
        "Gross Profit": 22344000.0,
        "Cost Of Revenue": 39370000.0,
        "Total Revenue": 61714000.0,
        "Operating Revenue": 61714000.0
    },
    "2023-11-30": {
        "Tax Effect Of Unusual Items": -16159080.0,
        "Tax Rate For Calcs": 0.21,
        "Normalized EBITDA": -1655000.0,
        "Total Unusual Items": -76948000.0,
        "Total Unusual Items Excluding Goodwill": -76948000.0,
        "Net Income From Continuing Operation Net Minority Interest": -85004000.0,
        "Reconciled Depreciation": 4953000.0,
        "Reconciled Cost Of Revenue": 32214000.0,
        "EBITDA": -78603000.0,
        "EBIT": -83556000.0,
        "Net Interest Income": -1410000.0,
        "Interest Expense": 1410000.0,
        "Normalized Income": -24215080.0,
        "Net Income From Continuing And Discontinued Operation": -85004000.0,
        "Total Expenses": 60216000.0,
        "Total Operating Income As Reported": -83415000.0,
        "Diluted Average Shares": 1627260.0,
        "Basic Average Shares": 1627260.0,
        "Diluted EPS": -52.21,
        "Basic EPS": -52.21,
        "Diluted NI Availto Com Stockholders": -85004000.0,
        "Net Income Common Stockholders": -85004000.0,
        "Net Income": -85004000.0,
        "Net Income Including Noncontrolling Interests": -85004000.0,
        "Net Income Discontinuous Operations": NaN,
        "Net Income Continuous Operations": -85004000.0,
        "Tax Provision": 38000.0,
        "Pretax Income": -84966000.0,
        "Other Income Expense": -76965000.0,
        "Other Non Operating Income Expenses": -17000.0,
        "Special Income Charges": -76824000.0,
        "Impairment Of Capital Assets": 75106000.0,
        "Restructuring And Mergern Acquisition": 1718000.0,
        "Gain On Sale Of Security": -124000.0,
        "Net Non Operating Interest Income Expense": -1410000.0,
        "Interest Expense Non Operating": 1410000.0,
        "Operating Income": -6591000.0,
        "Operating Expense": 24165000.0,
        "Depreciation Amortization Depletion Income Statement": 1116000.0,
        "Depreciation And Amortization In Income Statement": 1116000.0,
        "Amortization": 1116000.0,
        "Amortization Of Intangibles Income Statement": 1116000.0,
        "Research And Development": 4051000.0,
        "Selling General And Administration": 18998000.0,
        "Selling And Marketing Expense": 8884000.0,
        "General And Administrative Expense": 10114000.0,
        "Other Gand A": 10114000.0,
        "Gross Profit": 17574000.0,
        "Cost Of Revenue": 36051000.0,
        "Total Revenue": 53625000.0,
        "Operating Revenue": 53625000.0
    }
}