{
    "2023-03-31": {
        "Tax Effect Of Unusual Items": -69090.373326,
        "Tax Rate For Calcs": 0.026999,
        "Normalized EBITDA": -83107000.0,
        "Total Unusual Items": -2559000.0,
        "Total Unusual Items Excluding Goodwill": -2559000.0,
        "Net Income From Continuing Operation Net Minority Interest": -84366000.0,
        "Reconciled Cost Of Revenue": 102778000.0,
        "EBITDA": -85666000.0,
        "EBIT": -85666000.0,
        "Net Interest Income": 440000.0,
        "Interest Income": 440000.0,
        "Normalized Income": -81876090.373326,
        "Net Income From Continuing And Discontinued Operation": -84366000.0,
        "Total Expenses": 140898000.0,
        "Total Operating Income As Reported": -85666000.0,
        "Diluted Average Shares": 166837226.0,
        "Basic Average Shares": 166837226.0,
        "Diluted EPS": -0.5055,
        "Basic EPS": -0.5055,
        "Diluted NI Availto Com Stockholders": -84366000.0,
        "Net Income Common Stockholders": -84366000.0,
        "Net Income": -84366000.0,
        "Net Income Including Noncontrolling Interests": -84366000.0,
        "Net Income Continuous Operations": -84366000.0,
        "Tax Provision": -2341000.0,
        "Pretax Income": -86707000.0,
        "Other Income Expense": -1481000.0,
        "Other Non Operating Income Expenses": 1078000.0,
        "Special Income Charges": 0.0,
        "Write Off": NaN,
        "Impairment Of Capital Assets": 0.0,
        "Gain On Sale Of Security": -2559000.0,
        "Net Non Operating Interest Income Expense": 440000.0,
        "Interest Income Non Operating": 440000.0,
        "Operating Income": -85666000.0,
        "Operating Expense": 38120000.0,
        "Research And Development": 19058000.0,
        "Selling General And Administration": 19062000.0,
        "Selling And Marketing Expense": 1485000.0,
        "General And Administrative Expense": 17577000.0,
        "Other Gand A": 17577000.0,
        "Gross Profit": -47546000.0,
        "Cost Of Revenue": 102778000.0,
        "Total Revenue": 55232000.0,
        "Operating Revenue": 55203000.0
    },
    "2022-12-31": {
        "Tax Effect Of Unusual Items": 708192.135196,
        "Tax Rate For Calcs": 0.225714,
        "Normalized EBITDA": -80570707.086137,
        "Total Unusual Items": 3137564.198419,
        "Total Unusual Items Excluding Goodwill": 3137564.198419,
        "Net Income From Continuing Operation Net Minority Interest": -83389992.179262,
        "Reconciled Cost Of Revenue": 128543876.371567,
        "EBITDA": -77433142.887718,
        "EBIT": -77433142.887718,
        "Net Interest Income": 1149831.219988,
        "Interest Income": 1149831.219988,
        "Normalized Income": -85819364.242484,
        "Net Income From Continuing And Discontinued Operation": -83389992.179262,
        "Total Expenses": 189249434.539152,
        "Total Operating Income As Reported": -121734593.759545,
        "Diluted Average Shares": 167687500.0,
        "Basic Average Shares": 167687500.0,
        "Diluted EPS": -0.527445,
        "Basic EPS": -0.527445,
        "Diluted NI Availto Com Stockholders": -83389992.179262,
        "Net Income Common Stockholders": -83389992.179262,
        "Net Income": -83389992.179262,
        "Net Income Including Noncontrolling Interests": -83389992.179262,
        "Net Income Continuous Operations": -83389992.179262,
        "Tax Provision": -24309218.628748,
        "Pretax Income": -107699210.80801,
        "Other Income Expense": 5209555.615999,
        "Other Non Operating Income Expenses": 2071991.417581,
        "Special Income Charges": -1826571.473392,
        "Impairment Of Capital Assets": 1826571.473392,
        "Gain On Sale Of Security": 4964135.671811,
        "Net Non Operating Interest Income Expense": 1149831.219988,
        "Interest Income Non Operating": 1149831.219988,
        "Operating Income": -114058597.643997,
        "Operating Expense": 60705558.167585,
        "Research And Development": 33881530.273896,
        "Selling General And Administration": 26824027.893689,
        "Selling And Marketing Expense": 1360926.520838,
        "General And Administrative Expense": 25463101.372851,
        "Other Gand A": 25463101.372851,
        "Gross Profit": -53353039.476412,
        "Cost Of Revenue": 128543876.371567,
        "Total Revenue": 75190836.895154,
        "Operating Revenue": 75156993.901023
    },
    "2022-09-30": {
        "Tax Effect Of Unusual Items": NaN,
        "Tax Rate For Calcs": NaN,
        "Normalized EBITDA": NaN,
        "Total Unusual Items": NaN,
        "Total Unusual Items Excluding Goodwill": NaN,
        "Net Income From Continuing Operation Net Minority Interest": NaN,
        "Reconciled Cost Of Revenue": NaN,
        "EBITDA": NaN,
        "EBIT": NaN,
        "Net Interest Income": NaN,
        "Interest Income": NaN,
        "Normalized Income": NaN,
        "Net Income From Continuing And Discontinued Operation": NaN,
        "Total Expenses": NaN,
        "Total Operating Income As Reported": NaN,
        "Diluted Average Shares": NaN,
        "Basic Average Shares": NaN,
        "Diluted EPS": NaN,
        "Basic EPS": NaN,
        "Diluted NI Availto Com Stockholders": NaN,
        "Net Income Common Stockholders": NaN,
        "Net Income": NaN,
        "Net Income Including Noncontrolling Interests": NaN,
        "Net Income Continuous Operations": NaN,
        "Tax Provision": NaN,
        "Pretax Income": NaN,
        "Other Income Expense": NaN,
        "Other Non Operating Income Expenses": NaN,
        "Special Income Charges": NaN,
        "Write Off": 11290000.0,
        "Impairment Of Capital Assets": NaN,
        "Gain On Sale Of Security": NaN,
        "Net Non Operating Interest Income Expense": NaN,
        "Interest Income Non Operating": NaN,
        "Operating Income": NaN,
        "Operating Expense": NaN,
        "Research And Development": NaN,
        "Selling General And Administration": NaN,
        "Selling And Marketing Expense": NaN,
        "General And Administrative Expense": NaN,
        "Other Gand A": NaN,
        "Gross Profit": NaN,
        "Cost Of Revenue": NaN,
        "Total Revenue": NaN,
        "Operating Revenue": NaN
    },
    "2022-06-30": {
        "Tax Effect Of Unusual Items": 23595316.243686,
        "Tax Rate For Calcs": 0.215914,
        "Normalized EBITDA": 667310000.0,
        "Total Unusual Items": 109281000.0,
        "Total Unusual Items Excluding Goodwill": 109281000.0,
        "Net Income From Continuing Operation Net Minority Interest": 608914000.0,
        "Reconciled Cost Of Revenue": 722938000.0,
        "EBITDA": 776591000.0,
        "EBIT": 776591000.0,
        "Net Interest Income": 2076000.0,
        "Interest Expense": 0.0,
        "Interest Income": 2076000.0,
        "Normalized Income": 523228316.243686,
        "Net Income From Continuing And Discontinued Operation": 608914000.0,
        "Total Expenses": 993403000.0,
        "Total Operating Income As Reported": 659258000.0,
        "Diluted Average Shares": 172378991.0,
        "Basic Average Shares": 172309649.0,
        "Diluted EPS": 0.522,
        "Basic EPS": 0.5235,
        "Diluted NI Availto Com Stockholders": 608914000.0,
        "Net Income Common Stockholders": 608914000.0,
        "Net Income": 608914000.0,
        "Net Income Including Noncontrolling Interests": 608914000.0,
        "Net Income Continuous Operations": 608914000.0,
        "Tax Provision": 167677000.0,
        "Pretax Income": 776591000.0,
        "Other Income Expense": 115257000.0,
        "Other Non Operating Income Expenses": 5976000.0,
        "Special Income Charges": -30025000.0,
        "Write Off": 30025000.0,
        "Impairment Of Capital Assets": 30025000.0,
        "Gain On Sale Of Security": 139306000.0,
        "Net Non Operating Interest Income Expense": 2076000.0,
        "Interest Expense Non Operating": 0.0,
        "Interest Income Non Operating": 2076000.0,
        "Operating Income": 659258000.0,
        "Operating Expense": 270465000.0,
        "Research And Development": 103924000.0,
        "Selling General And Administration": 166541000.0,
        "Selling And Marketing Expense": 21122000.0,
        "General And Administrative Expense": 145419000.0,
        "Other Gand A": 145419000.0,
        "Salaries And Wages": NaN,
        "Gross Profit": 929723000.0,
        "Cost Of Revenue": 722938000.0,
        "Total Revenue": 1652661000.0,
        "Operating Revenue": 1652516000.0
    },
    "2022-03-31": {
        "Diluted EPS": 0.38,
        "Total Revenue": 202,
        "Gross Profit": 123,
        "Operating Income": 85,
        "EBIT": 85,
        "Net Income": 65
    },
    "2021-12-31": {
        "Diluted EPS": 1.2,
        "Total Revenue": 349,
        "Gross Profit": 236,
        "Operating Income": 191,
        "EBIT": 191,
        "Net Income": 203
    },
    "2021-09-30": {
        "Diluted EPS": 0.41,
        "Total Revenue": 204,
        "Gross Profit": 115,
        "Operating Income": 72,
        "EBIT": 72,
        "Net Income": 73
    },
    "2021-06-30": {
        "Diluted EPS": 0.22,
        "Total Revenue": 168,
        "Gross Profit": 66,
        "Operating Income": 26,
        "EBIT": 26,
        "Net Income": 38
    },
    "2021-03-31": {
        "Diluted EPS": 0.0,
        "Total Revenue": 61,
        "Gross Profit": 30,
        "Operating Income": -2,
        "EBIT": -2,
        "Net Income": 0
    },
    "2020-12-31": {
        "Diluted EPS": -0.07,
        "Total Revenue": 10,
        "Gross Profit": 10,
        "Operating Income": 10,
        "EBIT": 10,
        "Net Income": -12
    },
    "2020-09-30": {
        "Diluted EPS": -0.08,
        "Total Revenue": 24,
        "Gross Profit": -3,
        "Operating Income": -14,
        "EBIT": -14,
        "Net Income": -13
    },
    "2020-06-30": {
        "Diluted EPS": -0.02,
        "Total Revenue": 25,
        "Gross Profit": 25,
        "Operating Income": 25,
        "EBIT": 25,
        "Net Income": -2
    },
    "2020-03-31": {
        "Diluted EPS": -0.04,
        "Total Revenue": 10,
        "Gross Profit": 10,
        "Operating Income": 10,
        "EBIT": 10,
        "Net Income": -6
    },
    "2019-12-31": {
        "Diluted EPS": 0.77,
        "Total Revenue": 67,
        "Gross Profit": 67,
        "Operating Income": 67,
        "EBIT": 67,
        "Net Income": 115
    },
    "2023-06-30": {
        "Tax Effect Of Unusual Items": 9913.593111,
        "Tax Rate For Calcs": 0.046984,
        "Normalized EBITDA": -116949000.0,
        "Total Unusual Items": 211000.0,
        "Total Unusual Items Excluding Goodwill": 211000.0,
        "Net Income From Continuing Operation Net Minority Interest": -110669000.0,
        "Reconciled Cost Of Revenue": 143928000.0,
        "EBITDA": -116738000.0,
        "EBIT": -116738000.0,
        "Net Interest Income": 226000.0,
        "Interest Income": 226000.0,
        "Normalized Income": -110870086.406889,
        "Net Income From Continuing And Discontinued Operation": -110669000.0,
        "Total Expenses": 190591000.0,
        "Total Operating Income As Reported": -119101000.0,
        "Diluted Average Shares": 169866656.0,
        "Basic Average Shares": 169866656.0,
        "Diluted EPS": -0.651,
        "Basic EPS": -0.651,
        "Diluted NI Availto Com Stockholders": -110669000.0,
        "Net Income Common Stockholders": -110669000.0,
        "Net Income": -110669000.0,
        "Net Income Including Noncontrolling Interests": -110669000.0,
        "Net Income Continuous Operations": -110669000.0,
        "Tax Provision": -5456000.0,
        "Pretax Income": -116125000.0,
        "Other Income Expense": 387000.0,
        "Other Non Operating Income Expenses": 176000.0,
        "Special Income Charges": -2363000.0,
        "Write Off": NaN,
        "Impairment Of Capital Assets": 2363000.0,
        "Gain On Sale Of Security": 2574000.0,
        "Net Non Operating Interest Income Expense": 226000.0,
        "Interest Income Non Operating": 226000.0,
        "Operating Income": -116738000.0,
        "Operating Expense": 46663000.0,
        "Research And Development": 17857000.0,
        "Selling General And Administration": 28806000.0,
        "Selling And Marketing Expense": 2437000.0,
        "General And Administrative Expense": 26369000.0,
        "Other Gand A": 26369000.0,
        "Gross Profit": -70075000.0,
        "Cost Of Revenue": 143928000.0,
        "Total Revenue": 73853000.0,
        "Operating Revenue": 73836000.0
    },
    "2023-09-30": {
        "Tax Effect Of Unusual Items": 1767053.020508,
        "Tax Rate For Calcs": 0.20332,
        "Normalized EBITDA": -119338000.0,
        "Total Unusual Items": 8691000.0,
        "Total Unusual Items Excluding Goodwill": 8691000.0,
        "Net Income From Continuing Operation Net Minority Interest": -80103000.0,
        "Reconciled Cost Of Revenue": 102409000.0,
        "EBITDA": -110647000.0,
        "EBIT": -110647000.0,
        "Net Interest Income": 61000.0,
        "Interest Income": 61000.0,
        "Normalized Income": -87026946.979492,
        "Net Income From Continuing And Discontinued Operation": -80103000.0,
        "Total Expenses": 143966000.0,
        "Total Operating Income As Reported": -112846000.0,
        "Diluted Average Shares": 170836190.0,
        "Basic Average Shares": 170836190.0,
        "Diluted EPS": -0.4695,
        "Basic EPS": -0.4695,
        "Diluted NI Availto Com Stockholders": -80103000.0,
        "Net Income Common Stockholders": -80103000.0,
        "Net Income": -80103000.0,
        "Net Income Including Noncontrolling Interests": -80103000.0,
        "Net Income Continuous Operations": -80103000.0,
        "Tax Provision": -20443000.0,
        "Pretax Income": -100546000.0,
        "Other Income Expense": 10040000.0,
        "Other Non Operating Income Expenses": 1349000.0,
        "Special Income Charges": -2199000.0,
        "Write Off": NaN,
        "Impairment Of Capital Assets": 2199000.0,
        "Gain On Sale Of Security": 10890000.0,
        "Net Non Operating Interest Income Expense": 61000.0,
        "Interest Income Non Operating": 61000.0,
        "Operating Income": -110647000.0,
        "Operating Expense": 41557000.0,
        "Research And Development": 17152000.0,
        "Selling General And Administration": 24405000.0,
        "Selling And Marketing Expense": 2491000.0,
        "General And Administrative Expense": 21914000.0,
        "Other Gand A": 21914000.0,
        "Gross Profit": -69090000.0,
        "Cost Of Revenue": 102409000.0,
        "Total Revenue": 33319000.0,
        "Operating Revenue": 33201000.0
    },
    "2023-12-31": {
        "Tax Effect Of Unusual Items": -12821807.358974,
        "Tax Rate For Calcs": 0.142491,
        "Normalized EBITDA": 17985000.0,
        "Total Unusual Items": -89983000.0,
        "Total Unusual Items Excluding Goodwill": -89983000.0,
        "Net Income From Continuing Operation Net Minority Interest": -139015000.0,
        "Reconciled Cost Of Revenue": 103142000.0,
        "EBITDA": -71998000.0,
        "EBIT": -71998000.0,
        "Net Interest Income": 229000.0,
        "Interest Income": 229000.0,
        "Normalized Income": -61853807.358974,
        "Net Income From Continuing And Discontinued Operation": -139015000.0,
        "Total Expenses": 121071000.0,
        "Total Operating Income As Reported": -93268000.0,
        "Diluted Average Shares": 180401607.0,
        "Basic Average Shares": 180401607.0,
        "Diluted EPS": -0.771,
        "Basic EPS": -0.771,
        "Diluted NI Availto Com Stockholders": -139015000.0,
        "Net Income Common Stockholders": -139015000.0,
        "Net Income": -139015000.0,
        "Net Income Including Noncontrolling Interests": -139015000.0,
        "Net Income Continuous Operations": -139015000.0,
        "Tax Provision": -23100000.0,
        "Pretax Income": -162115000.0,
        "Other Income Expense": -90346000.0,
        "Other Non Operating Income Expenses": -363000.0,
        "Special Income Charges": -21270000.0,
        "Write Off": NaN,
        "Impairment Of Capital Assets": 21270000.0,
        "Gain On Sale Of Security": -68713000.0,
        "Net Non Operating Interest Income Expense": 229000.0,
        "Interest Income Non Operating": 229000.0,
        "Operating Income": -71998000.0,
        "Operating Expense": 17929000.0,
        "Research And Development": 10778000.0,
        "Selling General And Administration": 7151000.0,
        "Selling And Marketing Expense": 1762000.0,
        "General And Administrative Expense": 5389000.0,
        "Other Gand A": 5389000.0,
        "Gross Profit": -54069000.0,
        "Cost Of Revenue": 103142000.0,
        "Total Revenue": 49073000.0,
        "Operating Revenue": 48615000.0
    },
    "2024-03-31": {
        "Tax Effect Of Unusual Items": 13481600.0,
        "Tax Rate For Calcs": 0.4,
        "Normalized EBITDA": -101750000.0,
        "Total Unusual Items": 33704000.0,
        "Total Unusual Items Excluding Goodwill": 33704000.0,
        "Net Income From Continuing Operation Net Minority Interest": -39393000.0,
        "Reconciled Cost Of Revenue": 72418000.0,
        "EBITDA": -68046000.0,
        "EBIT": -68046000.0,
        "Net Interest Income": 205000.0,
        "Interest Income": 205000.0,
        "Normalized Income": -59615400.0,
        "Net Income From Continuing And Discontinued Operation": -39393000.0,
        "Total Expenses": 103137000.0,
        "Total Operating Income As Reported": -68046000.0,
        "Diluted Average Shares": 247975308.0,
        "Basic Average Shares": 247975308.0,
        "Diluted EPS": -0.159,
        "Basic EPS": -0.159,
        "Diluted NI Availto Com Stockholders": -39393000.0,
        "Net Income Common Stockholders": -39393000.0,
        "Net Income": -39393000.0,
        "Net Income Including Noncontrolling Interests": -39393000.0,
        "Net Income Continuous Operations": -39393000.0,
        "Tax Provision": 802000.0,
        "Pretax Income": -38591000.0,
        "Other Income Expense": 29250000.0,
        "Other Non Operating Income Expenses": -4454000.0,
        "Special Income Charges": 0.0,
        "Write Off": NaN,
        "Impairment Of Capital Assets": 0.0,
        "Gain On Sale Of Security": 33704000.0,
        "Net Non Operating Interest Income Expense": 205000.0,
        "Interest Income Non Operating": 205000.0,
        "Operating Income": -68046000.0,
        "Operating Expense": 30719000.0,
        "Research And Development": 15342000.0,
        "Selling General And Administration": 15377000.0,
        "Selling And Marketing Expense": 1073000.0,
        "General And Administrative Expense": 14304000.0,
        "Other Gand A": 14304000.0,
        "Gross Profit": -37327000.0,
        "Cost Of Revenue": 72418000.0,
        "Total Revenue": 35091000.0,
        "Operating Revenue": 33906000.0
    }
}