{
    "2023-03-31": {
        "Tax Effect Of Unusual Items": 687012.0,
        "Tax Rate For Calcs": 0.25,
        "Normalized EBITDA": 74938476.0,
        "Total Unusual Items": 2748048.0,
        "Total Unusual Items Excluding Goodwill": 2748048.0,
        "Net Income From Continuing Operation Net Minority Interest": 78765077.0,
        "Reconciled Cost Of Revenue": 480517980.0,
        "EBITDA": 77686524.0,
        "EBIT": 77686524.0,
        "Net Interest Income": 16486795.0,
        "Interest Expense": 2294085.0,
        "Interest Income": 18780880.0,
        "Normalized Income": 76704041.0,
        "Net Income From Continuing And Discontinued Operation": 78765077.0,
        "Total Expenses": 490784779.0,
        "Total Operating Income As Reported": 51828584.0,
        "Diluted Average Shares": 140231084.0,
        "Basic Average Shares": 134769131.0,
        "Diluted EPS": 0.56,
        "Basic EPS": 0.58,
        "Diluted NI Availto Com Stockholders": 78765077.0,
        "Net Income Common Stockholders": 78765077.0,
        "Net Income": 78765077.0,
        "Net Income Including Noncontrolling Interests": 78765077.0,
        "Net Income Continuous Operations": 78765077.0,
        "Tax Provision": -3372638.0,
        "Pretax Income": 75392439.0,
        "Other Income Expense": 7077060.0,
        "Other Non Operating Income Expenses": 4329012.0,
        "Special Income Charges": NaN,
        "Impairment Of Capital Assets": NaN,
        "Gain On Sale Of Security": 2748048.0,
        "Net Non Operating Interest Income Expense": 16486795.0,
        "Interest Expense Non Operating": 2294085.0,
        "Interest Income Non Operating": 18780880.0,
        "Operating Income": 51828584.0,
        "Operating Expense": 10266799.0,
        "Other Operating Expenses": -1622556.0,
        "Provision For Doubtful Accounts": -48554100.0,
        "Research And Development": 8102363.0,
        "Selling General And Administration": 52341092.0,
        "Selling And Marketing Expense": 12538562.0,
        "General And Administrative Expense": 39802530.0,
        "Other Gand A": 39802530.0,
        "Gross Profit": 62095383.0,
        "Cost Of Revenue": 480517980.0,
        "Total Revenue": 542613363.0,
        "Operating Revenue": 535226946.0
    },
    "2022-12-31": {
        "Tax Effect Of Unusual Items": 523296.25,
        "Tax Rate For Calcs": 0.25,
        "Normalized EBITDA": -184897516.0,
        "Total Unusual Items": 2093185.0,
        "Total Unusual Items Excluding Goodwill": 2093185.0,
        "Net Income From Continuing Operation Net Minority Interest": -558935912.0,
        "Reconciled Cost Of Revenue": 481743466.0,
        "EBITDA": -182804331.0,
        "EBIT": -182804331.0,
        "Net Interest Income": 11495651.0,
        "Interest Expense": 5116136.0,
        "Interest Income": 16611787.0,
        "Normalized Income": -560505800.75,
        "Net Income From Continuing And Discontinued Operation": -558935912.0,
        "Total Expenses": 683382374.0,
        "Total Operating Income As Reported": -211585169.0,
        "Diluted Average Shares": 135295444.0,
        "Basic Average Shares": 135295444.0,
        "Diluted EPS": -4.13,
        "Basic EPS": -4.13,
        "Diluted NI Availto Com Stockholders": -558935912.0,
        "Net Income Common Stockholders": -558935912.0,
        "Net Income": -558935912.0,
        "Net Income Including Noncontrolling Interests": -558935912.0,
        "Net Income Continuous Operations": -558935912.0,
        "Tax Provision": 371015445.0,
        "Pretax Income": -187920467.0,
        "Other Income Expense": -3152041.0,
        "Other Non Operating Income Expenses": -5245226.0,
        "Special Income Charges": NaN,
        "Impairment Of Capital Assets": NaN,
        "Gain On Sale Of Security": 2093185.0,
        "Net Non Operating Interest Income Expense": 11495651.0,
        "Interest Expense Non Operating": 5116136.0,
        "Interest Income Non Operating": 16611787.0,
        "Operating Income": -196264077.0,
        "Operating Expense": 201638908.0,
        "Other Operating Expenses": 47523962.0,
        "Provision For Doubtful Accounts": 60245674.0,
        "Research And Development": 8442599.0,
        "Selling General And Administration": 85426673.0,
        "Selling And Marketing Expense": 19247674.0,
        "General And Administrative Expense": 66178999.0,
        "Other Gand A": 66178999.0,
        "Gross Profit": 5374831.0,
        "Cost Of Revenue": 481743466.0,
        "Total Revenue": 487118297.0,
        "Operating Revenue": 486089939.0
    },
    "2022-09-30": {
        "Tax Effect Of Unusual Items": NaN,
        "Tax Rate For Calcs": NaN,
        "Normalized EBITDA": NaN,
        "Total Unusual Items": NaN,
        "Total Unusual Items Excluding Goodwill": NaN,
        "Net Income From Continuing Operation Net Minority Interest": NaN,
        "Reconciled Cost Of Revenue": NaN,
        "EBITDA": NaN,
        "EBIT": NaN,
        "Net Interest Income": NaN,
        "Interest Expense": NaN,
        "Interest Income": NaN,
        "Normalized Income": NaN,
        "Net Income From Continuing And Discontinued Operation": NaN,
        "Total Expenses": NaN,
        "Total Operating Income As Reported": NaN,
        "Diluted Average Shares": NaN,
        "Basic Average Shares": NaN,
        "Diluted EPS": NaN,
        "Basic EPS": NaN,
        "Diluted NI Availto Com Stockholders": NaN,
        "Net Income Common Stockholders": NaN,
        "Net Income": NaN,
        "Net Income Including Noncontrolling Interests": NaN,
        "Net Income Continuous Operations": NaN,
        "Tax Provision": NaN,
        "Pretax Income": NaN,
        "Other Income Expense": NaN,
        "Other Non Operating Income Expenses": NaN,
        "Special Income Charges": 0.0,
        "Impairment Of Capital Assets": 0.0,
        "Gain On Sale Of Security": NaN,
        "Net Non Operating Interest Income Expense": NaN,
        "Interest Expense Non Operating": NaN,
        "Interest Income Non Operating": NaN,
        "Operating Income": NaN,
        "Operating Expense": NaN,
        "Other Operating Expenses": NaN,
        "Provision For Doubtful Accounts": NaN,
        "Research And Development": NaN,
        "Selling General And Administration": NaN,
        "Selling And Marketing Expense": NaN,
        "General And Administrative Expense": NaN,
        "Other Gand A": NaN,
        "Gross Profit": NaN,
        "Cost Of Revenue": NaN,
        "Total Revenue": NaN,
        "Operating Revenue": NaN
    },
    "2022-06-30": {
        "Tax Effect Of Unusual Items": 890918.779775,
        "Tax Rate For Calcs": 0.168213,
        "Normalized EBITDA": -344630122.0,
        "Total Unusual Items": 5296377.0,
        "Total Unusual Items Excluding Goodwill": 5296377.0,
        "Net Income From Continuing Operation Net Minority Interest": -285784991.0,
        "Reconciled Cost Of Revenue": 272661870.0,
        "EBITDA": -339333745.0,
        "EBIT": -339333745.0,
        "Net Interest Income": 2908066.0,
        "Interest Expense": 4245737.0,
        "Interest Income": 7153803.0,
        "Normalized Income": -290190449.220225,
        "Net Income From Continuing And Discontinued Operation": -285784991.0,
        "Total Expenses": 643331494.0,
        "Total Operating Income As Reported": -354139909.0,
        "Diluted Average Shares": 137612565.0,
        "Basic Average Shares": 137612565.0,
        "Diluted EPS": -2.08,
        "Basic EPS": -2.08,
        "Diluted NI Availto Com Stockholders": -285784991.0,
        "Net Income Common Stockholders": -285784991.0,
        "Net Income": -285784991.0,
        "Net Income Including Noncontrolling Interests": -285784991.0,
        "Net Income Continuous Operations": -285784991.0,
        "Tax Provision": -57794491.0,
        "Pretax Income": -343579482.0,
        "Other Income Expense": 7652361.0,
        "Other Non Operating Income Expenses": 2355984.0,
        "Gain On Sale Of Security": 5296377.0,
        "Net Non Operating Interest Income Expense": 2908066.0,
        "Interest Expense Non Operating": 4245737.0,
        "Interest Income Non Operating": 7153803.0,
        "Operating Income": -354139909.0,
        "Operating Expense": 370669624.0,
        "Other Operating Expenses": 53144802.0,
        "Provision For Doubtful Accounts": 138198835.0,
        "Research And Development": 12857670.0,
        "Selling General And Administration": 219613119.0,
        "Selling And Marketing Expense": 41798207.0,
        "General And Administrative Expense": 177814912.0,
        "Other Gand A": 177814912.0,
        "Gross Profit": 16529715.0,
        "Cost Of Revenue": 272661870.0,
        "Total Revenue": 289191585.0,
        "Operating Revenue": 286474295.0
    },
    "2022-03-31": {
        "Diluted EPS": -0.15,
        "Total Revenue": 124,
        "Gross Profit": 16,
        "Operating Income": -30,
        "EBIT": -30,
        "Net Income": -21
    },
    "2021-12-31": {
        "Diluted EPS": 0.14,
        "Total Revenue": 173,
        "Gross Profit": 29,
        "Operating Income": -24,
        "EBIT": -24,
        "Net Income": 19
    },
    "2021-09-30": {
        "Diluted EPS": -0.45,
        "Total Revenue": 124,
        "Gross Profit": 30,
        "Operating Income": -6,
        "EBIT": -6,
        "Net Income": -65
    },
    "2021-06-30": {
        "Diluted EPS": 0.58,
        "Total Revenue": 147,
        "Gross Profit": 39,
        "Operating Income": 2,
        "EBIT": 2,
        "Net Income": 86
    },
    "2021-03-31": {
        "Diluted EPS": -0.28,
        "Total Revenue": 172,
        "Gross Profit": 54,
        "Operating Income": 24,
        "EBIT": 24,
        "Net Income": -42
    },
    "2020-12-31": {
        "Diluted EPS": 1.64,
        "Total Revenue": 177,
        "Gross Profit": 63,
        "Operating Income": 31,
        "EBIT": 31,
        "Net Income": 251
    },
    "2020-09-30": {
        "Diluted EPS": 1.73,
        "Total Revenue": 64,
        "Gross Profit": 37,
        "Operating Income": 20,
        "EBIT": 20,
        "Net Income": 261
    },
    "2020-06-30": {
        "Diluted EPS": 0.07,
        "Total Revenue": 39,
        "Gross Profit": 24,
        "Operating Income": 9,
        "EBIT": 9,
        "Net Income": 10
    },
    "2020-03-31": {
        "Diluted EPS": -0.04,
        "Total Revenue": 35,
        "Gross Profit": 22,
        "Operating Income": -11,
        "EBIT": -11,
        "Net Income": -5
    },
    "2019-12-31": {
        "Diluted EPS": 0.09,
        "Total Revenue": 56,
        "Gross Profit": 34,
        "Operating Income": 11,
        "EBIT": 11,
        "Net Income": 15
    },
    "2019-09-30": {
        "Diluted EPS": 0.11,
        "Total Revenue": 49,
        "Gross Profit": 32,
        "Operating Income": 13,
        "EBIT": 13,
        "Net Income": 16
    },
    "2019-06-30": {
        "Diluted EPS": 0.09,
        "Total Revenue": 49,
        "Gross Profit": 31,
        "Operating Income": 12,
        "EBIT": 12,
        "Net Income": 13
    },
    "2019-03-31": {
        "Diluted EPS": 0.08,
        "Total Revenue": 52,
        "Gross Profit": 33,
        "Operating Income": 10,
        "EBIT": 10,
        "Net Income": 11
    },
    "2018-12-31": {
        "Diluted EPS": 0.03,
        "Total Revenue": 42,
        "Gross Profit": 21,
        "Operating Income": 3,
        "EBIT": 3,
        "Net Income": 13
    },
    "2018-09-30": {
        "Diluted EPS": 0.11,
        "Total Revenue": 42,
        "Gross Profit": 25,
        "Operating Income": 11,
        "EBIT": 11,
        "Net Income": 16
    },
    "2018-06-30": {
        "Diluted EPS": 0.07,
        "Total Revenue": 36,
        "Gross Profit": 23,
        "Operating Income": 11,
        "EBIT": 11,
        "Net Income": 9
    },
    "2018-03-31": {
        "Diluted EPS": 0.1,
        "Total Revenue": 40,
        "Gross Profit": 27,
        "Operating Income": 15,
        "EBIT": 15,
        "Net Income": 6
    },
    "2017-12-31": {
        "Diluted EPS": 0.0,
        "Total Revenue": NaN,
        "Gross Profit": NaN,
        "Operating Income": NaN,
        "EBIT": NaN,
        "Net Income": NaN
    },
    "2023-06-30": {
        "Tax Effect Of Unusual Items": 2122260.0,
        "Tax Rate For Calcs": 0.25,
        "Normalized EBITDA": 14830921.0,
        "Total Unusual Items": 8489040.0,
        "Total Unusual Items Excluding Goodwill": 8489040.0,
        "Net Income From Continuing Operation Net Minority Interest": 36226609.0,
        "Reconciled Cost Of Revenue": 615829103.0,
        "EBITDA": 23319961.0,
        "EBIT": 23319961.0,
        "Net Interest Income": 19065901.0,
        "Interest Expense": 1652610.0,
        "Interest Income": 20718511.0,
        "Normalized Income": 29859829.0,
        "Net Income From Continuing And Discontinued Operation": 36226609.0,
        "Total Expenses": 684360132.0,
        "Total Operating Income As Reported": -8930056.0,
        "Diluted Average Shares": 69183356.0,
        "Basic Average Shares": 66526390.0,
        "Diluted EPS": 0.52,
        "Basic EPS": 0.54,
        "Diluted NI Availto Com Stockholders": 36226609.0,
        "Net Income Common Stockholders": 36226609.0,
        "Net Income": 36226609.0,
        "Net Income Including Noncontrolling Interests": 36226609.0,
        "Net Income Continuous Operations": 36226609.0,
        "Tax Provision": -14559258.0,
        "Pretax Income": 21667351.0,
        "Other Income Expense": 11531506.0,
        "Other Non Operating Income Expenses": 3042466.0,
        "Special Income Charges": NaN,
        "Impairment Of Capital Assets": NaN,
        "Gain On Sale Of Security": 8489040.0,
        "Net Non Operating Interest Income Expense": 19065901.0,
        "Interest Expense Non Operating": 1652610.0,
        "Interest Income Non Operating": 20718511.0,
        "Operating Income": -8930056.0,
        "Operating Expense": 68531029.0,
        "Other Operating Expenses": 1556164.0,
        "Provision For Doubtful Accounts": 10238843.0,
        "Research And Development": 7748158.0,
        "Selling General And Administration": 48987864.0,
        "Selling And Marketing Expense": 12153129.0,
        "General And Administrative Expense": 36834735.0,
        "Other Gand A": 36834735.0,
        "Gross Profit": 59600973.0,
        "Cost Of Revenue": 615829103.0,
        "Total Revenue": 675430076.0,
        "Operating Revenue": 659766700.0
    },
    "2023-09-30": {
        "Tax Effect Of Unusual Items": -35527200.0,
        "Tax Rate For Calcs": 0.25,
        "Normalized EBITDA": 102022536.0,
        "Total Unusual Items": -142108800.0,
        "Total Unusual Items Excluding Goodwill": -142108800.0,
        "Net Income From Continuing Operation Net Minority Interest": -49086542.0,
        "Reconciled Cost Of Revenue": 304638147.0,
        "EBITDA": -40086264.0,
        "EBIT": -40086264.0,
        "Net Interest Income": 19328823.0,
        "Interest Expense": 153088.0,
        "Interest Income": 19481911.0,
        "Normalized Income": 57495058.0,
        "Net Income From Continuing And Discontinued Operation": -49086542.0,
        "Total Expenses": 292762242.0,
        "Total Operating Income As Reported": -87782094.0,
        "Diluted Average Shares": 109587726.0,
        "Basic Average Shares": 109587726.0,
        "Diluted EPS": -0.45,
        "Basic EPS": -0.45,
        "Diluted NI Availto Com Stockholders": -49086542.0,
        "Net Income Common Stockholders": -49086542.0,
        "Net Income": -49086542.0,
        "Net Income Including Noncontrolling Interests": -49086542.0,
        "Net Income Continuous Operations": -49086542.0,
        "Tax Provision": 8847190.0,
        "Pretax Income": -40239352.0,
        "Other Income Expense": -120444052.0,
        "Other Non Operating Income Expenses": 21664748.0,
        "Special Income Charges": -148657971.0,
        "Impairment Of Capital Assets": 148657971.0,
        "Gain On Sale Of Security": 6549171.0,
        "Net Non Operating Interest Income Expense": 19328823.0,
        "Interest Expense Non Operating": 153088.0,
        "Interest Income Non Operating": 19481911.0,
        "Operating Income": 60875877.0,
        "Operating Expense": -11875905.0,
        "Other Operating Expenses": 3541506.0,
        "Provision For Doubtful Accounts": -66945232.0,
        "Research And Development": 6990685.0,
        "Selling General And Administration": 44537136.0,
        "Selling And Marketing Expense": 9854441.0,
        "General And Administrative Expense": 34682695.0,
        "Other Gand A": 34682695.0,
        "Gross Profit": 48999972.0,
        "Cost Of Revenue": 304638147.0,
        "Total Revenue": 353638119.0,
        "Operating Revenue": 350588176.0
    },
    "2023-12-31": {
        "Tax Effect Of Unusual Items": 1851497.25,
        "Tax Rate For Calcs": 0.25,
        "Normalized EBITDA": -8642998.0,
        "Total Unusual Items": 7405989.0,
        "Total Unusual Items Excluding Goodwill": 7405989.0,
        "Net Income From Continuing Operation Net Minority Interest": -103778418.0,
        "Reconciled Cost Of Revenue": 110877885.0,
        "EBITDA": -1237009.0,
        "EBIT": -1237009.0,
        "Net Interest Income": 20183627.0,
        "Interest Expense": 0.0,
        "Interest Income": 20183627.0,
        "Normalized Income": -109332909.75,
        "Net Income From Continuing And Discontinued Operation": -103778418.0,
        "Total Expenses": 136990727.0,
        "Total Operating Income As Reported": -28867461.0,
        "Diluted Average Shares": 109101164.0,
        "Basic Average Shares": 109101164.0,
        "Diluted EPS": -0.95,
        "Basic EPS": -0.95,
        "Diluted NI Availto Com Stockholders": -103778418.0,
        "Net Income Common Stockholders": -103778418.0,
        "Net Income": -103778418.0,
        "Net Income Including Noncontrolling Interests": -103778418.0,
        "Net Income Continuous Operations": -103778418.0,
        "Tax Provision": 102541409.0,
        "Pretax Income": -1237009.0,
        "Other Income Expense": -14667092.0,
        "Other Non Operating Income Expenses": -22073081.0,
        "Special Income Charges": 0.0,
        "Impairment Of Capital Assets": 0.0,
        "Gain On Sale Of Security": 7405989.0,
        "Net Non Operating Interest Income Expense": 20183627.0,
        "Interest Expense Non Operating": 0.0,
        "Interest Income Non Operating": 20183627.0,
        "Operating Income": -6753544.0,
        "Operating Expense": 26112842.0,
        "Other Operating Expenses": 42579.0,
        "Provision For Doubtful Accounts": -31224666.0,
        "Research And Development": 7272969.0,
        "Selling General And Administration": 50021960.0,
        "Selling And Marketing Expense": 4375457.0,
        "General And Administrative Expense": 45646503.0,
        "Other Gand A": 45646503.0,
        "Gross Profit": 19359298.0,
        "Cost Of Revenue": 110877885.0,
        "Total Revenue": 130237183.0,
        "Operating Revenue": 118954127.0
    },
    "2024-03-31": {
        "Tax Effect Of Unusual Items": 1311444.176856,
        "Tax Rate For Calcs": 0.117976,
        "Normalized EBITDA": 90952173.0,
        "Total Unusual Items": 11116213.0,
        "Total Unusual Items Excluding Goodwill": 11116213.0,
        "Net Income From Continuing Operation Net Minority Interest": 90026786.0,
        "Reconciled Cost Of Revenue": 29058868.0,
        "EBITDA": 102068386.0,
        "EBIT": 102068386.0,
        "Net Interest Income": 16503965.0,
        "Interest Expense": 0.0,
        "Interest Income": 16503965.0,
        "Normalized Income": 80222017.176856,
        "Net Income From Continuing And Discontinued Operation": 90026786.0,
        "Total Expenses": -9728553.0,
        "Total Operating Income As Reported": 74151047.0,
        "Diluted Average Shares": 112786810.0,
        "Basic Average Shares": 105521018.0,
        "Diluted EPS": 0.8,
        "Basic EPS": 0.85,
        "Diluted NI Availto Com Stockholders": 90026786.0,
        "Net Income Common Stockholders": 90026786.0,
        "Net Income": 90026786.0,
        "Net Income Including Noncontrolling Interests": 90026786.0,
        "Net Income Continuous Operations": 90026786.0,
        "Tax Provision": 12041600.0,
        "Pretax Income": 102068386.0,
        "Other Income Expense": 11413374.0,
        "Other Non Operating Income Expenses": 297161.0,
        "Special Income Charges": NaN,
        "Impairment Of Capital Assets": NaN,
        "Gain On Sale Of Security": 11116213.0,
        "Net Non Operating Interest Income Expense": 16503965.0,
        "Interest Expense Non Operating": 0.0,
        "Interest Income Non Operating": 16503965.0,
        "Operating Income": 74151047.0,
        "Operating Expense": -38787421.0,
        "Other Operating Expenses": -15018246.0,
        "Provision For Doubtful Accounts": -66339084.0,
        "Research And Development": 1098105.0,
        "Selling General And Administration": 41471804.0,
        "Selling And Marketing Expense": 3548273.0,
        "General And Administrative Expense": 37923531.0,
        "Other Gand A": 37923531.0,
        "Gross Profit": 35363626.0,
        "Cost Of Revenue": 29058868.0,
        "Total Revenue": 64422494.0,
        "Operating Revenue": 64103143.0
    },
    "2024-06-30": {
        "Tax Effect Of Unusual Items": -1410698.75,
        "Tax Rate For Calcs": 0.25,
        "Normalized EBITDA": 84014603.0,
        "Total Unusual Items": -5642795.0,
        "Total Unusual Items Excluding Goodwill": -5642795.0,
        "Net Income From Continuing Operation Net Minority Interest": 86022837.0,
        "Reconciled Cost Of Revenue": 26525482.0,
        "EBITDA": 78371808.0,
        "EBIT": 78371808.0,
        "Net Interest Income": 33754595.0,
        "Interest Expense": 0.0,
        "Interest Income": 33754595.0,
        "Normalized Income": 90254933.25,
        "Net Income From Continuing And Discontinued Operation": 86022837.0,
        "Total Expenses": -1895291.0,
        "Total Operating Income As Reported": 46975027.0,
        "Diluted Average Shares": 56828066.0,
        "Basic Average Shares": 52020780.0,
        "Diluted EPS": 1.52,
        "Basic EPS": 1.66,
        "Diluted NI Availto Com Stockholders": 86022837.0,
        "Net Income Common Stockholders": 86022837.0,
        "Net Income": 86022837.0,
        "Net Income Including Noncontrolling Interests": 86022837.0,
        "Net Income Continuous Operations": 86022837.0,
        "Tax Provision": -7651029.0,
        "Pretax Income": 78371808.0,
        "Other Income Expense": -2357814.0,
        "Other Non Operating Income Expenses": 3284981.0,
        "Special Income Charges": NaN,
        "Impairment Of Capital Assets": NaN,
        "Gain On Sale Of Security": -5642795.0,
        "Net Non Operating Interest Income Expense": 33754595.0,
        "Interest Expense Non Operating": 0.0,
        "Interest Income Non Operating": 33754595.0,
        "Operating Income": 46975027.0,
        "Operating Expense": -28420773.0,
        "Other Operating Expenses": -10257113.0,
        "Provision For Doubtful Accounts": -62990492.0,
        "Research And Development": 1670526.0,
        "Selling General And Administration": 43156306.0,
        "Selling And Marketing Expense": 3985488.0,
        "General And Administrative Expense": 39170818.0,
        "Other Gand A": 39170818.0,
        "Gross Profit": 18554254.0,
        "Cost Of Revenue": 26525482.0,
        "Total Revenue": 45079736.0,
        "Operating Revenue": 43904307.0
    }
}