{
    "2023-03-31": {
        "Tax Effect Of Unusual Items": 0.0,
        "Tax Rate For Calcs": 0.0,
        "Normalized EBITDA": -5881000.0,
        "Total Unusual Items": -3978000.0,
        "Total Unusual Items Excluding Goodwill": -3978000.0,
        "Net Income From Continuing Operation Net Minority Interest": -28150000.0,
        "Reconciled Depreciation": 27221000.0,
        "Reconciled Cost Of Revenue": 776758000.0,
        "EBITDA": -9859000.0,
        "EBIT": -37080000.0,
        "Net Interest Income": -23496000.0,
        "Interest Expense": 23505000.0,
        "Interest Income": 9000.0,
        "Normalized Income": -24172000.0,
        "Net Income From Continuing And Discontinued Operation": -28150000.0,
        "Total Expenses": 900452000.0,
        "Total Operating Income As Reported": -39529000.0,
        "Diluted Average Shares": 5034401.0,
        "Basic Average Shares": 2398020.0,
        "Diluted EPS": -12.0,
        "Basic EPS": -12.0,
        "Diluted NI Availto Com Stockholders": -60585000.0,
        "Average Dilution Earnings": -32435000.0,
        "Net Income Common Stockholders": -28150000.0,
        "Net Income": -28150000.0,
        "Minority Interests": 32435000.0,
        "Net Income Including Noncontrolling Interests": -60585000.0,
        "Net Income Continuous Operations": -60585000.0,
        "Tax Provision": 0.0,
        "Pretax Income": -60585000.0,
        "Other Income Expense": -3546000.0,
        "Other Non Operating Income Expenses": 432000.0,
        "Special Income Charges": -5986000.0,
        "Other Special Charges": NaN,
        "Impairment Of Capital Assets": NaN,
        "Restructuring And Mergern Acquisition": 5986000.0,
        "Gain On Sale Of Security": 2008000.0,
        "Net Non Operating Interest Income Expense": -23496000.0,
        "Interest Expense Non Operating": 23505000.0,
        "Interest Income Non Operating": 9000.0,
        "Operating Income": -33543000.0,
        "Operating Expense": 123694000.0,
        "Provision For Doubtful Accounts": NaN,
        "Depreciation Amortization Depletion Income Statement": 27221000.0,
        "Depreciation And Amortization In Income Statement": 27221000.0,
        "Selling General And Administration": 96473000.0,
        "Gross Profit": 90151000.0,
        "Cost Of Revenue": 776758000.0,
        "Total Revenue": 866909000.0,
        "Operating Revenue": 866909000.0
    },
    "2022-12-31": {
        "Tax Effect Of Unusual Items": -53374650.0,
        "Tax Rate For Calcs": 0.21,
        "Normalized EBITDA": 4000.0,
        "Total Unusual Items": -254165000.0,
        "Total Unusual Items Excluding Goodwill": -254165000.0,
        "Net Income From Continuing Operation Net Minority Interest": -148371000.0,
        "Reconciled Depreciation": 26425000.0,
        "Reconciled Cost Of Revenue": 573372000.0,
        "EBITDA": -254161000.0,
        "EBIT": -280586000.0,
        "Net Interest Income": -19620000.0,
        "Interest Expense": 19627000.0,
        "Interest Income": 7000.0,
        "Normalized Income": 52419350.0,
        "Net Income From Continuing And Discontinued Operation": -148371000.0,
        "Total Expenses": 707623000.0,
        "Total Operating Income As Reported": -362569000.0,
        "Diluted Average Shares": 2421875.0,
        "Basic Average Shares": 2421875.0,
        "Diluted EPS": -61.0,
        "Basic EPS": -61.0,
        "Diluted NI Availto Com Stockholders": -148371000.0,
        "Average Dilution Earnings": NaN,
        "Net Income Common Stockholders": -148371000.0,
        "Net Income": -148371000.0,
        "Minority Interests": 153358000.0,
        "Net Income Including Noncontrolling Interests": -301729000.0,
        "Net Income Continuous Operations": -301729000.0,
        "Tax Provision": 1516000.0,
        "Pretax Income": -300213000.0,
        "Other Income Expense": -253343000.0,
        "Other Non Operating Income Expenses": 822000.0,
        "Special Income Charges": -335319000.0,
        "Other Special Charges": 0.0,
        "Impairment Of Capital Assets": NaN,
        "Restructuring And Mergern Acquisition": 12319000.0,
        "Gain On Sale Of Security": 81154000.0,
        "Net Non Operating Interest Income Expense": -19620000.0,
        "Interest Expense Non Operating": 19627000.0,
        "Interest Income Non Operating": 7000.0,
        "Operating Income": -27250000.0,
        "Operating Expense": 134251000.0,
        "Provision For Doubtful Accounts": NaN,
        "Depreciation Amortization Depletion Income Statement": 26425000.0,
        "Depreciation And Amortization In Income Statement": 26425000.0,
        "Selling General And Administration": 107826000.0,
        "Gross Profit": 107001000.0,
        "Cost Of Revenue": 573372000.0,
        "Total Revenue": 680373000.0,
        "Operating Revenue": 680373000.0
    },
    "2022-09-30": {
        "Tax Effect Of Unusual Items": -789554.843324,
        "Tax Rate For Calcs": 0.011019,
        "Normalized EBITDA": 189000.0,
        "Total Unusual Items": -71654000.0,
        "Total Unusual Items Excluding Goodwill": -71654000.0,
        "Net Income From Continuing Operation Net Minority Interest": -54228000.0,
        "Reconciled Depreciation": 25343000.0,
        "Reconciled Cost Of Revenue": 553432000.0,
        "EBITDA": -71465000.0,
        "EBIT": -96808000.0,
        "Net Interest Income": -16447000.0,
        "Interest Expense": 16451000.0,
        "Interest Income": 4000.0,
        "Normalized Income": 16636445.156676,
        "Net Income From Continuing And Discontinued Operation": -54228000.0,
        "Total Expenses": 690540000.0,
        "Total Operating Income As Reported": -31445000.0,
        "Diluted Average Shares": 2323141.0,
        "Basic Average Shares": 2323141.0,
        "Diluted EPS": -23.0,
        "Basic EPS": -23.0,
        "Diluted NI Availto Com Stockholders": -54228000.0,
        "Average Dilution Earnings": NaN,
        "Net Income Common Stockholders": -54228000.0,
        "Net Income": -54228000.0,
        "Minority Interests": 57783000.0,
        "Net Income Including Noncontrolling Interests": -112011000.0,
        "Net Income Continuous Operations": -112011000.0,
        "Tax Provision": -1248000.0,
        "Pretax Income": -113259000.0,
        "Other Income Expense": -71300000.0,
        "Other Non Operating Income Expenses": 354000.0,
        "Special Income Charges": -5933000.0,
        "Other Special Charges": NaN,
        "Impairment Of Capital Assets": NaN,
        "Restructuring And Mergern Acquisition": 5933000.0,
        "Gain On Sale Of Security": -65721000.0,
        "Net Non Operating Interest Income Expense": -16447000.0,
        "Interest Expense Non Operating": 16451000.0,
        "Interest Income Non Operating": 4000.0,
        "Operating Income": -25512000.0,
        "Operating Expense": 137108000.0,
        "Provision For Doubtful Accounts": NaN,
        "Depreciation Amortization Depletion Income Statement": 25343000.0,
        "Depreciation And Amortization In Income Statement": 25343000.0,
        "Selling General And Administration": 111765000.0,
        "General And Administrative Expense": 111765000.0,
        "Other Gand A": 111765000.0,
        "Gross Profit": 111596000.0,
        "Cost Of Revenue": 553432000.0,
        "Total Revenue": 665028000.0,
        "Operating Revenue": 665028000.0
    },
    "2022-06-30": {
        "Tax Effect Of Unusual Items": 11892800.0,
        "Tax Rate For Calcs": 0.4,
        "Normalized EBITDA": -10517000.0,
        "Total Unusual Items": 29732000.0,
        "Total Unusual Items Excluding Goodwill": 29732000.0,
        "Net Income From Continuing Operation Net Minority Interest": -5333000.0,
        "Reconciled Depreciation": 19836000.0,
        "Reconciled Cost Of Revenue": 593964000.0,
        "EBITDA": 19215000.0,
        "EBIT": -621000.0,
        "Net Interest Income": -13132000.0,
        "Interest Expense": 13134000.0,
        "Interest Income": 2000.0,
        "Normalized Income": -23172200.0,
        "Net Income From Continuing And Discontinued Operation": -5333000.0,
        "Total Expenses": 719979000.0,
        "Total Operating Income As Reported": -31049000.0,
        "Diluted Average Shares": 474580471.0,
        "Basic Average Shares": 210053037.0,
        "Diluted EPS": -0.03,
        "Basic EPS": -0.03,
        "Diluted NI Availto Com Stockholders": -14564000.0,
        "Average Dilution Earnings": -9231000.0,
        "Net Income Common Stockholders": -5333000.0,
        "Net Income": -5333000.0,
        "Minority Interests": 9231000.0,
        "Net Income Including Noncontrolling Interests": -14564000.0,
        "Net Income Continuous Operations": -14564000.0,
        "Tax Provision": 809000.0,
        "Pretax Income": -13755000.0,
        "Other Income Expense": 29983000.0,
        "Other Non Operating Income Expenses": 251000.0,
        "Special Income Charges": -443000.0,
        "Other Special Charges": NaN,
        "Impairment Of Capital Assets": NaN,
        "Restructuring And Mergern Acquisition": 443000.0,
        "Gain On Sale Of Security": 30175000.0,
        "Net Non Operating Interest Income Expense": -13132000.0,
        "Interest Expense Non Operating": 13134000.0,
        "Interest Income Non Operating": 2000.0,
        "Operating Income": -30606000.0,
        "Operating Expense": 126015000.0,
        "Provision For Doubtful Accounts": NaN,
        "Depreciation Amortization Depletion Income Statement": 19836000.0,
        "Depreciation And Amortization In Income Statement": 19836000.0,
        "Selling General And Administration": 106179000.0,
        "General And Administrative Expense": NaN,
        "Other Gand A": NaN,
        "Gross Profit": 95409000.0,
        "Cost Of Revenue": 593964000.0,
        "Total Revenue": 689373000.0,
        "Operating Revenue": 689373000.0
    },
    "2022-03-31": {
        "Diluted EPS": 0.0,
        "Total Revenue": 704,
        "Gross Profit": 704,
        "Operating Income": -11,
        "EBIT": 8,
        "Net Income": 1
    },
    "2021-12-31": {
        "Diluted EPS": -0.08,
        "Total Revenue": 492,
        "Gross Profit": 492,
        "Operating Income": -42,
        "EBIT": -23,
        "Net Income": 17
    },
    "2021-09-30": {
        "Diluted EPS": -0.14,
        "Total Revenue": 499,
        "Gross Profit": 499,
        "Operating Income": -34,
        "EBIT": -21,
        "Net Income": -23
    },
    "2021-06-30": {
        "Diluted EPS": -0.06,
        "Total Revenue": 344,
        "Gross Profit": 344,
        "Operating Income": -55,
        "EBIT": -40,
        "Net Income": 5
    },
    "2021-03-31": {
        "Diluted EPS": 0.0,
        "Total Revenue": 275,
        "Gross Profit": 275,
        "Operating Income": -5,
        "EBIT": 3,
        "Net Income": -16
    },
    "2020-12-31": {
        "Diluted EPS": 0.0,
        "Total Revenue": 397,
        "Gross Profit": 397,
        "Operating Income": -2,
        "EBIT": 7,
        "Net Income": -49
    },
    "2020-09-30": {
        "Diluted EPS": 0.0,
        "Total Revenue": 263,
        "Gross Profit": 263,
        "Operating Income": 7,
        "EBIT": 15,
        "Net Income": -11
    },
    "2020-06-30": {
        "Diluted EPS": 0.0,
        "Total Revenue": 171,
        "Gross Profit": 171,
        "Operating Income": -5,
        "EBIT": -5,
        "Net Income": -11
    },
    "2020-03-31": {
        "Diluted EPS": 0.0,
        "Total Revenue": NaN,
        "Gross Profit": NaN,
        "Operating Income": 0,
        "EBIT": 0,
        "Net Income": 0
    },
    "2019-12-31": {
        "Diluted EPS": 0.0,
        "Total Revenue": NaN,
        "Gross Profit": NaN,
        "Operating Income": NaN,
        "EBIT": NaN,
        "Net Income": NaN
    },
    "2023-06-30": {
        "Tax Effect Of Unusual Items": 6986.0,
        "Tax Rate For Calcs": 0.007,
        "Normalized EBITDA": -219644000.0,
        "Total Unusual Items": 998000.0,
        "Total Unusual Items Excluding Goodwill": 998000.0,
        "Net Income From Continuing Operation Net Minority Interest": -140753000.0,
        "Reconciled Depreciation": 27252000.0,
        "Reconciled Cost Of Revenue": 826385000.0,
        "EBITDA": -218646000.0,
        "EBIT": -245898000.0,
        "Net Interest Income": -26629000.0,
        "Interest Expense": 26719000.0,
        "Interest Income": 90000.0,
        "Normalized Income": -141744014.0,
        "Net Income From Continuing And Discontinued Operation": -140753000.0,
        "Total Expenses": 1015055000.0,
        "Total Operating Income As Reported": -245634000.0,
        "Diluted Average Shares": 5278499.0,
        "Basic Average Shares": 2746409.0,
        "Diluted EPS": -51.0,
        "Basic EPS": -51.0,
        "Diluted NI Availto Com Stockholders": -270745000.0,
        "Average Dilution Earnings": -129992000.0,
        "Net Income Common Stockholders": -140753000.0,
        "Net Income": -140753000.0,
        "Minority Interests": 129992000.0,
        "Net Income Including Noncontrolling Interests": -270745000.0,
        "Net Income Continuous Operations": -270745000.0,
        "Tax Provision": -1872000.0,
        "Pretax Income": -272617000.0,
        "Other Income Expense": 2321000.0,
        "Other Non Operating Income Expenses": 1323000.0,
        "Special Income Charges": 2675000.0,
        "Other Special Charges": NaN,
        "Impairment Of Capital Assets": NaN,
        "Restructuring And Mergern Acquisition": -2675000.0,
        "Gain On Sale Of Security": -1677000.0,
        "Net Non Operating Interest Income Expense": -26629000.0,
        "Interest Expense Non Operating": 26719000.0,
        "Interest Income Non Operating": 90000.0,
        "Operating Income": -248309000.0,
        "Operating Expense": 188669000.0,
        "Provision For Doubtful Accounts": 62000000.0,
        "Depreciation Amortization Depletion Income Statement": 27251000.0,
        "Depreciation And Amortization In Income Statement": 27251000.0,
        "Selling General And Administration": 99418000.0,
        "Gross Profit": -59640000.0,
        "Cost Of Revenue": 826386000.0,
        "Total Revenue": 766746000.0,
        "Operating Revenue": 766746000.0
    },
    "2023-09-30": {
        "Tax Effect Of Unusual Items": -110879.1,
        "Tax Rate For Calcs": 0.0003,
        "Normalized EBITDA": -65859000.0,
        "Total Unusual Items": -369597000.0,
        "Total Unusual Items Excluding Goodwill": -369597000.0,
        "Net Income From Continuing Operation Net Minority Interest": -260487000.0,
        "Reconciled Depreciation": 26740000.0,
        "Reconciled Cost Of Revenue": 772469000.0,
        "EBITDA": -435456000.0,
        "EBIT": -462196000.0,
        "Net Interest Income": -29388000.0,
        "Interest Expense": 29646000.0,
        "Interest Income": 258000.0,
        "Normalized Income": 108999120.9,
        "Net Income From Continuing And Discontinued Operation": -260487000.0,
        "Total Expenses": 880030000.0,
        "Total Operating Income As Reported": -466919000.0,
        "Diluted Average Shares": 2835250.0,
        "Basic Average Shares": 2835250.0,
        "Diluted EPS": -91.87,
        "Basic EPS": -91.87,
        "Diluted NI Availto Com Stockholders": -260487000.0,
        "Average Dilution Earnings": NaN,
        "Net Income Common Stockholders": -260487000.0,
        "Net Income": -260487000.0,
        "Minority Interests": 231210000.0,
        "Net Income Including Noncontrolling Interests": -491697000.0,
        "Net Income Continuous Operations": -491697000.0,
        "Tax Provision": -145000.0,
        "Pretax Income": -491842000.0,
        "Other Income Expense": -370497000.0,
        "Other Non Operating Income Expenses": -900000.0,
        "Special Income Charges": -374962000.0,
        "Other Special Charges": NaN,
        "Impairment Of Capital Assets": 354000000.0,
        "Restructuring And Mergern Acquisition": 20962000.0,
        "Gain On Sale Of Security": 5365000.0,
        "Net Non Operating Interest Income Expense": -29388000.0,
        "Interest Expense Non Operating": 29646000.0,
        "Interest Income Non Operating": 258000.0,
        "Operating Income": -91957000.0,
        "Operating Expense": 107561000.0,
        "Provision For Doubtful Accounts": 0.0,
        "Depreciation Amortization Depletion Income Statement": 26740000.0,
        "Depreciation And Amortization In Income Statement": 26740000.0,
        "Selling General And Administration": 80821000.0,
        "Gross Profit": 15604000.0,
        "Cost Of Revenue": 772469000.0,
        "Total Revenue": 788073000.0,
        "Operating Revenue": 788073000.0
    }
}