{
    "2023-03-31": {
        "Tax Effect Of Unusual Items": 0.0,
        "Tax Rate For Calcs": 0.355004,
        "Normalized EBITDA": 25635000.0,
        "Net Income From Continuing Operation Net Minority Interest": 16132000.0,
        "Reconciled Depreciation": 11576000.0,
        "Reconciled Cost Of Revenue": 69225000.0,
        "EBIT": 14059000.0,
        "Net Interest Income": 3743000.0,
        "Interest Income": 3743000.0,
        "Normalized Income": 16132000.0,
        "Net Income From Continuing And Discontinued Operation": 16132000.0,
        "Total Expenses": 217904000.0,
        "Total Operating Income As Reported": 14059000.0,
        "Diluted Average Shares": 115915737.0,
        "Basic Average Shares": 115358475.0,
        "Diluted EPS": 0.1,
        "Basic EPS": 0.14,
        "Diluted NI Availto Com Stockholders": 16132000.0,
        "Average Dilution Earnings": NaN,
        "Net Income Common Stockholders": 16132000.0,
        "Otherunder Preferred Stock Dividend": NaN,
        "Net Income": 16132000.0,
        "Minority Interests": 4266000.0,
        "Net Income Including Noncontrolling Interests": 11866000.0,
        "Net Income Continuous Operations": 11866000.0,
        "Tax Provision": 6531000.0,
        "Pretax Income": 18397000.0,
        "Other Income Expense": 595000.0,
        "Other Non Operating Income Expenses": 595000.0,
        "Net Non Operating Interest Income Expense": 3743000.0,
        "Interest Income Non Operating": 3743000.0,
        "Operating Income": 14059000.0,
        "Operating Expense": 140921000.0,
        "Depreciation Amortization Depletion Income Statement": 3818000.0,
        "Depreciation And Amortization In Income Statement": 3818000.0,
        "Research And Development": 36607000.0,
        "Selling General And Administration": 100496000.0,
        "Selling And Marketing Expense": 75577000.0,
        "General And Administrative Expense": 24919000.0,
        "Other Gand A": 24919000.0,
        "Gross Profit": 154980000.0,
        "Cost Of Revenue": 76983000.0,
        "Total Revenue": 231963000.0,
        "Operating Revenue": 231963000.0
    },
    "2022-12-31": {
        "Tax Effect Of Unusual Items": 0.0,
        "Tax Rate For Calcs": 0.286955,
        "Normalized EBITDA": 41353000.0,
        "Net Income From Continuing Operation Net Minority Interest": 24793000.0,
        "Reconciled Depreciation": 11732000.0,
        "Reconciled Cost Of Revenue": 141913000.0,
        "EBIT": 29621000.0,
        "Net Interest Income": 2339000.0,
        "Interest Income": 2339000.0,
        "Normalized Income": 24793000.0,
        "Net Income From Continuing And Discontinued Operation": 24793000.0,
        "Total Expenses": 257123000.0,
        "Total Operating Income As Reported": 29621000.0,
        "Diluted Average Shares": 119117004.0,
        "Basic Average Shares": 118783793.0,
        "Diluted EPS": 0.2,
        "Basic EPS": 1.34,
        "Diluted NI Availto Com Stockholders": 159247000.0,
        "Average Dilution Earnings": -114831000.0,
        "Net Income Common Stockholders": 159247000.0,
        "Otherunder Preferred Stock Dividend": -134454000.0,
        "Net Income": 24793000.0,
        "Minority Interests": 1562000.0,
        "Net Income Including Noncontrolling Interests": 23231000.0,
        "Net Income Continuous Operations": 23231000.0,
        "Tax Provision": 9349000.0,
        "Pretax Income": 32580000.0,
        "Other Income Expense": 620000.0,
        "Other Non Operating Income Expenses": 620000.0,
        "Net Non Operating Interest Income Expense": 2339000.0,
        "Interest Income Non Operating": 2339000.0,
        "Operating Income": 29621000.0,
        "Operating Expense": 107421000.0,
        "Depreciation Amortization Depletion Income Statement": 3943000.0,
        "Depreciation And Amortization In Income Statement": 3943000.0,
        "Research And Development": 31553000.0,
        "Selling General And Administration": 71925000.0,
        "Selling And Marketing Expense": 70203000.0,
        "General And Administrative Expense": 1722000.0,
        "Other Gand A": 1722000.0,
        "Gross Profit": 137042000.0,
        "Cost Of Revenue": 149702000.0,
        "Total Revenue": 286744000.0,
        "Operating Revenue": 286744000.0
    },
    "2022-09-30": {
        "Tax Effect Of Unusual Items": 0.0,
        "Tax Rate For Calcs": 0.33,
        "Normalized EBITDA": 39839000.0,
        "Net Income From Continuing Operation Net Minority Interest": 106964000.0,
        "Reconciled Depreciation": 11183000.0,
        "Reconciled Cost Of Revenue": 268328000.0,
        "EBIT": 28656000.0,
        "Net Interest Income": NaN,
        "Interest Income": NaN,
        "Normalized Income": 106964000.0,
        "Net Income From Continuing And Discontinued Operation": 106964000.0,
        "Total Expenses": 397798000.0,
        "Total Operating Income As Reported": 28656000.0,
        "Diluted Average Shares": 132243636.0,
        "Basic Average Shares": 118683642.0,
        "Diluted EPS": 0.14,
        "Basic EPS": 0.9,
        "Diluted NI Availto Com Stockholders": 18824000.0,
        "Average Dilution Earnings": -88140000.0,
        "Net Income Common Stockholders": 106964000.0,
        "Otherunder Preferred Stock Dividend": NaN,
        "Net Income": 106964000.0,
        "Minority Interests": 88140000.0,
        "Net Income Including Noncontrolling Interests": 18824000.0,
        "Net Income Continuous Operations": 18824000.0,
        "Tax Provision": 10032000.0,
        "Pretax Income": 28856000.0,
        "Other Income Expense": 200000.0,
        "Other Non Operating Income Expenses": 200000.0,
        "Net Non Operating Interest Income Expense": NaN,
        "Interest Income Non Operating": NaN,
        "Operating Income": 28656000.0,
        "Operating Expense": 122129000.0,
        "Depreciation Amortization Depletion Income Statement": 3842000.0,
        "Depreciation And Amortization In Income Statement": 3842000.0,
        "Research And Development": 30208000.0,
        "Selling General And Administration": 88079000.0,
        "Selling And Marketing Expense": 83319000.0,
        "General And Administrative Expense": 4760000.0,
        "Other Gand A": 4760000.0,
        "Gross Profit": 150785000.0,
        "Cost Of Revenue": 275669000.0,
        "Total Revenue": 426454000.0,
        "Operating Revenue": 426454000.0
    },
    "2022-06-30": {
        "Tax Effect Of Unusual Items": 0.0,
        "Tax Rate For Calcs": 0.216,
        "Normalized EBITDA": 34776000.0,
        "Net Income From Continuing Operation Net Minority Interest": -10336000.0,
        "Reconciled Depreciation": 11234000.0,
        "Reconciled Cost Of Revenue": 315980000.0,
        "EBIT": 23542000.0,
        "Net Interest Income": NaN,
        "Interest Income": NaN,
        "Normalized Income": -10336000.0,
        "Net Income From Continuing And Discontinued Operation": -10336000.0,
        "Total Expenses": 487687000.0,
        "Total Operating Income As Reported": 23542000.0,
        "Diluted Average Shares": 118390641.0,
        "Basic Average Shares": 118390641.0,
        "Diluted EPS": -0.09,
        "Basic EPS": -0.09,
        "Diluted NI Availto Com Stockholders": -10336000.0,
        "Average Dilution Earnings": 0.0,
        "Net Income Common Stockholders": -10336000.0,
        "Otherunder Preferred Stock Dividend": NaN,
        "Net Income": -10336000.0,
        "Minority Interests": -28397000.0,
        "Net Income Including Noncontrolling Interests": 18061000.0,
        "Net Income Continuous Operations": 18061000.0,
        "Tax Provision": 5325000.0,
        "Pretax Income": 23386000.0,
        "Other Income Expense": -156000.0,
        "Other Non Operating Income Expenses": -156000.0,
        "Net Non Operating Interest Income Expense": NaN,
        "Interest Income Non Operating": NaN,
        "Operating Income": 23542000.0,
        "Operating Expense": 164309000.0,
        "Depreciation Amortization Depletion Income Statement": 3836000.0,
        "Depreciation And Amortization In Income Statement": 3836000.0,
        "Research And Development": 31354000.0,
        "Selling General And Administration": 129119000.0,
        "Selling And Marketing Expense": 95605000.0,
        "General And Administrative Expense": 33514000.0,
        "Other Gand A": 33514000.0,
        "Gross Profit": 187851000.0,
        "Cost Of Revenue": 323378000.0,
        "Total Revenue": 511229000.0,
        "Operating Revenue": 511229000.0
    },
    "2022-03-31": {
        "Diluted EPS": -0.53,
        "Total Revenue": 431,
        "Gross Profit": 182,
        "Operating Income": 27,
        "EBIT": 41,
        "Net Income": -62
    },
    "2021-12-31": {
        "Diluted EPS": -0.66,
        "Total Revenue": 339,
        "Gross Profit": 180,
        "Operating Income": 44,
        "EBIT": 58,
        "Net Income": -80
    },
    "2021-09-30": {
        "Diluted EPS": 0.24,
        "Total Revenue": 223,
        "Gross Profit": 163,
        "Operating Income": 40,
        "EBIT": 54,
        "Net Income": 29
    },
    "2021-06-30": {
        "Diluted EPS": 0.23,
        "Total Revenue": 218,
        "Gross Profit": 167,
        "Operating Income": 38,
        "EBIT": 52,
        "Net Income": 28
    },
    "2021-03-31": {
        "Diluted EPS": 0.19,
        "Total Revenue": 171,
        "Gross Profit": 147,
        "Operating Income": 26,
        "EBIT": 38,
        "Net Income": 22
    },
    "2020-12-31": {
        "Diluted EPS": 0.22,
        "Total Revenue": 152,
        "Gross Profit": 140,
        "Operating Income": 33,
        "EBIT": 38,
        "Net Income": 25
    },
    "2020-09-30": {
        "Diluted EPS": 0.29,
        "Total Revenue": 147,
        "Gross Profit": 138,
        "Operating Income": 44,
        "EBIT": 49,
        "Net Income": 33
    },
    "2020-06-30": {
        "Diluted EPS": 0.06,
        "Total Revenue": 95,
        "Gross Profit": 85,
        "Operating Income": 9,
        "EBIT": 15,
        "Net Income": 7
    },
    "2020-03-31": {
        "Diluted EPS": 0.11,
        "Total Revenue": 158,
        "Gross Profit": 146,
        "Operating Income": 12,
        "EBIT": 18,
        "Net Income": 13
    },
    "2019-12-31": {
        "Diluted EPS": 0.12,
        "Total Revenue": 158,
        "Gross Profit": 148,
        "Operating Income": 14,
        "EBIT": 18,
        "Net Income": 13
    },
    "2019-09-30": {
        "Diluted EPS": 0.09,
        "Total Revenue": 150,
        "Gross Profit": 141,
        "Operating Income": 10,
        "EBIT": 14,
        "Net Income": 10
    },
    "2019-06-30": {
        "Diluted EPS": 0.05,
        "Total Revenue": 145,
        "Gross Profit": 136,
        "Operating Income": 4,
        "EBIT": 7,
        "Net Income": 6
    },
    "2019-03-31": {
        "Diluted EPS": 0.11,
        "Total Revenue": 135,
        "Gross Profit": 128,
        "Operating Income": 7,
        "EBIT": 11,
        "Net Income": 13
    },
    "2018-12-31": {
        "Diluted EPS": 0.11,
        "Total Revenue": 126,
        "Gross Profit": 119,
        "Operating Income": 7,
        "EBIT": 10,
        "Net Income": 12
    },
    "2018-09-30": {
        "Diluted EPS": 0.12,
        "Total Revenue": 119,
        "Gross Profit": 113,
        "Operating Income": 6,
        "EBIT": 8,
        "Net Income": 14
    },
    "2018-06-30": {
        "Diluted EPS": 0.29,
        "Total Revenue": 110,
        "Gross Profit": 104,
        "Operating Income": 4,
        "EBIT": 6,
        "Net Income": 33
    },
    "2018-03-31": {
        "Diluted EPS": 0.05,
        "Total Revenue": 99,
        "Gross Profit": 93,
        "Operating Income": 6,
        "EBIT": 8,
        "Net Income": 5
    },
    "2017-12-31": {
        "Diluted EPS": 0.02,
        "Total Revenue": 91,
        "Gross Profit": 85,
        "Operating Income": 0,
        "EBIT": 1,
        "Net Income": 3
    },
    "2017-09-30": {
        "Diluted EPS": 0.02,
        "Total Revenue": 83,
        "Gross Profit": 78,
        "Operating Income": 3,
        "EBIT": 4,
        "Net Income": 1
    },
    "2017-06-30": {
        "Diluted EPS": 0.04,
        "Total Revenue": 76,
        "Gross Profit": 72,
        "Operating Income": 6,
        "EBIT": 7,
        "Net Income": 2
    },
    "2017-03-31": {
        "Diluted EPS": 0.04,
        "Total Revenue": 67,
        "Gross Profit": 64,
        "Operating Income": 6,
        "EBIT": 7,
        "Net Income": 2
    },
    "2016-12-31": {
        "Diluted EPS": 0.0,
        "Total Revenue": NaN,
        "Gross Profit": NaN,
        "Operating Income": NaN,
        "EBIT": NaN,
        "Net Income": NaN
    },
    "2016-09-30": {
        "Diluted EPS": 0.02,
        "Total Revenue": 53,
        "Gross Profit": 50,
        "Operating Income": 3,
        "EBIT": 3,
        "Net Income": 1
    },
    "2015-12-31": {
        "Diluted EPS": 0.0,
        "Total Revenue": NaN,
        "Gross Profit": NaN,
        "Operating Income": NaN,
        "EBIT": NaN,
        "Net Income": NaN
    }
}