{
    "2023-03-31": {
        "Tax Effect Of Unusual Items": 0.0,
        "Tax Rate For Calcs": 0.08344,
        "Normalized EBITDA": 44810000.0,
        "Net Income From Continuing Operation Net Minority Interest": 11479000.0,
        "Reconciled Depreciation": 24042000.0,
        "Reconciled Cost Of Revenue": 29795000.0,
        "EBITDA": 44810000.0,
        "EBIT": 20768000.0,
        "Net Interest Income": -8244000.0,
        "Interest Expense": 8244000.0,
        "Normalized Income": 11479000.0,
        "Net Income From Continuing And Discontinued Operation": 11479000.0,
        "Total Expenses": 154539000.0,
        "Total Operating Income As Reported": 12529000.0,
        "Diluted Average Shares": 67747000.0,
        "Basic Average Shares": 66530000.0,
        "Diluted EPS": 0.17,
        "Basic EPS": 0.17,
        "Diluted NI Availto Com Stockholders": 11479000.0,
        "Net Income Common Stockholders": 11479000.0,
        "Net Income": 11479000.0,
        "Net Income Including Noncontrolling Interests": 11479000.0,
        "Net Income Continuous Operations": 11479000.0,
        "Tax Provision": 1045000.0,
        "Pretax Income": 12524000.0,
        "Other Income Expense": 8239000.0,
        "Other Non Operating Income Expenses": 8239000.0,
        "Net Non Operating Interest Income Expense": -8244000.0,
        "Interest Expense Non Operating": 8244000.0,
        "Operating Income": 12529000.0,
        "Operating Expense": 124744000.0,
        "Depreciation Amortization Depletion Income Statement": 24042000.0,
        "Depreciation And Amortization In Income Statement": 24042000.0,
        "Research And Development": 24101000.0,
        "Selling General And Administration": 100702000.0,
        "Selling And Marketing Expense": 58297000.0,
        "General And Administrative Expense": 42405000.0,
        "Other Gand A": 42405000.0,
        "Gross Profit": 137273000.0,
        "Cost Of Revenue": 29795000.0,
        "Total Revenue": 167068000.0,
        "Operating Revenue": 163386000.0
    },
    "2022-12-31": {
        "Tax Effect Of Unusual Items": 0.0,
        "Tax Rate For Calcs": 0.376625,
        "Normalized EBITDA": 48610000.0,
        "Net Income From Continuing Operation Net Minority Interest": 10262000.0,
        "Reconciled Depreciation": 23706000.0,
        "Reconciled Cost Of Revenue": 28875000.0,
        "EBITDA": 48610000.0,
        "EBIT": 24904000.0,
        "Net Interest Income": -8442000.0,
        "Interest Expense": 8442000.0,
        "Normalized Income": 10262000.0,
        "Net Income From Continuing And Discontinued Operation": 10262000.0,
        "Total Expenses": 148390000.0,
        "Total Operating Income As Reported": 19811000.0,
        "Diluted Average Shares": 68513000.0,
        "Basic Average Shares": 66546000.0,
        "Diluted EPS": 0.15,
        "Basic EPS": 0.15,
        "Diluted NI Availto Com Stockholders": 10262000.0,
        "Net Income Common Stockholders": 10262000.0,
        "Net Income": 10262000.0,
        "Net Income Including Noncontrolling Interests": 10262000.0,
        "Net Income Continuous Operations": 10262000.0,
        "Tax Provision": 6200000.0,
        "Pretax Income": 16462000.0,
        "Other Income Expense": 5093000.0,
        "Other Non Operating Income Expenses": 5093000.0,
        "Net Non Operating Interest Income Expense": -8442000.0,
        "Interest Expense Non Operating": 8442000.0,
        "Operating Income": 19811000.0,
        "Operating Expense": 119515000.0,
        "Depreciation Amortization Depletion Income Statement": 23706000.0,
        "Depreciation And Amortization In Income Statement": 23706000.0,
        "Research And Development": NaN,
        "Selling General And Administration": 95809000.0,
        "Selling And Marketing Expense": 56515000.0,
        "General And Administrative Expense": 39294000.0,
        "Other Gand A": 39294000.0,
        "Gross Profit": 139326000.0,
        "Cost Of Revenue": 28875000.0,
        "Total Revenue": 168201000.0,
        "Operating Revenue": 163754000.0
    },
    "2022-09-30": {
        "Tax Effect Of Unusual Items": 0.0,
        "Tax Rate For Calcs": 0.4,
        "Normalized EBITDA": 29646000.0,
        "Net Income From Continuing Operation Net Minority Interest": -2941000.0,
        "Reconciled Depreciation": 23134000.0,
        "Reconciled Cost Of Revenue": 28828000.0,
        "EBITDA": 29646000.0,
        "EBIT": 6512000.0,
        "Net Interest Income": -8501000.0,
        "Interest Expense": 8501000.0,
        "Normalized Income": -2941000.0,
        "Net Income From Continuing And Discontinued Operation": -2941000.0,
        "Total Expenses": 144696000.0,
        "Total Operating Income As Reported": 19899000.0,
        "Diluted Average Shares": 67680000.0,
        "Basic Average Shares": 67680000.0,
        "Diluted EPS": -0.04,
        "Basic EPS": -0.04,
        "Diluted NI Availto Com Stockholders": -2941000.0,
        "Net Income Common Stockholders": -2941000.0,
        "Net Income": -2941000.0,
        "Net Income Including Noncontrolling Interests": -2941000.0,
        "Net Income Continuous Operations": -2941000.0,
        "Tax Provision": 952000.0,
        "Pretax Income": -1989000.0,
        "Other Income Expense": -13387000.0,
        "Other Non Operating Income Expenses": -13387000.0,
        "Net Non Operating Interest Income Expense": -8501000.0,
        "Interest Expense Non Operating": 8501000.0,
        "Operating Income": 19899000.0,
        "Operating Expense": 115868000.0,
        "Depreciation Amortization Depletion Income Statement": 23134000.0,
        "Depreciation And Amortization In Income Statement": 23134000.0,
        "Research And Development": NaN,
        "Selling General And Administration": 92734000.0,
        "Selling And Marketing Expense": 53615000.0,
        "General And Administrative Expense": 39119000.0,
        "Other Gand A": 39119000.0,
        "Gross Profit": 135767000.0,
        "Cost Of Revenue": 28828000.0,
        "Total Revenue": 164595000.0,
        "Operating Revenue": 160304000.0
    },
    "2022-06-30": {
        "Tax Effect Of Unusual Items": 0.0,
        "Tax Rate For Calcs": 0.118,
        "Normalized EBITDA": 38332000.0,
        "Net Income From Continuing Operation Net Minority Interest": 5545000.0,
        "Reconciled Depreciation": 23001000.0,
        "Reconciled Cost Of Revenue": 29504000.0,
        "EBITDA": 38332000.0,
        "EBIT": 15331000.0,
        "Net Interest Income": -9047000.0,
        "Interest Expense": 9047000.0,
        "Normalized Income": 5545000.0,
        "Net Income From Continuing And Discontinued Operation": 5545000.0,
        "Total Expenses": 147488000.0,
        "Total Operating Income As Reported": 15385000.0,
        "Diluted Average Shares": 70257000.0,
        "Basic Average Shares": 69194000.0,
        "Diluted EPS": 0.08,
        "Basic EPS": 0.08,
        "Diluted NI Availto Com Stockholders": 5545000.0,
        "Net Income Common Stockholders": 5545000.0,
        "Net Income": 5545000.0,
        "Net Income Including Noncontrolling Interests": 5545000.0,
        "Net Income Continuous Operations": 5545000.0,
        "Tax Provision": 739000.0,
        "Pretax Income": 6284000.0,
        "Other Income Expense": -54000.0,
        "Other Non Operating Income Expenses": -54000.0,
        "Net Non Operating Interest Income Expense": -9047000.0,
        "Interest Expense Non Operating": 9047000.0,
        "Operating Income": 15385000.0,
        "Operating Expense": 117984000.0,
        "Depreciation Amortization Depletion Income Statement": 23001000.0,
        "Depreciation And Amortization In Income Statement": 23001000.0,
        "Research And Development": NaN,
        "Selling General And Administration": 94983000.0,
        "Selling And Marketing Expense": 54655000.0,
        "General And Administrative Expense": 40328000.0,
        "Other Gand A": 40328000.0,
        "Gross Profit": 133369000.0,
        "Cost Of Revenue": 29504000.0,
        "Total Revenue": 162873000.0,
        "Operating Revenue": 158131000.0
    },
    "2023-06-30": {
        "Tax Effect Of Unusual Items": 0.0,
        "Tax Rate For Calcs": 0.21,
        "Normalized EBITDA": 33870000.0,
        "Net Income From Continuing Operation Net Minority Interest": 94126000.0,
        "Reconciled Depreciation": 24669000.0,
        "Reconciled Cost Of Revenue": 30415000.0,
        "EBITDA": 33870000.0,
        "EBIT": 9201000.0,
        "Net Interest Income": -8150000.0,
        "Interest Expense": 8150000.0,
        "Normalized Income": 94126000.0,
        "Net Income From Continuing And Discontinued Operation": 94126000.0,
        "Total Expenses": 155842000.0,
        "Total Operating Income As Reported": 12334000.0,
        "Diluted Average Shares": 68493000.0,
        "Basic Average Shares": 66762000.0,
        "Diluted EPS": 1.37,
        "Basic EPS": 1.41,
        "Diluted NI Availto Com Stockholders": 94126000.0,
        "Net Income Common Stockholders": 94126000.0,
        "Net Income": 94126000.0,
        "Net Income Including Noncontrolling Interests": 94126000.0,
        "Net Income Continuous Operations": 94126000.0,
        "Tax Provision": -93075000.0,
        "Pretax Income": 1051000.0,
        "Other Income Expense": -3133000.0,
        "Other Non Operating Income Expenses": -3133000.0,
        "Net Non Operating Interest Income Expense": -8150000.0,
        "Interest Expense Non Operating": 8150000.0,
        "Operating Income": 12334000.0,
        "Operating Expense": 125427000.0,
        "Depreciation Amortization Depletion Income Statement": 24669000.0,
        "Depreciation And Amortization In Income Statement": 24669000.0,
        "Research And Development": 24956000.0,
        "Selling General And Administration": 75802000.0,
        "Selling And Marketing Expense": 58153000.0,
        "General And Administrative Expense": 17649000.0,
        "Other Gand A": 17649000.0,
        "Gross Profit": 137761000.0,
        "Cost Of Revenue": 30415000.0,
        "Total Revenue": 168176000.0,
        "Operating Revenue": 165711000.0
    },
    "2022-03-31": {
        "Diluted EPS": 0.06,
        "Total Revenue": 158,
        "Gross Profit": 109,
        "Operating Income": 11,
        "EBIT": 37,
        "Net Income": 4
    },
    "2021-12-31": {
        "Diluted EPS": -0.04,
        "Total Revenue": 158,
        "Gross Profit": 108,
        "Operating Income": 4,
        "EBIT": 32,
        "Net Income": -3
    },
    "2021-09-30": {
        "Diluted EPS": 0.03,
        "Total Revenue": 157,
        "Gross Profit": 107,
        "Operating Income": 12,
        "EBIT": 40,
        "Net Income": 2
    },
    "2021-06-30": {
        "Diluted EPS": 0.08,
        "Total Revenue": 156,
        "Gross Profit": 108,
        "Operating Income": 16,
        "EBIT": 43,
        "Net Income": 6
    },
    "2021-03-31": {
        "Diluted EPS": 0.08,
        "Total Revenue": 153,
        "Gross Profit": 109,
        "Operating Income": 17,
        "EBIT": 44,
        "Net Income": 5
    },
    "2020-12-31": {
        "Diluted EPS": 0.57,
        "Total Revenue": 153,
        "Gross Profit": 108,
        "Operating Income": 16,
        "EBIT": 51,
        "Net Income": 35
    },
    "2020-09-30": {
        "Diluted EPS": -0.18,
        "Total Revenue": 144,
        "Gross Profit": 104,
        "Operating Income": 19,
        "EBIT": 47,
        "Net Income": -12
    },
    "2020-06-30": {
        "Diluted EPS": -0.37,
        "Total Revenue": 102,
        "Gross Profit": 67,
        "Operating Income": -17,
        "EBIT": 15,
        "Net Income": -25
    },
    "2020-03-31": {
        "Diluted EPS": -11.76,
        "Total Revenue": 148,
        "Gross Profit": 107,
        "Operating Income": -905,
        "EBIT": 32,
        "Net Income": -787
    },
    "2019-12-31": {
        "Diluted EPS": -0.05,
        "Total Revenue": 152,
        "Gross Profit": 113,
        "Operating Income": 5,
        "EBIT": 35,
        "Net Income": -4
    },
    "2019-09-30": {
        "Diluted EPS": -6.38,
        "Total Revenue": 152,
        "Gross Profit": 112,
        "Operating Income": -448,
        "EBIT": 37,
        "Net Income": -426
    },
    "2019-06-30": {
        "Diluted EPS": -0.09,
        "Total Revenue": 148,
        "Gross Profit": 109,
        "Operating Income": 1,
        "EBIT": 25,
        "Net Income": -6
    },
    "2019-03-31": {
        "Diluted EPS": -0.13,
        "Total Revenue": 154,
        "Gross Profit": 111,
        "Operating Income": -4,
        "EBIT": 18,
        "Net Income": -9
    },
    "2018-12-31": {
        "Diluted EPS": 0.13,
        "Total Revenue": 164,
        "Gross Profit": 121,
        "Operating Income": 24,
        "EBIT": 45,
        "Net Income": 9
    },
    "2018-09-30": {
        "Diluted EPS": 0.23,
        "Total Revenue": 169,
        "Gross Profit": 130,
        "Operating Income": 28,
        "EBIT": 49,
        "Net Income": 16
    },
    "2018-06-30": {
        "Diluted EPS": 0.18,
        "Total Revenue": 169,
        "Gross Profit": 128,
        "Operating Income": 25,
        "EBIT": 45,
        "Net Income": 13
    },
    "2018-03-31": {
        "Diluted EPS": 0.01,
        "Total Revenue": 160,
        "Gross Profit": 124,
        "Operating Income": 7,
        "EBIT": 25,
        "Net Income": 1
    },
    "2017-12-31": {
        "Diluted EPS": 2.11,
        "Total Revenue": 157,
        "Gross Profit": 123,
        "Operating Income": 39,
        "EBIT": 55,
        "Net Income": 152
    },
    "2017-09-30": {
        "Diluted EPS": 0.29,
        "Total Revenue": 160,
        "Gross Profit": 123,
        "Operating Income": 39,
        "EBIT": 55,
        "Net Income": 21
    },
    "2017-06-30": {
        "Diluted EPS": 0.35,
        "Total Revenue": 157,
        "Gross Profit": 122,
        "Operating Income": 29,
        "EBIT": 45,
        "Net Income": 25
    },
    "2017-03-31": {
        "Diluted EPS": 0.38,
        "Total Revenue": 153,
        "Gross Profit": 118,
        "Operating Income": 27,
        "EBIT": 43,
        "Net Income": 27
    },
    "2016-12-31": {
        "Diluted EPS": 1.15,
        "Total Revenue": 162,
        "Gross Profit": 130,
        "Operating Income": 49,
        "EBIT": 64,
        "Net Income": 49
    },
    "2016-09-30": {
        "Diluted EPS": 0.72,
        "Total Revenue": 162,
        "Gross Profit": 130,
        "Operating Income": 52,
        "EBIT": 67,
        "Net Income": 52
    },
    "2016-06-30": {
        "Diluted EPS": 0.59,
        "Total Revenue": 157,
        "Gross Profit": 123,
        "Operating Income": 42,
        "EBIT": 56,
        "Net Income": 42
    },
    "2016-03-31": {
        "Diluted EPS": 0.0,
        "Total Revenue": 152,
        "Gross Profit": 120,
        "Operating Income": 34,
        "EBIT": 48,
        "Net Income": 34
    },
    "2015-12-31": {
        "Diluted EPS": 0.0,
        "Total Revenue": NaN,
        "Gross Profit": NaN,
        "Operating Income": NaN,
        "EBIT": NaN,
        "Net Income": NaN
    },
    "2014-12-31": {
        "Diluted EPS": 0.0,
        "Total Revenue": NaN,
        "Gross Profit": NaN,
        "Operating Income": NaN,
        "EBIT": NaN,
        "Net Income": NaN
    },
    "2023-09-30": {
        "Tax Effect Of Unusual Items": 0.0,
        "Tax Rate For Calcs": 0.21,
        "Normalized EBITDA": 36086000.0,
        "Net Income From Continuing Operation Net Minority Interest": 4491000.0,
        "Reconciled Depreciation": 25670000.0,
        "Reconciled Cost Of Revenue": 31077000.0,
        "EBITDA": 36086000.0,
        "EBIT": 10416000.0,
        "Net Interest Income": -7777000.0,
        "Interest Expense": 7777000.0,
        "Normalized Income": 4491000.0,
        "Net Income From Continuing And Discontinued Operation": 4491000.0,
        "Total Expenses": 160015000.0,
        "Total Operating Income As Reported": 14318000.0,
        "Diluted Average Shares": 68508000.0,
        "Basic Average Shares": 66773000.0,
        "Diluted EPS": 0.07,
        "Basic EPS": 0.07,
        "Diluted NI Availto Com Stockholders": 4491000.0,
        "Net Income Common Stockholders": 4491000.0,
        "Net Income": 4491000.0,
        "Net Income Including Noncontrolling Interests": 4491000.0,
        "Net Income Continuous Operations": 4491000.0,
        "Tax Provision": -1852000.0,
        "Pretax Income": 2639000.0,
        "Other Income Expense": -3902000.0,
        "Other Non Operating Income Expenses": -3902000.0,
        "Net Non Operating Interest Income Expense": -7777000.0,
        "Interest Expense Non Operating": 7777000.0,
        "Operating Income": 14318000.0,
        "Operating Expense": 128938000.0,
        "Depreciation Amortization Depletion Income Statement": 25670000.0,
        "Depreciation And Amortization In Income Statement": 25670000.0,
        "Research And Development": 25297000.0,
        "Selling General And Administration": 77971000.0,
        "Selling And Marketing Expense": 60186000.0,
        "General And Administrative Expense": 17785000.0,
        "Other Gand A": 17785000.0,
        "Gross Profit": 143256000.0,
        "Cost Of Revenue": 31077000.0,
        "Total Revenue": 174333000.0,
        "Operating Revenue": 171665000.0
    }
}