{
    "2023-06-30": {
        "Tax Effect Of Unusual Items": -127842.0,
        "Tax Rate For Calcs": 0.066,
        "Total Unusual Items": -1937000.0,
        "Total Unusual Items Excluding Goodwill": -1937000.0,
        "Net Income From Continuing Operation Net Minority Interest": 45096000.0,
        "Reconciled Depreciation": 15116000.0,
        "Net Interest Income": 97465000.0,
        "Interest Expense": 1881000.0,
        "Interest Income": 99346000.0,
        "Normalized Income": 46905158.0,
        "Net Income From Continuing And Discontinued Operation": 45096000.0,
        "Diluted Average Shares": 26447032.0,
        "Basic Average Shares": 26346693.0,
        "Diluted EPS": 1.68,
        "Basic EPS": 1.69,
        "Diluted NI Availto Com Stockholders": 44409000.0,
        "Average Dilution Earnings": 3000.0,
        "Net Income Common Stockholders": 44406000.0,
        "Otherunder Preferred Stock Dividend": 690000.0,
        "Net Income": 45096000.0,
        "Minority Interests": -508000.0,
        "Net Income Including Noncontrolling Interests": 45604000.0,
        "Net Income Continuous Operations": 45604000.0,
        "Tax Provision": 3243000.0,
        "Pretax Income": 48847000.0,
        "Special Income Charges": -2749000.0,
        "Other Special Charges": NaN,
        "Write Off": 2749000.0,
        "Gain On Sale Of Security": 9000.0,
        "Depreciation Amortization Depletion Income Statement": 11685000.0,
        "Depreciation And Amortization In Income Statement": 11685000.0,
        "Amortization": 1168000.0,
        "Amortization Of Intangibles Income Statement": 1168000.0,
        "Depreciation Income Statement": 10517000.0,
        "Selling General And Administration": 47402000.0,
        "General And Administrative Expense": 47402000.0,
        "Salaries And Wages": 47402000.0,
        "Total Revenue": 136890000.0,
        "Operating Revenue": 136890000.0,
        "Occupancy And Equipment": 8595000.0,
        "Professional Expense And Contract Services Expense": 5089000.0,
        "Other Non Interest Expense": 10750000.0
    },
    "2023-03-31": {
        "Tax Effect Of Unusual Items": -165572.0,
        "Tax Rate For Calcs": 0.142,
        "Total Unusual Items": -1166000.0,
        "Total Unusual Items Excluding Goodwill": -1166000.0,
        "Net Income From Continuing Operation Net Minority Interest": 54771000.0,
        "Reconciled Depreciation": 19824000.0,
        "Net Interest Income": 101405000.0,
        "Interest Expense": 3282000.0,
        "Interest Income": 104687000.0,
        "Normalized Income": 55771428.0,
        "Net Income From Continuing And Discontinued Operation": 54771000.0,
        "Diluted Average Shares": 27169569.0,
        "Basic Average Shares": 27078048.0,
        "Diluted EPS": 1.99,
        "Basic EPS": 1.99,
        "Diluted NI Availto Com Stockholders": 53930000.0,
        "Average Dilution Earnings": 2000.0,
        "Net Income Common Stockholders": 53930000.0,
        "Otherunder Preferred Stock Dividend": 841000.0,
        "Net Income": 54771000.0,
        "Minority Interests": -597000.0,
        "Net Income Including Noncontrolling Interests": 55368000.0,
        "Net Income Continuous Operations": 55368000.0,
        "Tax Provision": 9176000.0,
        "Pretax Income": 64544000.0,
        "Special Income Charges": -500000.0,
        "Other Special Charges": NaN,
        "Write Off": 500000.0,
        "Gain On Sale Of Security": 82000.0,
        "Depreciation Amortization Depletion Income Statement": 16154000.0,
        "Depreciation And Amortization In Income Statement": 16154000.0,
        "Amortization": 1435000.0,
        "Amortization Of Intangibles Income Statement": 1435000.0,
        "Depreciation Income Statement": 14719000.0,
        "Selling General And Administration": 47547000.0,
        "General And Administrative Expense": 47547000.0,
        "Salaries And Wages": 47547000.0,
        "Total Revenue": 192053000.0,
        "Operating Revenue": 192053000.0,
        "Occupancy And Equipment": 8510000.0,
        "Professional Expense And Contract Services Expense": 4921000.0,
        "Other Non Interest Expense": 13114000.0
    },
    "2022-12-31": {
        "Tax Effect Of Unusual Items": NaN,
        "Tax Rate For Calcs": NaN,
        "Total Unusual Items": NaN,
        "Total Unusual Items Excluding Goodwill": NaN,
        "Net Income From Continuing Operation Net Minority Interest": NaN,
        "Reconciled Depreciation": NaN,
        "Net Interest Income": NaN,
        "Interest Expense": NaN,
        "Interest Income": NaN,
        "Normalized Income": NaN,
        "Net Income From Continuing And Discontinued Operation": NaN,
        "Diluted Average Shares": NaN,
        "Basic Average Shares": NaN,
        "Diluted EPS": NaN,
        "Basic EPS": NaN,
        "Diluted NI Availto Com Stockholders": NaN,
        "Average Dilution Earnings": 1000.0,
        "Net Income Common Stockholders": NaN,
        "Otherunder Preferred Stock Dividend": NaN,
        "Net Income": NaN,
        "Minority Interests": NaN,
        "Net Income Including Noncontrolling Interests": NaN,
        "Net Income Continuous Operations": NaN,
        "Tax Provision": NaN,
        "Pretax Income": NaN,
        "Special Income Charges": NaN,
        "Other Special Charges": -10000000.0,
        "Write Off": NaN,
        "Gain On Sale Of Security": 0.0,
        "Depreciation Amortization Depletion Income Statement": NaN,
        "Depreciation And Amortization In Income Statement": NaN,
        "Amortization": NaN,
        "Amortization Of Intangibles Income Statement": NaN,
        "Depreciation Income Statement": NaN,
        "Selling General And Administration": NaN,
        "General And Administrative Expense": NaN,
        "Salaries And Wages": NaN,
        "Total Revenue": NaN,
        "Operating Revenue": NaN,
        "Occupancy And Equipment": NaN,
        "Professional Expense And Contract Services Expense": NaN,
        "Other Non Interest Expense": NaN
    },
    "2022-09-30": {
        "Tax Effect Of Unusual Items": NaN,
        "Tax Rate For Calcs": NaN,
        "Total Unusual Items": NaN,
        "Total Unusual Items Excluding Goodwill": NaN,
        "Net Income From Continuing Operation Net Minority Interest": NaN,
        "Reconciled Depreciation": NaN,
        "Net Interest Income": NaN,
        "Interest Expense": NaN,
        "Interest Income": NaN,
        "Normalized Income": NaN,
        "Net Income From Continuing And Discontinued Operation": NaN,
        "Diluted Average Shares": NaN,
        "Basic Average Shares": NaN,
        "Diluted EPS": NaN,
        "Basic EPS": NaN,
        "Diluted NI Availto Com Stockholders": NaN,
        "Average Dilution Earnings": NaN,
        "Net Income Common Stockholders": NaN,
        "Otherunder Preferred Stock Dividend": NaN,
        "Net Income": NaN,
        "Minority Interests": NaN,
        "Net Income Including Noncontrolling Interests": NaN,
        "Net Income Continuous Operations": NaN,
        "Tax Provision": NaN,
        "Pretax Income": NaN,
        "Special Income Charges": NaN,
        "Other Special Charges": 0.0,
        "Write Off": NaN,
        "Gain On Sale Of Security": -1882000.0,
        "Depreciation Amortization Depletion Income Statement": NaN,
        "Depreciation And Amortization In Income Statement": NaN,
        "Amortization": NaN,
        "Amortization Of Intangibles Income Statement": NaN,
        "Depreciation Income Statement": NaN,
        "Selling General And Administration": NaN,
        "General And Administrative Expense": NaN,
        "Salaries And Wages": NaN,
        "Total Revenue": NaN,
        "Operating Revenue": NaN
    },
    "2022-06-30": {
        "Tax Effect Of Unusual Items": 128594.0,
        "Tax Rate For Calcs": 0.226,
        "Total Unusual Items": 569000.0,
        "Total Unusual Items Excluding Goodwill": 569000.0,
        "Net Income From Continuing Operation Net Minority Interest": 22391000.0,
        "Reconciled Depreciation": 10677000.0,
        "Net Interest Income": 72151000.0,
        "Interest Expense": 1755000.0,
        "Interest Income": 73906000.0,
        "Normalized Income": 21950594.0,
        "Net Income From Continuing And Discontinued Operation": 22391000.0,
        "Diluted Average Shares": 28868136.0,
        "Basic Average Shares": 28868136.0,
        "Diluted EPS": 0.76,
        "Basic EPS": 0.76,
        "Diluted NI Availto Com Stockholders": 22014000.0,
        "Average Dilution Earnings": 0.0,
        "Net Income Common Stockholders": 22014000.0,
        "Otherunder Preferred Stock Dividend": 377000.0,
        "Net Income": 22391000.0,
        "Minority Interests": -1448000.0,
        "Net Income Including Noncontrolling Interests": 23839000.0,
        "Net Income Continuous Operations": 23839000.0,
        "Tax Provision": 6958000.0,
        "Pretax Income": 30797000.0,
        "Special Income Charges": -670000.0,
        "Other Special Charges": NaN,
        "Write Off": 670000.0,
        "Gain On Sale Of Security": 198000.0,
        "Depreciation Amortization Depletion Income Statement": 10677000.0,
        "Depreciation And Amortization In Income Statement": 10677000.0,
        "Amortization": 1532000.0,
        "Amortization Of Intangibles Income Statement": 1532000.0,
        "Depreciation Income Statement": 9145000.0,
        "Selling General And Administration": 45091000.0,
        "General And Administrative Expense": 45091000.0,
        "Salaries And Wages": 45091000.0,
        "Total Revenue": 115279000.0,
        "Operating Revenue": 115279000.0
    },
    "2022-03-31": {
        "Diluted EPS": 1.66,
        "Total Revenue": 195,
        "Gross Profit": 194,
        "Operating Income": 58,
        "EBIT": NaN,
        "Net Income": 48
    },
    "2021-12-31": {
        "Diluted EPS": 2.0,
        "Total Revenue": 159,
        "Gross Profit": 158,
        "Operating Income": 76,
        "EBIT": NaN,
        "Net Income": 60
    },
    "2021-09-30": {
        "Diluted EPS": 0.49,
        "Total Revenue": 122,
        "Gross Profit": 120,
        "Operating Income": 18,
        "EBIT": NaN,
        "Net Income": 16
    },
    "2021-06-30": {
        "Diluted EPS": 1.21,
        "Total Revenue": 132,
        "Gross Profit": 131,
        "Operating Income": 45,
        "EBIT": NaN,
        "Net Income": 38
    },
    "2021-03-31": {
        "Diluted EPS": 1.84,
        "Total Revenue": 189,
        "Gross Profit": 187,
        "Operating Income": 62,
        "EBIT": NaN,
        "Net Income": 58
    },
    "2020-12-31": {
        "Diluted EPS": 0.84,
        "Total Revenue": 114,
        "Gross Profit": 111,
        "Operating Income": 34,
        "EBIT": NaN,
        "Net Income": 27
    },
    "2020-09-30": {
        "Diluted EPS": 0.4,
        "Total Revenue": 109,
        "Gross Profit": 105,
        "Operating Income": 17,
        "EBIT": NaN,
        "Net Income": 12
    },
    "2020-06-30": {
        "Diluted EPS": 0.53,
        "Total Revenue": 108,
        "Gross Profit": 103,
        "Operating Income": 17,
        "EBIT": NaN,
        "Net Income": 18
    },
    "2020-03-31": {
        "Diluted EPS": 1.45,
        "Total Revenue": 200,
        "Gross Profit": 188,
        "Operating Income": 60,
        "EBIT": NaN,
        "Net Income": 51
    },
    "2019-12-31": {
        "Diluted EPS": 0.56,
        "Total Revenue": 115,
        "Gross Profit": 102,
        "Operating Income": 23,
        "EBIT": NaN,
        "Net Income": 21
    },
    "2019-09-30": {
        "Diluted EPS": 0.54,
        "Total Revenue": 117,
        "Gross Profit": 102,
        "Operating Income": 21,
        "EBIT": NaN,
        "Net Income": 18
    },
    "2019-06-30": {
        "Diluted EPS": 0.75,
        "Total Revenue": 125,
        "Gross Profit": 111,
        "Operating Income": 29,
        "EBIT": NaN,
        "Net Income": 29
    },
    "2019-03-31": {
        "Diluted EPS": 0.81,
        "Total Revenue": 193,
        "Gross Profit": 176,
        "Operating Income": 42,
        "EBIT": NaN,
        "Net Income": 32
    },
    "2018-12-31": {
        "Diluted EPS": 0.39,
        "Total Revenue": 113,
        "Gross Profit": 98,
        "Operating Income": 15,
        "EBIT": NaN,
        "Net Income": 15
    },
    "2018-09-30": {
        "Diluted EPS": 0.2,
        "Total Revenue": 85,
        "Gross Profit": 73,
        "Operating Income": 2,
        "EBIT": NaN,
        "Net Income": 9
    },
    "2018-06-30": {
        "Diluted EPS": 0.23,
        "Total Revenue": 67,
        "Gross Profit": 62,
        "Operating Income": 7,
        "EBIT": NaN,
        "Net Income": 7
    },
    "2018-03-31": {
        "Diluted EPS": 1.08,
        "Total Revenue": 131,
        "Gross Profit": 125,
        "Operating Income": 38,
        "EBIT": NaN,
        "Net Income": 31
    },
    "2017-12-31": {
        "Diluted EPS": 0.16,
        "Total Revenue": 60,
        "Gross Profit": 55,
        "Operating Income": 10,
        "EBIT": NaN,
        "Net Income": 5
    },
    "2017-09-30": {
        "Diluted EPS": 0.08,
        "Total Revenue": 59,
        "Gross Profit": 54,
        "Operating Income": 11,
        "EBIT": NaN,
        "Net Income": 2
    },
    "2017-06-30": {
        "Diluted EPS": 0.35,
        "Total Revenue": 60,
        "Gross Profit": 56,
        "Operating Income": 12,
        "EBIT": NaN,
        "Net Income": 10
    },
    "2017-03-31": {
        "Diluted EPS": 1.14,
        "Total Revenue": 120,
        "Gross Profit": 116,
        "Operating Income": 41,
        "EBIT": NaN,
        "Net Income": 32
    },
    "2016-12-31": {
        "Diluted EPS": 0.05,
        "Total Revenue": 42,
        "Gross Profit": 39,
        "Operating Income": 2,
        "EBIT": NaN,
        "Net Income": 1
    },
    "2016-09-30": {
        "Diluted EPS": 0.23,
        "Total Revenue": 41,
        "Gross Profit": 39,
        "Operating Income": 7,
        "EBIT": NaN,
        "Net Income": 6
    },
    "2016-06-30": {
        "Diluted EPS": 0.35,
        "Total Revenue": 45,
        "Gross Profit": 44,
        "Operating Income": 10,
        "EBIT": NaN,
        "Net Income": 9
    },
    "2016-03-31": {
        "Diluted EPS": 0.56,
        "Total Revenue": 62,
        "Gross Profit": 61,
        "Operating Income": 18,
        "EBIT": NaN,
        "Net Income": 14
    },
    "2015-12-31": {
        "Diluted EPS": 0.16,
        "Total Revenue": 35,
        "Gross Profit": 34,
        "Operating Income": 4,
        "EBIT": NaN,
        "Net Income": 4
    },
    "2015-09-30": {
        "Diluted EPS": 0.21,
        "Total Revenue": 31,
        "Gross Profit": 31,
        "Operating Income": 6,
        "EBIT": NaN,
        "Net Income": 5
    },
    "2015-06-30": {
        "Diluted EPS": 0.22,
        "Total Revenue": 31,
        "Gross Profit": 30,
        "Operating Income": 5,
        "EBIT": NaN,
        "Net Income": 5
    },
    "2015-03-31": {
        "Diluted EPS": 0.26,
        "Total Revenue": 31,
        "Gross Profit": 30,
        "Operating Income": 6,
        "EBIT": NaN,
        "Net Income": 5
    },
    "2014-12-31": {
        "Diluted EPS": 0.19,
        "Total Revenue": 27,
        "Gross Profit": 26,
        "Operating Income": 4,
        "EBIT": NaN,
        "Net Income": 4
    },
    "2014-09-30": {
        "Diluted EPS": 0.18,
        "Total Revenue": 25,
        "Gross Profit": 25,
        "Operating Income": 4,
        "EBIT": NaN,
        "Net Income": 3
    },
    "2014-06-30": {
        "Diluted EPS": 0.23,
        "Total Revenue": 25,
        "Gross Profit": 24,
        "Operating Income": 5,
        "EBIT": NaN,
        "Net Income": 4
    },
    "2014-03-31": {
        "Diluted EPS": 0.22,
        "Total Revenue": 25,
        "Gross Profit": 25,
        "Operating Income": 5,
        "EBIT": NaN,
        "Net Income": 4
    },
    "2013-12-31": {
        "Diluted EPS": 0.22,
        "Total Revenue": 25,
        "Gross Profit": 24,
        "Operating Income": 5,
        "EBIT": NaN,
        "Net Income": 4
    },
    "2013-09-30": {
        "Diluted EPS": 0.19,
        "Total Revenue": 23,
        "Gross Profit": 23,
        "Operating Income": 5,
        "EBIT": NaN,
        "Net Income": 3
    },
    "2013-06-30": {
        "Diluted EPS": 0.22,
        "Total Revenue": 23,
        "Gross Profit": 23,
        "Operating Income": 5,
        "EBIT": NaN,
        "Net Income": 4
    },
    "2013-03-31": {
        "Diluted EPS": 0.19,
        "Total Revenue": 25,
        "Gross Profit": 24,
        "Operating Income": 4,
        "EBIT": NaN,
        "Net Income": 3
    },
    "2012-12-31": {
        "Diluted EPS": 0.19,
        "Total Revenue": 23,
        "Gross Profit": 22,
        "Operating Income": 4,
        "EBIT": NaN,
        "Net Income": 3
    },
    "2012-09-30": {
        "Diluted EPS": 0.06,
        "Total Revenue": 22,
        "Gross Profit": 21,
        "Operating Income": 2,
        "EBIT": NaN,
        "Net Income": 2
    },
    "2012-06-30": {
        "Diluted EPS": 0.22,
        "Total Revenue": 23,
        "Gross Profit": 22,
        "Operating Income": 4,
        "EBIT": NaN,
        "Net Income": 2
    },
    "2012-03-31": {
        "Diluted EPS": 1.03,
        "Total Revenue": 37,
        "Gross Profit": 36,
        "Operating Income": 16,
        "EBIT": NaN,
        "Net Income": 10
    },
    "2011-12-31": {
        "Diluted EPS": 0.32,
        "Total Revenue": 25,
        "Gross Profit": 24,
        "Operating Income": 5,
        "EBIT": NaN,
        "Net Income": 3
    },
    "2011-09-30": {
        "Diluted EPS": 0.24,
        "Total Revenue": 24,
        "Gross Profit": 23,
        "Operating Income": 3,
        "EBIT": NaN,
        "Net Income": 2
    },
    "2011-06-30": {
        "Diluted EPS": -0.11,
        "Total Revenue": 19,
        "Gross Profit": 18,
        "Operating Income": -2,
        "EBIT": NaN,
        "Net Income": -1
    },
    "2011-03-31": {
        "Diluted EPS": 0.29,
        "Total Revenue": 29,
        "Gross Profit": 28,
        "Operating Income": 4,
        "EBIT": NaN,
        "Net Income": 3
    },
    "2010-12-31": {
        "Diluted EPS": 0.08,
        "Total Revenue": 25,
        "Gross Profit": 24,
        "Operating Income": 2,
        "EBIT": NaN,
        "Net Income": 1
    },
    "2010-09-30": {
        "Diluted EPS": 0.27,
        "Total Revenue": 28,
        "Gross Profit": 27,
        "Operating Income": 4,
        "EBIT": NaN,
        "Net Income": 2
    },
    "2010-06-30": {
        "Diluted EPS": 0.37,
        "Total Revenue": 29,
        "Gross Profit": 27,
        "Operating Income": 6,
        "EBIT": NaN,
        "Net Income": 4
    },
    "2010-03-31": {
        "Diluted EPS": 0.58,
        "Total Revenue": 48,
        "Gross Profit": 47,
        "Operating Income": 8,
        "EBIT": NaN,
        "Net Income": 5
    },
    "2009-12-31": {
        "Diluted EPS": 0.15,
        "Total Revenue": 31,
        "Gross Profit": 29,
        "Operating Income": 2,
        "EBIT": NaN,
        "Net Income": 1
    },
    "2009-09-30": {
        "Diluted EPS": -0.09,
        "Total Revenue": 23,
        "Gross Profit": 21,
        "Operating Income": -1,
        "EBIT": NaN,
        "Net Income": -1
    },
    "2009-06-30": {
        "Diluted EPS": -0.33,
        "Total Revenue": 25,
        "Gross Profit": 23,
        "Operating Income": -4,
        "EBIT": NaN,
        "Net Income": -3
    },
    "2009-03-31": {
        "Diluted EPS": 0.15,
        "Total Revenue": 44,
        "Gross Profit": 42,
        "Operating Income": 2,
        "EBIT": NaN,
        "Net Income": 1
    },
    "2023-09-30": {
        "Tax Effect Of Unusual Items": 421260.0,
        "Tax Rate For Calcs": 0.21,
        "Total Unusual Items": 2006000.0,
        "Total Unusual Items Excluding Goodwill": 2006000.0,
        "Net Income From Continuing Operation Net Minority Interest": 35906000.0,
        "Reconciled Depreciation": 15449000.0,
        "Net Interest Income": 104934000.0,
        "Interest Expense": 4708000.0,
        "Interest Income": 109642000.0,
        "Normalized Income": 34321260.0,
        "Net Income From Continuing And Discontinued Operation": 35906000.0,
        "Diluted Average Shares": 25991449.0,
        "Basic Average Shares": 25883807.0,
        "Diluted EPS": 1.36,
        "Basic EPS": 1.37,
        "Diluted NI Availto Com Stockholders": 35375000.0,
        "Average Dilution Earnings": 2000.0,
        "Net Income Common Stockholders": 35373000.0,
        "Otherunder Preferred Stock Dividend": 533000.0,
        "Net Income": 35906000.0,
        "Minority Interests": -507000.0,
        "Net Income Including Noncontrolling Interests": 36413000.0,
        "Net Income Continuous Operations": 36413000.0,
        "Tax Provision": -2672000.0,
        "Pretax Income": 33741000.0,
        "Special Income Charges": 0.0,
        "Other Special Charges": 0.0,
        "Write Off": 0.0,
        "Gain On Sale Of Security": 0.0,
        "Depreciation Amortization Depletion Income Statement": 11956000.0,
        "Depreciation And Amortization In Income Statement": 11956000.0,
        "Amortization": 1110000.0,
        "Amortization Of Intangibles Income Statement": 1110000.0,
        "Depreciation Income Statement": 10846000.0,
        "Selling General And Administration": 46352000.0,
        "General And Administrative Expense": 46352000.0,
        "Salaries And Wages": 46352000.0,
        "Total Revenue": 131414000.0,
        "Operating Revenue": 131414000.0,
        "Occupancy And Equipment": 9274000.0,
        "Professional Expense And Contract Services Expense": 7633000.0,
        "Other Non Interest Expense": 13416000.0
    },
    "2023-12-31": {
        "Tax Effect Of Unusual Items": 482800.0,
        "Tax Rate For Calcs": 0.17,
        "Total Unusual Items": 2840000.0,
        "Total Unusual Items Excluding Goodwill": 2840000.0,
        "Net Income From Continuing Operation Net Minority Interest": 27657000.0,
        "Reconciled Depreciation": 14689000.0,
        "Net Interest Income": 110036000.0,
        "Interest Expense": 5862000.0,
        "Interest Income": 115898000.0,
        "Normalized Income": 25299800.0,
        "Net Income From Continuing And Discontinued Operation": 27657000.0,
        "Diluted Average Shares": 25801538.0,
        "Basic Average Shares": 25776845.0,
        "Diluted EPS": 1.06,
        "Basic EPS": 1.06,
        "Diluted NI Availto Com Stockholders": 27437000.0,
        "Average Dilution Earnings": 0.0,
        "Net Income Common Stockholders": 27437000.0,
        "Otherunder Preferred Stock Dividend": 220000.0,
        "Net Income": 27657000.0,
        "Minority Interests": -257000.0,
        "Net Income Including Noncontrolling Interests": 27914000.0,
        "Net Income Continuous Operations": 27914000.0,
        "Tax Provision": 5719000.0,
        "Pretax Income": 33633000.0,
        "Special Income Charges": 0.0,
        "Other Special Charges": NaN,
        "Write Off": 0.0,
        "Gain On Sale Of Security": NaN,
        "Depreciation Amortization Depletion Income Statement": 11407000.0,
        "Depreciation And Amortization In Income Statement": 11407000.0,
        "Amortization": 984000.0,
        "Amortization Of Intangibles Income Statement": 984000.0,
        "Depreciation Income Statement": 10423000.0,
        "Selling General And Administration": 46652000.0,
        "General And Administrative Expense": 46652000.0,
        "Salaries And Wages": 46652000.0,
        "Total Revenue": 127991000.0,
        "Operating Revenue": 127991000.0,
        "Occupancy And Equipment": 8848000.0,
        "Professional Expense And Contract Services Expense": 4892000.0,
        "Other Non Interest Expense": 12669000.0
    },
    "2024-03-31": {
        "Tax Effect Of Unusual Items": -60102.0,
        "Tax Rate For Calcs": 0.189,
        "Total Unusual Items": -318000.0,
        "Total Unusual Items Excluding Goodwill": -318000.0,
        "Net Income From Continuing Operation Net Minority Interest": 65268000.0,
        "Reconciled Depreciation": 14768000.0,
        "Net Interest Income": 118301000.0,
        "Interest Expense": 8460000.0,
        "Interest Income": 126761000.0,
        "Normalized Income": 65525898.0,
        "Net Income From Continuing And Discontinued Operation": 65268000.0,
        "Diluted Average Shares": 25311144.0,
        "Basic Average Shares": 25281743.0,
        "Diluted EPS": 2.56,
        "Basic EPS": 2.56,
        "Diluted NI Availto Com Stockholders": 64744000.0,
        "Average Dilution Earnings": NaN,
        "Net Income Common Stockholders": 64744000.0,
        "Otherunder Preferred Stock Dividend": 524000.0,
        "Net Income": 65268000.0,
        "Minority Interests": -249000.0,
        "Net Income Including Noncontrolling Interests": 65517000.0,
        "Net Income Continuous Operations": 65517000.0,
        "Tax Provision": 15246000.0,
        "Pretax Income": 80763000.0,
        "Special Income Charges": -2013000.0,
        "Other Special Charges": NaN,
        "Write Off": 2013000.0,
        "Gain On Sale Of Security": NaN,
        "Depreciation Amortization Depletion Income Statement": 11664000.0,
        "Depreciation And Amortization In Income Statement": 11664000.0,
        "Amortization": 1240000.0,
        "Amortization Of Intangibles Income Statement": 1240000.0,
        "Depreciation Income Statement": 10424000.0,
        "Selling General And Administration": 54073000.0,
        "General And Administrative Expense": 54073000.0,
        "Salaries And Wages": 54073000.0,
        "Total Revenue": 202871000.0,
        "Operating Revenue": 202871000.0,
        "Occupancy And Equipment": 9293000.0,
        "Professional Expense And Contract Services Expense": 6141000.0,
        "Other Non Interest Expense": 12872000.0
    }
}