{
    "2023-06-30": {
        "Tax Effect Of Unusual Items": 0.0,
        "Tax Rate For Calcs": 0.195,
        "Net Income From Continuing Operation Net Minority Interest": 7138000.0,
        "Reconciled Depreciation": 1278000.0,
        "Net Interest Income": 16014000.0,
        "Interest Expense": 3694000.0,
        "Interest Income": 19708000.0,
        "Normalized Income": 7138000.0,
        "Net Income From Continuing And Discontinued Operation": 7138000.0,
        "Diluted Average Shares": 13854042.0,
        "Basic Average Shares": 13553346.0,
        "Diluted EPS": 0.52,
        "Basic EPS": 0.53,
        "Diluted NI Availto Com Stockholders": 7138000.0,
        "Net Income Common Stockholders": 7138000.0,
        "Net Income": 7138000.0,
        "Net Income Including Noncontrolling Interests": 7138000.0,
        "Net Income Continuous Operations": 7138000.0,
        "Tax Provision": 1730000.0,
        "Pretax Income": 8868000.0,
        "Depreciation Amortization Depletion Income Statement": 195000.0,
        "Depreciation And Amortization In Income Statement": 195000.0,
        "Amortization": 195000.0,
        "Amortization Of Intangibles Income Statement": 195000.0,
        "Selling General And Administration": 29432000.0,
        "General And Administrative Expense": 29432000.0,
        "Salaries And Wages": 29432000.0,
        "Total Revenue": 48087000.0,
        "Operating Revenue": 48087000.0
    },
    "2023-03-31": {
        "Tax Effect Of Unusual Items": 0.0,
        "Tax Rate For Calcs": 0.206843,
        "Net Income From Continuing Operation Net Minority Interest": 7117000.0,
        "Reconciled Depreciation": 1140000.0,
        "Net Interest Income": 16898000.0,
        "Interest Expense": 3244000.0,
        "Interest Income": 20142000.0,
        "Normalized Income": 7117000.0,
        "Net Income From Continuing And Discontinued Operation": 7117000.0,
        "Diluted Average Shares": 13863398.0,
        "Basic Average Shares": 13599472.0,
        "Diluted EPS": 0.51,
        "Basic EPS": 0.52,
        "Diluted NI Availto Com Stockholders": 7117000.0,
        "Net Income Common Stockholders": 7117000.0,
        "Net Income": 7117000.0,
        "Net Income Including Noncontrolling Interests": 7117000.0,
        "Net Income Continuous Operations": 7117000.0,
        "Tax Provision": 1856000.0,
        "Pretax Income": 8973000.0,
        "Depreciation Amortization Depletion Income Statement": 195000.0,
        "Depreciation And Amortization In Income Statement": 195000.0,
        "Amortization": 195000.0,
        "Amortization Of Intangibles Income Statement": 195000.0,
        "Selling General And Administration": 30026000.0,
        "General And Administrative Expense": 30026000.0,
        "Salaries And Wages": 30026000.0,
        "Total Revenue": 49005000.0,
        "Operating Revenue": 49005000.0
    },
    "2022-12-31": {
        "Tax Effect Of Unusual Items": 0.0,
        "Tax Rate For Calcs": 0.167862,
        "Net Income From Continuing Operation Net Minority Interest": 9285000.0,
        "Reconciled Depreciation": -3610000.0,
        "Net Interest Income": 17329000.0,
        "Interest Expense": 2138000.0,
        "Interest Income": 19467000.0,
        "Normalized Income": 9285000.0,
        "Net Income From Continuing And Discontinued Operation": 9285000.0,
        "Diluted Average Shares": 13812000.0,
        "Basic Average Shares": 13548000.0,
        "Diluted EPS": 0.67,
        "Basic EPS": 0.69,
        "Diluted NI Availto Com Stockholders": 9285000.0,
        "Net Income Common Stockholders": 9285000.0,
        "Net Income": 9285000.0,
        "Net Income Including Noncontrolling Interests": 9285000.0,
        "Net Income Continuous Operations": 9285000.0,
        "Tax Provision": 1873000.0,
        "Pretax Income": 11158000.0,
        "Depreciation Amortization Depletion Income Statement": 195000.0,
        "Depreciation And Amortization In Income Statement": 195000.0,
        "Amortization": 195000.0,
        "Amortization Of Intangibles Income Statement": 195000.0,
        "Selling General And Administration": 31613000.0,
        "General And Administrative Expense": 28724000.0,
        "Salaries And Wages": 28724000.0,
        "Total Revenue": 41572000.0,
        "Operating Revenue": 41572000.0
    },
    "2022-09-30": {
        "Tax Effect Of Unusual Items": 0.0,
        "Tax Rate For Calcs": 0.191566,
        "Net Income From Continuing Operation Net Minority Interest": 8799000.0,
        "Reconciled Depreciation": 2664000.0,
        "Net Interest Income": 15971000.0,
        "Interest Expense": 782000.0,
        "Interest Income": 15971000.0,
        "Normalized Income": 8799000.0,
        "Net Income From Continuing And Discontinued Operation": 8799000.0,
        "Diluted Average Shares": 13804337.0,
        "Basic Average Shares": 13542231.0,
        "Diluted EPS": 0.64,
        "Basic EPS": 0.65,
        "Diluted NI Availto Com Stockholders": 8799000.0,
        "Net Income Common Stockholders": 8799000.0,
        "Net Income": 8799000.0,
        "Net Income Including Noncontrolling Interests": 8799000.0,
        "Net Income Continuous Operations": 8799000.0,
        "Tax Provision": 2085000.0,
        "Pretax Income": 10884000.0,
        "Gain On Sale Of Security": NaN,
        "Depreciation Amortization Depletion Income Statement": 195000.0,
        "Depreciation And Amortization In Income Statement": 195000.0,
        "Amortization": 195000.0,
        "Amortization Of Intangibles Income Statement": 195000.0,
        "Selling General And Administration": 26999000.0,
        "General And Administrative Expense": 26999000.0,
        "Salaries And Wages": 26999000.0,
        "Total Revenue": 47755000.0,
        "Operating Revenue": 47755000.0
    },
    "2022-06-30": {
        "Tax Effect Of Unusual Items": 0.0,
        "Tax Rate For Calcs": 0.190967,
        "Net Income From Continuing Operation Net Minority Interest": 8562000.0,
        "Reconciled Depreciation": 2735000.0,
        "Net Interest Income": 13641000.0,
        "Interest Expense": 339000.0,
        "Interest Income": 13641000.0,
        "Normalized Income": 8562000.0,
        "Net Income From Continuing And Discontinued Operation": 8562000.0,
        "Diluted Average Shares": 13801541.0,
        "Basic Average Shares": 13542677.0,
        "Diluted EPS": 0.62,
        "Basic EPS": 0.63,
        "Diluted NI Availto Com Stockholders": 8562000.0,
        "Net Income Common Stockholders": 8562000.0,
        "Net Income": 8562000.0,
        "Net Income Including Noncontrolling Interests": 8562000.0,
        "Net Income Continuous Operations": 8562000.0,
        "Tax Provision": 2021000.0,
        "Pretax Income": 10583000.0,
        "Gain On Sale Of Security": NaN,
        "Depreciation Amortization Depletion Income Statement": 155000.0,
        "Depreciation And Amortization In Income Statement": 155000.0,
        "Amortization": 155000.0,
        "Amortization Of Intangibles Income Statement": 155000.0,
        "Selling General And Administration": 26033000.0,
        "General And Administrative Expense": 26033000.0,
        "Salaries And Wages": 26033000.0,
        "Total Revenue": 44292000.0,
        "Operating Revenue": 44292000.0
    },
    "2022-03-31": {
        "Diluted EPS": 0.6,
        "Total Revenue": 43,
        "Gross Profit": 42,
        "Operating Income": 10,
        "EBIT": NaN,
        "Net Income": 8
    },
    "2021-12-31": {
        "Diluted EPS": 0.55,
        "Total Revenue": 41,
        "Gross Profit": 41,
        "Operating Income": 9,
        "EBIT": NaN,
        "Net Income": 8
    },
    "2021-09-30": {
        "Diluted EPS": 0.48,
        "Total Revenue": 39,
        "Gross Profit": 39,
        "Operating Income": 8,
        "EBIT": NaN,
        "Net Income": 7
    },
    "2021-06-30": {
        "Diluted EPS": 0.48,
        "Total Revenue": 38,
        "Gross Profit": 38,
        "Operating Income": 9,
        "EBIT": NaN,
        "Net Income": 7
    },
    "2021-03-31": {
        "Diluted EPS": 0.49,
        "Total Revenue": 37,
        "Gross Profit": 37,
        "Operating Income": 9,
        "EBIT": NaN,
        "Net Income": 7
    },
    "2020-12-31": {
        "Diluted EPS": 0.44,
        "Total Revenue": 38,
        "Gross Profit": 37,
        "Operating Income": 7,
        "EBIT": NaN,
        "Net Income": 6
    },
    "2020-09-30": {
        "Diluted EPS": 0.4,
        "Total Revenue": 36,
        "Gross Profit": 36,
        "Operating Income": 7,
        "EBIT": NaN,
        "Net Income": 6
    },
    "2020-06-30": {
        "Diluted EPS": 0.37,
        "Total Revenue": 35,
        "Gross Profit": 34,
        "Operating Income": 7,
        "EBIT": NaN,
        "Net Income": 5
    },
    "2020-03-31": {
        "Diluted EPS": 0.52,
        "Total Revenue": 39,
        "Gross Profit": 38,
        "Operating Income": 9,
        "EBIT": NaN,
        "Net Income": 8
    },
    "2019-12-31": {
        "Diluted EPS": 0.44,
        "Total Revenue": 40,
        "Gross Profit": 39,
        "Operating Income": 8,
        "EBIT": NaN,
        "Net Income": 6
    },
    "2019-09-30": {
        "Diluted EPS": 0.56,
        "Total Revenue": 42,
        "Gross Profit": 41,
        "Operating Income": 10,
        "EBIT": NaN,
        "Net Income": 8
    },
    "2019-06-30": {
        "Diluted EPS": 0.52,
        "Total Revenue": 41,
        "Gross Profit": 39,
        "Operating Income": 9,
        "EBIT": NaN,
        "Net Income": 8
    },
    "2019-03-31": {
        "Diluted EPS": 0.55,
        "Total Revenue": 40,
        "Gross Profit": 39,
        "Operating Income": 10,
        "EBIT": NaN,
        "Net Income": 8
    },
    "2018-12-31": {
        "Diluted EPS": 0.48,
        "Total Revenue": 40,
        "Gross Profit": 38,
        "Operating Income": 9,
        "EBIT": NaN,
        "Net Income": 7
    },
    "2018-09-30": {
        "Diluted EPS": 0.51,
        "Total Revenue": 39,
        "Gross Profit": 38,
        "Operating Income": 9,
        "EBIT": NaN,
        "Net Income": 8
    },
    "2018-06-30": {
        "Diluted EPS": 0.5,
        "Total Revenue": 37,
        "Gross Profit": 36,
        "Operating Income": 9,
        "EBIT": NaN,
        "Net Income": 8
    },
    "2018-03-31": {
        "Diluted EPS": 0.54,
        "Total Revenue": 37,
        "Gross Profit": 36,
        "Operating Income": 10,
        "EBIT": NaN,
        "Net Income": 8
    },
    "2017-12-31": {
        "Diluted EPS": 0.36,
        "Total Revenue": 36,
        "Gross Profit": 35,
        "Operating Income": 9,
        "EBIT": NaN,
        "Net Income": 5
    },
    "2017-09-30": {
        "Diluted EPS": 0.46,
        "Total Revenue": 35,
        "Gross Profit": 34,
        "Operating Income": 9,
        "EBIT": NaN,
        "Net Income": 7
    },
    "2017-06-30": {
        "Diluted EPS": 0.43,
        "Total Revenue": 34,
        "Gross Profit": 34,
        "Operating Income": 9,
        "EBIT": NaN,
        "Net Income": 7
    },
    "2017-03-31": {
        "Diluted EPS": 0.43,
        "Total Revenue": 33,
        "Gross Profit": 32,
        "Operating Income": 8,
        "EBIT": NaN,
        "Net Income": 6
    },
    "2016-12-31": {
        "Diluted EPS": 0.43,
        "Total Revenue": 32,
        "Gross Profit": 32,
        "Operating Income": 8,
        "EBIT": NaN,
        "Net Income": 6
    },
    "2016-09-30": {
        "Diluted EPS": 0.42,
        "Total Revenue": 32,
        "Gross Profit": 32,
        "Operating Income": 8,
        "EBIT": NaN,
        "Net Income": 6
    },
    "2016-06-30": {
        "Diluted EPS": 0.39,
        "Total Revenue": 31,
        "Gross Profit": 31,
        "Operating Income": 8,
        "EBIT": NaN,
        "Net Income": 6
    },
    "2016-03-31": {
        "Diluted EPS": 0.39,
        "Total Revenue": 30,
        "Gross Profit": 30,
        "Operating Income": 8,
        "EBIT": NaN,
        "Net Income": 6
    },
    "2015-12-31": {
        "Diluted EPS": 0.4,
        "Total Revenue": 30,
        "Gross Profit": 29,
        "Operating Income": 7,
        "EBIT": NaN,
        "Net Income": 6
    },
    "2015-09-30": {
        "Diluted EPS": 0.39,
        "Total Revenue": 31,
        "Gross Profit": 31,
        "Operating Income": 8,
        "EBIT": NaN,
        "Net Income": 6
    },
    "2015-06-30": {
        "Diluted EPS": 0.36,
        "Total Revenue": 31,
        "Gross Profit": 30,
        "Operating Income": 7,
        "EBIT": NaN,
        "Net Income": 6
    },
    "2015-03-31": {
        "Diluted EPS": 0.36,
        "Total Revenue": 30,
        "Gross Profit": 30,
        "Operating Income": 7,
        "EBIT": NaN,
        "Net Income": 6
    },
    "2014-12-31": {
        "Diluted EPS": 0.37,
        "Total Revenue": 30,
        "Gross Profit": 30,
        "Operating Income": 8,
        "EBIT": NaN,
        "Net Income": 6
    },
    "2014-09-30": {
        "Diluted EPS": 0.42,
        "Total Revenue": 30,
        "Gross Profit": 30,
        "Operating Income": 8,
        "EBIT": NaN,
        "Net Income": 6
    },
    "2014-06-30": {
        "Diluted EPS": 0.39,
        "Total Revenue": 30,
        "Gross Profit": 29,
        "Operating Income": 8,
        "EBIT": NaN,
        "Net Income": 6
    },
    "2014-03-31": {
        "Diluted EPS": 0.38,
        "Total Revenue": 29,
        "Gross Profit": 29,
        "Operating Income": 8,
        "EBIT": NaN,
        "Net Income": 6
    },
    "2013-12-31": {
        "Diluted EPS": 0.34,
        "Total Revenue": 29,
        "Gross Profit": 28,
        "Operating Income": 7,
        "EBIT": NaN,
        "Net Income": 5
    },
    "2013-09-30": {
        "Diluted EPS": 0.4,
        "Total Revenue": 30,
        "Gross Profit": 29,
        "Operating Income": 8,
        "EBIT": NaN,
        "Net Income": 6
    },
    "2013-06-30": {
        "Diluted EPS": 0.39,
        "Total Revenue": 30,
        "Gross Profit": 29,
        "Operating Income": 8,
        "EBIT": NaN,
        "Net Income": 6
    },
    "2013-03-31": {
        "Diluted EPS": 0.39,
        "Total Revenue": 29,
        "Gross Profit": 29,
        "Operating Income": 8,
        "EBIT": NaN,
        "Net Income": 6
    },
    "2012-12-31": {
        "Diluted EPS": 0.35,
        "Total Revenue": 29,
        "Gross Profit": 28,
        "Operating Income": 7,
        "EBIT": NaN,
        "Net Income": 5
    },
    "2012-09-30": {
        "Diluted EPS": 0.4,
        "Total Revenue": 29,
        "Gross Profit": 28,
        "Operating Income": 8,
        "EBIT": NaN,
        "Net Income": 6
    },
    "2012-06-30": {
        "Diluted EPS": 0.39,
        "Total Revenue": 30,
        "Gross Profit": 29,
        "Operating Income": 8,
        "EBIT": NaN,
        "Net Income": 6
    },
    "2012-03-31": {
        "Diluted EPS": 0.39,
        "Total Revenue": 29,
        "Gross Profit": 29,
        "Operating Income": 8,
        "EBIT": NaN,
        "Net Income": 6
    },
    "2011-12-31": {
        "Diluted EPS": 0.37,
        "Total Revenue": 28,
        "Gross Profit": 27,
        "Operating Income": 7,
        "EBIT": NaN,
        "Net Income": 5
    },
    "2011-09-30": {
        "Diluted EPS": 0.4,
        "Total Revenue": 29,
        "Gross Profit": 28,
        "Operating Income": 8,
        "EBIT": NaN,
        "Net Income": 6
    },
    "2011-06-30": {
        "Diluted EPS": 0.38,
        "Total Revenue": 29,
        "Gross Profit": 27,
        "Operating Income": 8,
        "EBIT": NaN,
        "Net Income": 6
    },
    "2011-03-31": {
        "Diluted EPS": 0.38,
        "Total Revenue": 28,
        "Gross Profit": 27,
        "Operating Income": 8,
        "EBIT": NaN,
        "Net Income": 6
    },
    "2010-12-31": {
        "Diluted EPS": 0.34,
        "Total Revenue": 27,
        "Gross Profit": 26,
        "Operating Income": 7,
        "EBIT": NaN,
        "Net Income": 5
    },
    "2010-09-30": {
        "Diluted EPS": 0.37,
        "Total Revenue": 27,
        "Gross Profit": 26,
        "Operating Income": 8,
        "EBIT": NaN,
        "Net Income": 6
    },
    "2010-06-30": {
        "Diluted EPS": 0.33,
        "Total Revenue": 26,
        "Gross Profit": 25,
        "Operating Income": 7,
        "EBIT": NaN,
        "Net Income": 5
    },
    "2010-03-31": {
        "Diluted EPS": 0.31,
        "Total Revenue": 25,
        "Gross Profit": 24,
        "Operating Income": 7,
        "EBIT": NaN,
        "Net Income": 5
    },
    "2009-12-31": {
        "Diluted EPS": 0.29,
        "Total Revenue": 25,
        "Gross Profit": 23,
        "Operating Income": 6,
        "EBIT": NaN,
        "Net Income": 4
    },
    "2009-09-30": {
        "Diluted EPS": 0.29,
        "Total Revenue": 24,
        "Gross Profit": 22,
        "Operating Income": 6,
        "EBIT": NaN,
        "Net Income": 4
    },
    "2009-06-30": {
        "Diluted EPS": 0.24,
        "Total Revenue": 23,
        "Gross Profit": 22,
        "Operating Income": 5,
        "EBIT": NaN,
        "Net Income": 4
    },
    "2009-03-31": {
        "Diluted EPS": 0.26,
        "Total Revenue": 23,
        "Gross Profit": 22,
        "Operating Income": 5,
        "EBIT": NaN,
        "Net Income": 4
    },
    "2023-09-30": {
        "Tax Effect Of Unusual Items": 0.0,
        "Tax Rate For Calcs": 0.193,
        "Net Income From Continuing Operation Net Minority Interest": 7394000.0,
        "Reconciled Depreciation": 1228000.0,
        "Net Interest Income": 16548000.0,
        "Interest Expense": 4641000.0,
        "Interest Income": 21189000.0,
        "Normalized Income": 7394000.0,
        "Net Income From Continuing And Discontinued Operation": 7394000.0,
        "Diluted Average Shares": 13792611.0,
        "Basic Average Shares": 13501469.0,
        "Diluted EPS": 0.54,
        "Basic EPS": 0.55,
        "Diluted NI Availto Com Stockholders": 7394000.0,
        "Net Income Common Stockholders": 7394000.0,
        "Net Income": 7394000.0,
        "Net Income Including Noncontrolling Interests": 7394000.0,
        "Net Income Continuous Operations": 7394000.0,
        "Tax Provision": 1766000.0,
        "Pretax Income": 9160000.0,
        "Depreciation Amortization Depletion Income Statement": 195000.0,
        "Depreciation And Amortization In Income Statement": 195000.0,
        "Amortization": 195000.0,
        "Amortization Of Intangibles Income Statement": 195000.0,
        "Selling General And Administration": 29636000.0,
        "General And Administrative Expense": 29636000.0,
        "Salaries And Wages": 29636000.0,
        "Total Revenue": 49348000.0,
        "Operating Revenue": 49348000.0
    },
    "2023-12-31": {
        "Tax Effect Of Unusual Items": 0.0,
        "Tax Rate For Calcs": 0.187832,
        "Net Income From Continuing Operation Net Minority Interest": 8410000.0,
        "Reconciled Depreciation": 1323000.0,
        "Net Interest Income": 17034000.0,
        "Interest Expense": 4687000.0,
        "Interest Income": 21721000.0,
        "Normalized Income": 8410000.0,
        "Net Income From Continuing And Discontinued Operation": 8410000.0,
        "Diluted Average Shares": 13755000.0,
        "Basic Average Shares": 13467000.0,
        "Diluted EPS": 0.61,
        "Basic EPS": 0.62,
        "Diluted NI Availto Com Stockholders": 8410000.0,
        "Net Income Common Stockholders": 8410000.0,
        "Net Income": 8410000.0,
        "Net Income Including Noncontrolling Interests": 8410000.0,
        "Net Income Continuous Operations": 8410000.0,
        "Tax Provision": 1945000.0,
        "Pretax Income": 10355000.0,
        "Depreciation Amortization Depletion Income Statement": 195000.0,
        "Depreciation And Amortization In Income Statement": 195000.0,
        "Amortization": 195000.0,
        "Amortization Of Intangibles Income Statement": 195000.0,
        "Selling General And Administration": 32852000.0,
        "General And Administrative Expense": 29600000.0,
        "Salaries And Wages": 29600000.0,
        "Total Revenue": 40894000.0,
        "Operating Revenue": 40894000.0
    },
    "2024-03-31": {
        "Tax Effect Of Unusual Items": 0.0,
        "Tax Rate For Calcs": 0.205951,
        "Net Income From Continuing Operation Net Minority Interest": 7152000.0,
        "Reconciled Depreciation": 1332000.0,
        "Net Interest Income": 16476000.0,
        "Interest Expense": 5178000.0,
        "Interest Income": 21654000.0,
        "Normalized Income": 7152000.0,
        "Net Income From Continuing And Discontinued Operation": 7152000.0,
        "Diluted Average Shares": 13785277.0,
        "Basic Average Shares": 13530228.0,
        "Diluted EPS": 0.52,
        "Basic EPS": 0.53,
        "Diluted NI Availto Com Stockholders": 7152000.0,
        "Net Income Common Stockholders": 7152000.0,
        "Net Income": 7152000.0,
        "Net Income Including Noncontrolling Interests": 7152000.0,
        "Net Income Continuous Operations": 7152000.0,
        "Tax Provision": 1855000.0,
        "Pretax Income": 9007000.0,
        "Depreciation Amortization Depletion Income Statement": 191000.0,
        "Depreciation And Amortization In Income Statement": 191000.0,
        "Amortization": 191000.0,
        "Amortization Of Intangibles Income Statement": 191000.0,
        "Selling General And Administration": 30607000.0,
        "General And Administrative Expense": 30607000.0,
        "Salaries And Wages": 30607000.0,
        "Total Revenue": 49773000.0,
        "Operating Revenue": 49773000.0
    }
}