{
    "2023-06-30": {
        "Tax Effect Of Unusual Items": NaN,
        "Tax Rate For Calcs": NaN,
        "Total Unusual Items": 0.0,
        "Total Unusual Items Excluding Goodwill": 0.0,
        "Net Income From Continuing Operation Net Minority Interest": NaN,
        "Reconciled Depreciation": NaN,
        "Net Interest Income": NaN,
        "Interest Expense": NaN,
        "Interest Income": NaN,
        "Normalized Income": NaN,
        "Net Income From Continuing And Discontinued Operation": NaN,
        "Diluted Average Shares": NaN,
        "Basic Average Shares": NaN,
        "Diluted EPS": NaN,
        "Basic EPS": NaN,
        "Diluted NI Availto Com Stockholders": NaN,
        "Net Income Common Stockholders": NaN,
        "Net Income": NaN,
        "Net Income Including Noncontrolling Interests": NaN,
        "Net Income Continuous Operations": NaN,
        "Tax Provision": NaN,
        "Pretax Income": NaN,
        "Special Income Charges": 0.0,
        "Restructuring And Mergern Acquisition": 0.0,
        "Securities Amortization": NaN,
        "Gain On Sale Of Security": NaN,
        "Depreciation Amortization Depletion Income Statement": NaN,
        "Depreciation And Amortization In Income Statement": NaN,
        "Amortization": NaN,
        "Amortization Of Intangibles Income Statement": NaN,
        "Selling General And Administration": NaN,
        "Selling And Marketing Expense": NaN,
        "General And Administrative Expense": NaN,
        "Insurance And Claims": NaN,
        "Salaries And Wages": NaN,
        "Total Revenue": NaN,
        "Operating Revenue": NaN,
        "Occupancy And Equipment": NaN,
        "Professional Expense And Contract Services Expense": NaN,
        "Other Non Interest Expense": NaN
    },
    "2023-03-31": {
        "Tax Effect Of Unusual Items": NaN,
        "Tax Rate For Calcs": NaN,
        "Total Unusual Items": 0.0,
        "Total Unusual Items Excluding Goodwill": 0.0,
        "Net Income From Continuing Operation Net Minority Interest": NaN,
        "Reconciled Depreciation": NaN,
        "Net Interest Income": NaN,
        "Interest Expense": NaN,
        "Interest Income": NaN,
        "Normalized Income": NaN,
        "Net Income From Continuing And Discontinued Operation": NaN,
        "Diluted Average Shares": NaN,
        "Basic Average Shares": NaN,
        "Diluted EPS": NaN,
        "Basic EPS": NaN,
        "Diluted NI Availto Com Stockholders": NaN,
        "Net Income Common Stockholders": NaN,
        "Net Income": NaN,
        "Net Income Including Noncontrolling Interests": NaN,
        "Net Income Continuous Operations": NaN,
        "Tax Provision": NaN,
        "Pretax Income": NaN,
        "Special Income Charges": 0.0,
        "Restructuring And Mergern Acquisition": 0.0,
        "Securities Amortization": NaN,
        "Gain On Sale Of Security": NaN,
        "Depreciation Amortization Depletion Income Statement": NaN,
        "Depreciation And Amortization In Income Statement": NaN,
        "Amortization": NaN,
        "Amortization Of Intangibles Income Statement": NaN,
        "Selling General And Administration": NaN,
        "Selling And Marketing Expense": NaN,
        "General And Administrative Expense": NaN,
        "Insurance And Claims": NaN,
        "Salaries And Wages": NaN,
        "Total Revenue": NaN,
        "Operating Revenue": NaN,
        "Occupancy And Equipment": NaN,
        "Professional Expense And Contract Services Expense": NaN,
        "Other Non Interest Expense": NaN
    },
    "2022-12-31": {
        "Tax Effect Of Unusual Items": NaN,
        "Tax Rate For Calcs": NaN,
        "Total Unusual Items": -41000.0,
        "Total Unusual Items Excluding Goodwill": -41000.0,
        "Net Income From Continuing Operation Net Minority Interest": NaN,
        "Reconciled Depreciation": NaN,
        "Net Interest Income": NaN,
        "Interest Expense": NaN,
        "Interest Income": NaN,
        "Normalized Income": NaN,
        "Net Income From Continuing And Discontinued Operation": NaN,
        "Diluted Average Shares": NaN,
        "Basic Average Shares": NaN,
        "Diluted EPS": NaN,
        "Basic EPS": NaN,
        "Diluted NI Availto Com Stockholders": NaN,
        "Net Income Common Stockholders": NaN,
        "Net Income": NaN,
        "Net Income Including Noncontrolling Interests": NaN,
        "Net Income Continuous Operations": NaN,
        "Tax Provision": NaN,
        "Pretax Income": NaN,
        "Special Income Charges": -41000.0,
        "Restructuring And Mergern Acquisition": 41000.0,
        "Securities Amortization": NaN,
        "Gain On Sale Of Security": NaN,
        "Depreciation Amortization Depletion Income Statement": NaN,
        "Depreciation And Amortization In Income Statement": NaN,
        "Amortization": NaN,
        "Amortization Of Intangibles Income Statement": NaN,
        "Selling General And Administration": NaN,
        "Selling And Marketing Expense": NaN,
        "General And Administrative Expense": NaN,
        "Insurance And Claims": NaN,
        "Salaries And Wages": NaN,
        "Total Revenue": NaN,
        "Operating Revenue": NaN,
        "Occupancy And Equipment": NaN,
        "Professional Expense And Contract Services Expense": NaN,
        "Other Non Interest Expense": NaN
    },
    "2022-09-30": {
        "Tax Effect Of Unusual Items": NaN,
        "Tax Rate For Calcs": NaN,
        "Total Unusual Items": NaN,
        "Total Unusual Items Excluding Goodwill": NaN,
        "Net Income From Continuing Operation Net Minority Interest": NaN,
        "Reconciled Depreciation": NaN,
        "Net Interest Income": NaN,
        "Interest Expense": NaN,
        "Interest Income": NaN,
        "Normalized Income": NaN,
        "Net Income From Continuing And Discontinued Operation": NaN,
        "Diluted Average Shares": NaN,
        "Basic Average Shares": NaN,
        "Diluted EPS": NaN,
        "Basic EPS": NaN,
        "Diluted NI Availto Com Stockholders": NaN,
        "Net Income Common Stockholders": NaN,
        "Net Income": NaN,
        "Net Income Including Noncontrolling Interests": NaN,
        "Net Income Continuous Operations": NaN,
        "Tax Provision": NaN,
        "Pretax Income": NaN,
        "Special Income Charges": NaN,
        "Restructuring And Mergern Acquisition": NaN,
        "Securities Amortization": NaN,
        "Gain On Sale Of Security": NaN,
        "Depreciation Amortization Depletion Income Statement": NaN,
        "Depreciation And Amortization In Income Statement": NaN,
        "Amortization": NaN,
        "Amortization Of Intangibles Income Statement": NaN,
        "Selling General And Administration": NaN,
        "Selling And Marketing Expense": NaN,
        "General And Administrative Expense": NaN,
        "Other Gand A": 3484000.0,
        "Insurance And Claims": NaN,
        "Salaries And Wages": NaN,
        "Total Revenue": NaN,
        "Operating Revenue": NaN
    },
    "2022-06-30": {
        "Tax Effect Of Unusual Items": -19474.0,
        "Tax Rate For Calcs": 0.214,
        "Total Unusual Items": -91000.0,
        "Total Unusual Items Excluding Goodwill": -91000.0,
        "Net Income From Continuing Operation Net Minority Interest": 88978000.0,
        "Reconciled Depreciation": 250000.0,
        "Net Interest Income": 175163000.0,
        "Interest Expense": 14370000.0,
        "Interest Income": 189533000.0,
        "Normalized Income": 89049526.0,
        "Net Income From Continuing And Discontinued Operation": 88978000.0,
        "Diluted Average Shares": 75270140.0,
        "Basic Average Shares": 74958913.0,
        "Diluted EPS": 1.18,
        "Basic EPS": 1.19,
        "Diluted NI Availto Com Stockholders": 88978000.0,
        "Net Income Common Stockholders": 88978000.0,
        "Net Income": 88978000.0,
        "Net Income Including Noncontrolling Interests": 88978000.0,
        "Net Income Continuous Operations": 88978000.0,
        "Tax Provision": 24180000.0,
        "Pretax Income": 113158000.0,
        "Special Income Charges": -91000.0,
        "Restructuring And Mergern Acquisition": 91000.0,
        "Securities Amortization": 7235000.0,
        "Gain On Sale Of Security": -955000.0,
        "Depreciation Amortization Depletion Income Statement": 250000.0,
        "Depreciation And Amortization In Income Statement": 250000.0,
        "Amortization": 250000.0,
        "Amortization Of Intangibles Income Statement": 250000.0,
        "Selling General And Administration": 44655000.0,
        "Selling And Marketing Expense": 1740000.0,
        "General And Administrative Expense": 42915000.0,
        "Other Gand A": 3420000.0,
        "Insurance And Claims": 2194000.0,
        "Salaries And Wages": 37301000.0,
        "Total Revenue": 189781000.0,
        "Operating Revenue": 189781000.0
    },
    "2022-03-31": {
        "Diluted EPS": 0.99,
        "Total Revenue": 192,
        "Gross Profit": 179,
        "Operating Income": 102,
        "EBIT": NaN,
        "Net Income": 75
    },
    "2021-12-31": {
        "Diluted EPS": 0.98,
        "Total Revenue": 189,
        "Gross Profit": 175,
        "Operating Income": 99,
        "EBIT": NaN,
        "Net Income": 75
    },
    "2021-09-30": {
        "Diluted EPS": 0.93,
        "Total Revenue": 181,
        "Gross Profit": 165,
        "Operating Income": 90,
        "EBIT": NaN,
        "Net Income": 72
    },
    "2021-06-30": {
        "Diluted EPS": 0.97,
        "Total Revenue": 178,
        "Gross Profit": 161,
        "Operating Income": 100,
        "EBIT": NaN,
        "Net Income": 77
    },
    "2021-03-31": {
        "Diluted EPS": 0.92,
        "Total Revenue": 173,
        "Gross Profit": 152,
        "Operating Income": 95,
        "EBIT": NaN,
        "Net Income": 73
    },
    "2020-12-31": {
        "Diluted EPS": 0.89,
        "Total Revenue": 179,
        "Gross Profit": 151,
        "Operating Income": 81,
        "EBIT": NaN,
        "Net Income": 71
    },
    "2020-09-30": {
        "Diluted EPS": 0.71,
        "Total Revenue": 182,
        "Gross Profit": 147,
        "Operating Income": 59,
        "EBIT": NaN,
        "Net Income": 57
    },
    "2020-06-30": {
        "Diluted EPS": 0.68,
        "Total Revenue": 190,
        "Gross Profit": 150,
        "Operating Income": 58,
        "EBIT": NaN,
        "Net Income": 54
    },
    "2020-03-31": {
        "Diluted EPS": 0.59,
        "Total Revenue": 193,
        "Gross Profit": 146,
        "Operating Income": 56,
        "EBIT": NaN,
        "Net Income": 47
    },
    "2019-12-31": {
        "Diluted EPS": 0.84,
        "Total Revenue": 200,
        "Gross Profit": 150,
        "Operating Income": 84,
        "EBIT": NaN,
        "Net Income": 67
    },
    "2019-09-30": {
        "Diluted EPS": 0.91,
        "Total Revenue": 208,
        "Gross Profit": 157,
        "Operating Income": 94,
        "EBIT": NaN,
        "Net Income": 73
    },
    "2019-06-30": {
        "Diluted EPS": 0.9,
        "Total Revenue": 205,
        "Gross Profit": 156,
        "Operating Income": 87,
        "EBIT": NaN,
        "Net Income": 72
    },
    "2019-03-31": {
        "Diluted EPS": 0.83,
        "Total Revenue": 201,
        "Gross Profit": 156,
        "Operating Income": 85,
        "EBIT": NaN,
        "Net Income": 67
    },
    "2018-12-31": {
        "Diluted EPS": 0.8,
        "Total Revenue": 195,
        "Gross Profit": 156,
        "Operating Income": 82,
        "EBIT": NaN,
        "Net Income": 65
    },
    "2018-09-30": {
        "Diluted EPS": 0.85,
        "Total Revenue": 185,
        "Gross Profit": 153,
        "Operating Income": 89,
        "EBIT": NaN,
        "Net Income": 70
    },
    "2018-06-30": {
        "Diluted EPS": 0.9,
        "Total Revenue": 175,
        "Gross Profit": 148,
        "Operating Income": 86,
        "EBIT": NaN,
        "Net Income": 74
    },
    "2018-03-31": {
        "Diluted EPS": 0.78,
        "Total Revenue": 165,
        "Gross Profit": 141,
        "Operating Income": 83,
        "EBIT": NaN,
        "Net Income": 64
    },
    "2017-12-31": {
        "Diluted EPS": 0.31,
        "Total Revenue": 166,
        "Gross Profit": 144,
        "Operating Income": 78,
        "EBIT": NaN,
        "Net Income": 26
    },
    "2017-09-30": {
        "Diluted EPS": 0.61,
        "Total Revenue": 167,
        "Gross Profit": 146,
        "Operating Income": 88,
        "EBIT": NaN,
        "Net Income": 50
    },
    "2017-06-30": {
        "Diluted EPS": 0.64,
        "Total Revenue": 142,
        "Gross Profit": 124,
        "Operating Income": 67,
        "EBIT": NaN,
        "Net Income": 51
    },
    "2017-03-31": {
        "Diluted EPS": 0.61,
        "Total Revenue": 138,
        "Gross Profit": 119,
        "Operating Income": 69,
        "EBIT": NaN,
        "Net Income": 49
    },
    "2016-12-31": {
        "Diluted EPS": 0.6,
        "Total Revenue": 139,
        "Gross Profit": 118,
        "Operating Income": 64,
        "EBIT": NaN,
        "Net Income": 48
    },
    "2016-09-30": {
        "Diluted EPS": 0.58,
        "Total Revenue": 133,
        "Gross Profit": 113,
        "Operating Income": 62,
        "EBIT": NaN,
        "Net Income": 46
    },
    "2016-06-30": {
        "Diluted EPS": 0.44,
        "Total Revenue": 131,
        "Gross Profit": 111,
        "Operating Income": 47,
        "EBIT": NaN,
        "Net Income": 35
    },
    "2016-03-31": {
        "Diluted EPS": 0.57,
        "Total Revenue": 130,
        "Gross Profit": 110,
        "Operating Income": 69,
        "EBIT": NaN,
        "Net Income": 46
    },
    "2015-12-31": {
        "Diluted EPS": 0.5,
        "Total Revenue": 129,
        "Gross Profit": 109,
        "Operating Income": 58,
        "EBIT": NaN,
        "Net Income": 41
    },
    "2015-09-30": {
        "Diluted EPS": 0.47,
        "Total Revenue": 126,
        "Gross Profit": 107,
        "Operating Income": 51,
        "EBIT": NaN,
        "Net Income": 38
    },
    "2015-06-30": {
        "Diluted EPS": 0.56,
        "Total Revenue": 118,
        "Gross Profit": 100,
        "Operating Income": 55,
        "EBIT": NaN,
        "Net Income": 45
    },
    "2015-03-31": {
        "Diluted EPS": 0.45,
        "Total Revenue": 113,
        "Gross Profit": 96,
        "Operating Income": 57,
        "EBIT": NaN,
        "Net Income": 36
    },
    "2014-12-31": {
        "Diluted EPS": 0.44,
        "Total Revenue": 114,
        "Gross Profit": 96,
        "Operating Income": 57,
        "EBIT": NaN,
        "Net Income": 36
    },
    "2014-09-30": {
        "Diluted EPS": 0.45,
        "Total Revenue": 115,
        "Gross Profit": 96,
        "Operating Income": 58,
        "EBIT": NaN,
        "Net Income": 36
    },
    "2014-06-30": {
        "Diluted EPS": 0.44,
        "Total Revenue": 114,
        "Gross Profit": 95,
        "Operating Income": 56,
        "EBIT": NaN,
        "Net Income": 35
    },
    "2014-03-31": {
        "Diluted EPS": 0.39,
        "Total Revenue": 116,
        "Gross Profit": 97,
        "Operating Income": 49,
        "EBIT": NaN,
        "Net Income": 31
    },
    "2013-12-31": {
        "Diluted EPS": 0.4,
        "Total Revenue": 110,
        "Gross Profit": 90,
        "Operating Income": 50,
        "EBIT": NaN,
        "Net Income": 32
    },
    "2013-09-30": {
        "Diluted EPS": 0.38,
        "Total Revenue": 119,
        "Gross Profit": 99,
        "Operating Income": 52,
        "EBIT": NaN,
        "Net Income": 30
    },
    "2013-06-30": {
        "Diluted EPS": 0.35,
        "Total Revenue": 121,
        "Gross Profit": 100,
        "Operating Income": 47,
        "EBIT": NaN,
        "Net Income": 28
    },
    "2013-03-31": {
        "Diluted EPS": 0.3,
        "Total Revenue": 117,
        "Gross Profit": 95,
        "Operating Income": 46,
        "EBIT": NaN,
        "Net Income": 24
    },
    "2012-12-31": {
        "Diluted EPS": 0.3,
        "Total Revenue": 117,
        "Gross Profit": 93,
        "Operating Income": 44,
        "EBIT": NaN,
        "Net Income": 24
    },
    "2012-09-30": {
        "Diluted EPS": 0.33,
        "Total Revenue": 122,
        "Gross Profit": 96,
        "Operating Income": 48,
        "EBIT": NaN,
        "Net Income": 26
    },
    "2012-06-30": {
        "Diluted EPS": 0.33,
        "Total Revenue": 117,
        "Gross Profit": 89,
        "Operating Income": 47,
        "EBIT": NaN,
        "Net Income": 26
    },
    "2012-03-31": {
        "Diluted EPS": 0.32,
        "Total Revenue": 119,
        "Gross Profit": 89,
        "Operating Income": 46,
        "EBIT": NaN,
        "Net Income": 25
    },
    "2011-12-31": {
        "Diluted EPS": 0.29,
        "Total Revenue": 120,
        "Gross Profit": 88,
        "Operating Income": 42,
        "EBIT": NaN,
        "Net Income": 24
    },
    "2011-09-30": {
        "Diluted EPS": 0.28,
        "Total Revenue": 131,
        "Gross Profit": 98,
        "Operating Income": 40,
        "EBIT": NaN,
        "Net Income": 22
    },
    "2011-06-30": {
        "Diluted EPS": 0.26,
        "Total Revenue": 127,
        "Gross Profit": 91,
        "Operating Income": 35,
        "EBIT": NaN,
        "Net Income": 20
    },
    "2011-03-31": {
        "Diluted EPS": 0.23,
        "Total Revenue": 126,
        "Gross Profit": 88,
        "Operating Income": 34,
        "EBIT": NaN,
        "Net Income": 18
    },
    "2010-12-31": {
        "Diluted EPS": 0.21,
        "Total Revenue": 135,
        "Gross Profit": 91,
        "Operating Income": 25,
        "EBIT": NaN,
        "Net Income": 14
    },
    "2010-09-30": {
        "Diluted EPS": 0.17,
        "Total Revenue": 124,
        "Gross Profit": 77,
        "Operating Income": 24,
        "EBIT": NaN,
        "Net Income": 13
    },
    "2010-06-30": {
        "Diluted EPS": -0.03,
        "Total Revenue": 132,
        "Gross Profit": 82,
        "Operating Income": -3,
        "EBIT": NaN,
        "Net Income": -2
    },
    "2010-03-31": {
        "Diluted EPS": -0.41,
        "Total Revenue": 131,
        "Gross Profit": 80,
        "Operating Income": -49,
        "EBIT": NaN,
        "Net Income": -30
    },
    "2009-12-31": {
        "Diluted EPS": -0.7,
        "Total Revenue": 138,
        "Gross Profit": 82,
        "Operating Income": -62,
        "EBIT": NaN,
        "Net Income": -39
    },
    "2009-09-30": {
        "Diluted EPS": -0.43,
        "Total Revenue": 142,
        "Gross Profit": 83,
        "Operating Income": -32,
        "EBIT": NaN,
        "Net Income": -22
    },
    "2009-06-30": {
        "Diluted EPS": -0.58,
        "Total Revenue": 162,
        "Gross Profit": 98,
        "Operating Income": -49,
        "EBIT": NaN,
        "Net Income": -29
    },
    "2009-03-31": {
        "Diluted EPS": 0.12,
        "Total Revenue": 165,
        "Gross Profit": 98,
        "Operating Income": 14,
        "EBIT": NaN,
        "Net Income": 6
    },
    "2023-09-30": {
        "Tax Effect Of Unusual Items": 0.0,
        "Tax Rate For Calcs": 0.11,
        "Total Unusual Items": 0.0,
        "Total Unusual Items Excluding Goodwill": 0.0,
        "Net Income From Continuing Operation Net Minority Interest": 82371000.0,
        "Reconciled Depreciation": 4485000.0,
        "Net Interest Income": 185640000.0,
        "Interest Expense": 137828000.0,
        "Interest Income": 323468000.0,
        "Normalized Income": 82371000.0,
        "Net Income From Continuing And Discontinued Operation": 82371000.0,
        "Diluted Average Shares": 72890414.0,
        "Basic Average Shares": 72568518.0,
        "Diluted EPS": 1.13,
        "Basic EPS": 1.14,
        "Diluted NI Availto Com Stockholders": 82371000.0,
        "Net Income Common Stockholders": 82371000.0,
        "Net Income": 82371000.0,
        "Net Income Including Noncontrolling Interests": 82371000.0,
        "Net Income Continuous Operations": 82371000.0,
        "Tax Provision": 10133000.0,
        "Pretax Income": 92504000.0,
        "Special Income Charges": 0.0,
        "Restructuring And Mergern Acquisition": 0.0,
        "Securities Amortization": 23157000.0,
        "Gain On Sale Of Security": -6218000.0,
        "Depreciation Amortization Depletion Income Statement": 250000.0,
        "Depreciation And Amortization In Income Statement": 250000.0,
        "Amortization": 250000.0,
        "Amortization Of Intangibles Income Statement": 250000.0,
        "Selling General And Administration": 43424000.0,
        "Selling And Marketing Expense": 1587000.0,
        "General And Administrative Expense": 41837000.0,
        "Insurance And Claims": 3063000.0,
        "Salaries And Wages": 38774000.0,
        "Total Revenue": 193477000.0,
        "Operating Revenue": 193477000.0,
        "Occupancy And Equipment": 10238000.0,
        "Professional Expense And Contract Services Expense": 7906000.0,
        "Other Non Interest Expense": 8998000.0
    },
    "2023-12-31": {
        "Tax Effect Of Unusual Items": -75685.695242,
        "Tax Rate For Calcs": 0.112795,
        "Total Unusual Items": -671000.0,
        "Total Unusual Items Excluding Goodwill": -671000.0,
        "Net Income From Continuing Operation Net Minority Interest": 82526000.0,
        "Reconciled Depreciation": 4444000.0,
        "Net Interest Income": 182138000.0,
        "Interest Expense": 151125000.0,
        "Interest Income": 333263000.0,
        "Normalized Income": 83121314.304758,
        "Net Income From Continuing And Discontinued Operation": 82526000.0,
        "Diluted Average Shares": 72906310.0,
        "Basic Average Shares": 72652779.0,
        "Diluted EPS": 1.13,
        "Basic EPS": 1.14,
        "Diluted NI Availto Com Stockholders": 82526000.0,
        "Net Income Common Stockholders": 82526000.0,
        "Net Income": 82526000.0,
        "Net Income Including Noncontrolling Interests": 82526000.0,
        "Net Income Continuous Operations": 82526000.0,
        "Tax Provision": 10492000.0,
        "Pretax Income": 93018000.0,
        "Special Income Charges": -671000.0,
        "Restructuring And Mergern Acquisition": 671000.0,
        "Securities Amortization": 26119000.0,
        "Gain On Sale Of Security": 8950000.0,
        "Depreciation Amortization Depletion Income Statement": 251000.0,
        "Depreciation And Amortization In Income Statement": 251000.0,
        "Amortization": 251000.0,
        "Amortization Of Intangibles Income Statement": 251000.0,
        "Selling General And Administration": 55569000.0,
        "Selling And Marketing Expense": 1110000.0,
        "General And Administrative Expense": 54459000.0,
        "Insurance And Claims": 14358000.0,
        "Salaries And Wages": 40101000.0,
        "Total Revenue": 205239000.0,
        "Operating Revenue": 205239000.0,
        "Occupancy And Equipment": 9966000.0,
        "Professional Expense And Contract Services Expense": 8279000.0,
        "Other Non Interest Expense": 9643000.0
    },
    "2024-03-31": {
        "Tax Effect Of Unusual Items": 0.0,
        "Tax Rate For Calcs": 0.108,
        "Total Unusual Items": NaN,
        "Total Unusual Items Excluding Goodwill": NaN,
        "Net Income From Continuing Operation Net Minority Interest": 71435000.0,
        "Reconciled Depreciation": 4366000.0,
        "Net Interest Income": 168572000.0,
        "Interest Expense": 164070000.0,
        "Interest Income": 332642000.0,
        "Normalized Income": 71435000.0,
        "Net Income From Continuing And Discontinued Operation": 71435000.0,
        "Diluted Average Shares": 72971157.0,
        "Basic Average Shares": 72673974.0,
        "Diluted EPS": 0.98,
        "Basic EPS": 0.98,
        "Diluted NI Availto Com Stockholders": 71435000.0,
        "Net Income Common Stockholders": 71435000.0,
        "Net Income": 71435000.0,
        "Net Income Including Noncontrolling Interests": 71435000.0,
        "Net Income Continuous Operations": 71435000.0,
        "Tax Provision": 8609000.0,
        "Pretax Income": 80044000.0,
        "Special Income Charges": NaN,
        "Restructuring And Mergern Acquisition": NaN,
        "Securities Amortization": 14432000.0,
        "Gain On Sale Of Security": -7920000.0,
        "Depreciation Amortization Depletion Income Statement": 339000.0,
        "Depreciation And Amortization In Income Statement": 339000.0,
        "Amortization": 339000.0,
        "Amortization Of Intangibles Income Statement": 339000.0,
        "Selling General And Administration": 51555000.0,
        "Selling And Marketing Expense": 1914000.0,
        "General And Administrative Expense": 49641000.0,
        "Insurance And Claims": 6089000.0,
        "Salaries And Wages": 43552000.0,
        "Total Revenue": 175183000.0,
        "Operating Revenue": 175183000.0,
        "Occupancy And Equipment": 11035000.0,
        "Professional Expense And Contract Services Expense": 6992000.0,
        "Other Non Interest Expense": 8886000.0
    },
    "2024-06-30": {
        "Tax Effect Of Unusual Items": 0.0,
        "Tax Rate For Calcs": 0.079,
        "Total Unusual Items": NaN,
        "Total Unusual Items Excluding Goodwill": NaN,
        "Net Income From Continuing Operation Net Minority Interest": 66829000.0,
        "Reconciled Depreciation": 4242000.0,
        "Net Interest Income": 165316000.0,
        "Interest Expense": 167544000.0,
        "Interest Income": 332860000.0,
        "Normalized Income": 66829000.0,
        "Net Income From Continuing And Discontinued Operation": 66829000.0,
        "Diluted Average Shares": 72825356.0,
        "Basic Average Shares": 72658810.0,
        "Diluted EPS": 0.92,
        "Basic EPS": 0.92,
        "Diluted NI Availto Com Stockholders": 66829000.0,
        "Net Income Common Stockholders": 66829000.0,
        "Net Income": 66829000.0,
        "Net Income Including Noncontrolling Interests": 66829000.0,
        "Net Income Continuous Operations": 66829000.0,
        "Tax Provision": 5750000.0,
        "Pretax Income": 72579000.0,
        "Special Income Charges": NaN,
        "Restructuring And Mergern Acquisition": NaN,
        "Securities Amortization": 23396000.0,
        "Gain On Sale Of Security": -1430000.0,
        "Depreciation Amortization Depletion Income Statement": 259000.0,
        "Depreciation And Amortization In Income Statement": 259000.0,
        "Amortization": 259000.0,
        "Amortization Of Intangibles Income Statement": 259000.0,
        "Selling General And Administration": 45655000.0,
        "Selling And Marketing Expense": 1474000.0,
        "General And Administrative Expense": 44181000.0,
        "Insurance And Claims": 3742000.0,
        "Salaries And Wages": 40439000.0,
        "Total Revenue": 178531000.0,
        "Operating Revenue": 178531000.0,
        "Occupancy And Equipment": 11043000.0,
        "Professional Expense And Contract Services Expense": 8212000.0,
        "Other Non Interest Expense": 10787000.0
    },
    "2024-09-30": {
        "Tax Effect Of Unusual Items": 0.0,
        "Tax Rate For Calcs": 0.136,
        "Total Unusual Items": NaN,
        "Total Unusual Items Excluding Goodwill": NaN,
        "Net Income From Continuing Operation Net Minority Interest": 67514000.0,
        "Reconciled Depreciation": 4166000.0,
        "Net Interest Income": 169155000.0,
        "Interest Expense": 170336000.0,
        "Interest Income": 339491000.0,
        "Normalized Income": 67514000.0,
        "Net Income From Continuing And Discontinued Operation": 67514000.0,
        "Diluted Average Shares": 72032456.0,
        "Basic Average Shares": 71786624.0,
        "Diluted EPS": 0.94,
        "Basic EPS": 0.94,
        "Diluted NI Availto Com Stockholders": 67514000.0,
        "Net Income Common Stockholders": 67514000.0,
        "Net Income": 67514000.0,
        "Net Income Including Noncontrolling Interests": 67514000.0,
        "Net Income Continuous Operations": 67514000.0,
        "Tax Provision": 10639000.0,
        "Pretax Income": 78153000.0,
        "Special Income Charges": NaN,
        "Restructuring And Mergern Acquisition": NaN,
        "Securities Amortization": 24077000.0,
        "Gain On Sale Of Security": 4253000.0,
        "Depreciation Amortization Depletion Income Statement": 250000.0,
        "Depreciation And Amortization In Income Statement": 250000.0,
        "Amortization": 250000.0,
        "Amortization Of Intangibles Income Statement": 250000.0,
        "Selling General And Administration": 45723000.0,
        "Selling And Marketing Expense": 1614000.0,
        "General And Administrative Expense": 44109000.0,
        "Insurance And Claims": 3250000.0,
        "Salaries And Wages": 40859000.0,
        "Total Revenue": 189520000.0,
        "Operating Revenue": 189520000.0,
        "Occupancy And Equipment": 10691000.0,
        "Professional Expense And Contract Services Expense": 7021000.0,
        "Other Non Interest Expense": 9105000.0
    }
}