{
    "2023-06-30": {
        "Tax Effect Of Unusual Items": -2685000.0,
        "Tax Rate For Calcs": 0.179,
        "Total Unusual Items": -15000000.0,
        "Total Unusual Items Excluding Goodwill": -15000000.0,
        "Net Income From Continuing Operation Net Minority Interest": 1793000000.0,
        "Reconciled Depreciation": 70000000.0,
        "EBIT": 2350000000.0,
        "Net Interest Income": -165000000.0,
        "Interest Expense": 165000000.0,
        "Interest Income": 12000000.0,
        "Normalized Income": 1805315000.0,
        "Net Income From Continuing And Discontinued Operation": 1793000000.0,
        "Total Expenses": 9636000000.0,
        "Diluted Average Shares": 415571876.0,
        "Basic Average Shares": 412487400.0,
        "Diluted EPS": 4.32,
        "Basic EPS": 4.35,
        "Diluted NI Availto Com Stockholders": 1793000000.0,
        "Net Income Common Stockholders": 1793000000.0,
        "Net Income": 1793000000.0,
        "Minority Interests": NaN,
        "Net Income Including Noncontrolling Interests": 1793000000.0,
        "Net Income Continuous Operations": 1793000000.0,
        "Tax Provision": 392000000.0,
        "Pretax Income": 2185000000.0,
        "Other Income Expense": -7000000.0,
        "Special Income Charges": -15000000.0,
        "Restructuring And Mergern Acquisition": 15000000.0,
        "Net Non Operating Interest Income Expense": -165000000.0,
        "Interest Expense Non Operating": 165000000.0,
        "Other Operating Expenses": 8000000.0,
        "Depreciation And Amortization In Income Statement": 70000000.0,
        "Amortization": 70000000.0,
        "Selling General And Administration": 969000000.0,
        "General And Administrative Expense": 969000000.0,
        "Other Gand A": 969000000.0,
        "Total Revenue": 11821000000.0,
        "Operating Revenue": 11821000000.0
    },
    "2023-03-31": {
        "Tax Effect Of Unusual Items": -3718000.0,
        "Tax Rate For Calcs": 0.169,
        "Total Unusual Items": -22000000.0,
        "Total Unusual Items Excluding Goodwill": -22000000.0,
        "Net Income From Continuing Operation Net Minority Interest": 1892000000.0,
        "Reconciled Depreciation": 72000000.0,
        "EBIT": 2436000000.0,
        "Net Interest Income": -160000000.0,
        "Interest Expense": 160000000.0,
        "Interest Income": 17000000.0,
        "Normalized Income": 1910282000.0,
        "Net Income From Continuing And Discontinued Operation": 1892000000.0,
        "Total Expenses": 8756000000.0,
        "Diluted Average Shares": 417928192.0,
        "Basic Average Shares": 414289150.0,
        "Diluted EPS": 4.53,
        "Basic EPS": 4.57,
        "Diluted NI Availto Com Stockholders": 1892000000.0,
        "Net Income Common Stockholders": 1892000000.0,
        "Net Income": 1892000000.0,
        "Minority Interests": 0.0,
        "Net Income Including Noncontrolling Interests": 1892000000.0,
        "Net Income Continuous Operations": 1892000000.0,
        "Tax Provision": 384000000.0,
        "Pretax Income": 2276000000.0,
        "Other Income Expense": -115000000.0,
        "Special Income Charges": -22000000.0,
        "Restructuring And Mergern Acquisition": 22000000.0,
        "Net Non Operating Interest Income Expense": -160000000.0,
        "Interest Expense Non Operating": 160000000.0,
        "Other Operating Expenses": 19000000.0,
        "Depreciation And Amortization In Income Statement": 72000000.0,
        "Amortization": 72000000.0,
        "Selling General And Administration": 930000000.0,
        "General And Administrative Expense": 930000000.0,
        "Other Gand A": 930000000.0,
        "Total Revenue": 11032000000.0,
        "Operating Revenue": 11032000000.0
    },
    "2022-12-31": {
        "Tax Effect Of Unusual Items": -4548972.188634,
        "Tax Rate For Calcs": 0.206771,
        "Total Unusual Items": -22000000.0,
        "Total Unusual Items Excluding Goodwill": -22000000.0,
        "Net Income From Continuing Operation Net Minority Interest": 1312000000.0,
        "Reconciled Depreciation": 74000000.0,
        "EBIT": 1808000000.0,
        "Net Interest Income": -154000000.0,
        "Interest Expense": 154000000.0,
        "Interest Income": 21000000.0,
        "Normalized Income": 1329451027.811366,
        "Net Income From Continuing And Discontinued Operation": 1312000000.0,
        "Total Expenses": 9846000000.0,
        "Diluted Average Shares": 418900000.0,
        "Basic Average Shares": 414594856.0,
        "Diluted EPS": 3.13,
        "Basic EPS": 3.164535,
        "Diluted NI Availto Com Stockholders": 1312000000.0,
        "Net Income Common Stockholders": 1312000000.0,
        "Net Income": 1312000000.0,
        "Minority Interests": NaN,
        "Net Income Including Noncontrolling Interests": 1312000000.0,
        "Net Income Continuous Operations": 1312000000.0,
        "Tax Provision": 342000000.0,
        "Pretax Income": 1654000000.0,
        "Other Income Expense": NaN,
        "Special Income Charges": -22000000.0,
        "Restructuring And Mergern Acquisition": 22000000.0,
        "Net Non Operating Interest Income Expense": -154000000.0,
        "Interest Expense Non Operating": 154000000.0,
        "Other Operating Expenses": -7000000.0,
        "Depreciation And Amortization In Income Statement": 74000000.0,
        "Amortization": 74000000.0,
        "Selling General And Administration": 916000000.0,
        "General And Administrative Expense": 916000000.0,
        "Other Gand A": 916000000.0,
        "Total Revenue": 11500000000.0,
        "Operating Revenue": 11500000000.0
    },
    "2022-09-30": {
        "Tax Effect Of Unusual Items": NaN,
        "Tax Rate For Calcs": NaN,
        "Total Unusual Items": NaN,
        "Total Unusual Items Excluding Goodwill": NaN,
        "Net Income From Continuing Operation Net Minority Interest": NaN,
        "Reconciled Depreciation": NaN,
        "EBIT": NaN,
        "Net Interest Income": NaN,
        "Interest Expense": NaN,
        "Interest Income": NaN,
        "Normalized Income": NaN,
        "Net Income From Continuing And Discontinued Operation": NaN,
        "Total Expenses": NaN,
        "Diluted Average Shares": NaN,
        "Basic Average Shares": NaN,
        "Diluted EPS": NaN,
        "Basic EPS": NaN,
        "Diluted NI Availto Com Stockholders": NaN,
        "Net Income Common Stockholders": NaN,
        "Net Income": NaN,
        "Minority Interests": 0.0,
        "Net Income Including Noncontrolling Interests": NaN,
        "Net Income Continuous Operations": NaN,
        "Tax Provision": NaN,
        "Pretax Income": NaN,
        "Other Income Expense": NaN,
        "Special Income Charges": NaN,
        "Restructuring And Mergern Acquisition": NaN,
        "Net Non Operating Interest Income Expense": NaN,
        "Interest Expense Non Operating": NaN,
        "Other Operating Expenses": NaN,
        "Depreciation And Amortization In Income Statement": NaN,
        "Amortization": NaN,
        "Selling General And Administration": NaN,
        "General And Administrative Expense": NaN,
        "Other Gand A": NaN,
        "Total Revenue": NaN,
        "Operating Revenue": NaN
    },
    "2022-06-30": {
        "Tax Effect Of Unusual Items": -582000.0,
        "Tax Rate For Calcs": 0.194,
        "Total Unusual Items": -3000000.0,
        "Total Unusual Items Excluding Goodwill": -3000000.0,
        "Net Income From Continuing Operation Net Minority Interest": 1215000000.0,
        "Reconciled Depreciation": 71000000.0,
        "EBIT": 1642000000.0,
        "Net Interest Income": -134000000.0,
        "Interest Expense": 134000000.0,
        "Interest Income": NaN,
        "Normalized Income": 1217418000.0,
        "Net Income From Continuing And Discontinued Operation": 1215000000.0,
        "Total Expenses": 8415000000.0,
        "Diluted Average Shares": 425418346.0,
        "Basic Average Shares": 421624660.0,
        "Diluted EPS": 2.8,
        "Basic EPS": 2.82,
        "Diluted NI Availto Com Stockholders": 1215000000.0,
        "Net Income Common Stockholders": 1215000000.0,
        "Net Income": 1215000000.0,
        "Net Income Including Noncontrolling Interests": 1215000000.0,
        "Net Income Continuous Operations": 1215000000.0,
        "Tax Provision": 293000000.0,
        "Pretax Income": 1508000000.0,
        "Other Income Expense": NaN,
        "Special Income Charges": -3000000.0,
        "Other Special Charges": -18000000.0,
        "Restructuring And Mergern Acquisition": 3000000.0,
        "Net Non Operating Interest Income Expense": -134000000.0,
        "Interest Expense Non Operating": 134000000.0,
        "Other Operating Expenses": 83000000.0,
        "Depreciation And Amortization In Income Statement": 71000000.0,
        "Amortization": 71000000.0,
        "Selling General And Administration": 818000000.0,
        "General And Administrative Expense": 818000000.0,
        "Other Gand A": 818000000.0,
        "Total Revenue": 9923000000.0,
        "Operating Revenue": 9923000000.0
    },
    "2023-09-30": {
        "Tax Effect Of Unusual Items": -2352000.0,
        "Tax Rate For Calcs": 0.168,
        "Total Unusual Items": -14000000.0,
        "Total Unusual Items Excluding Goodwill": -14000000.0,
        "Net Income From Continuing Operation Net Minority Interest": 2043000000.0,
        "Reconciled Depreciation": 84000000.0,
        "EBIT": 2627000000.0,
        "Net Interest Income": -174000000.0,
        "Interest Expense": 174000000.0,
        "Interest Income": 17000000.0,
        "Normalized Income": 2054648000.0,
        "Net Income From Continuing And Discontinued Operation": 2043000000.0,
        "Total Expenses": 11436000000.0,
        "Diluted Average Shares": 412605959.0,
        "Basic Average Shares": 409505454.0,
        "Diluted EPS": 4.95,
        "Basic EPS": 4.99,
        "Diluted NI Availto Com Stockholders": 2043000000.0,
        "Net Income Common Stockholders": 2043000000.0,
        "Net Income": 2043000000.0,
        "Minority Interests": 3000000.0,
        "Net Income Including Noncontrolling Interests": 2040000000.0,
        "Net Income Continuous Operations": 2040000000.0,
        "Tax Provision": 413000000.0,
        "Pretax Income": 2453000000.0,
        "Other Income Expense": -32000000.0,
        "Special Income Charges": -14000000.0,
        "Restructuring And Mergern Acquisition": 14000000.0,
        "Net Non Operating Interest Income Expense": -174000000.0,
        "Interest Expense Non Operating": 174000000.0,
        "Other Operating Expenses": -1000000.0,
        "Depreciation And Amortization In Income Statement": 84000000.0,
        "Amortization": 84000000.0,
        "Selling General And Administration": 1060000000.0,
        "General And Administrative Expense": 1060000000.0,
        "Other Gand A": 1060000000.0,
        "Total Revenue": 13889000000.0,
        "Operating Revenue": 13889000000.0
    },
    "2023-12-31": {
        "Tax Effect Of Unusual Items": -1530000.0,
        "Tax Rate For Calcs": 0.085,
        "Total Unusual Items": -18000000.0,
        "Total Unusual Items Excluding Goodwill": -18000000.0,
        "Net Income From Continuing Operation Net Minority Interest": 3300000000.0,
        "Reconciled Depreciation": 84000000.0,
        "EBIT": 2785000000.0,
        "Net Interest Income": -173000000.0,
        "Interest Expense": 173000000.0,
        "Interest Income": 23000000.0,
        "Normalized Income": 3316470000.0,
        "Net Income From Continuing And Discontinued Operation": 3300000000.0,
        "Total Expenses": 10472000000.0,
        "Diluted Average Shares": 410700000.0,
        "Basic Average Shares": 407200000.0,
        "Diluted EPS": 8.03,
        "Basic EPS": 8.079568,
        "Diluted NI Availto Com Stockholders": 3300000000.0,
        "Net Income Common Stockholders": 3300000000.0,
        "Net Income": 3300000000.0,
        "Minority Interests": 10000000.0,
        "Net Income Including Noncontrolling Interests": 3290000000.0,
        "Net Income Continuous Operations": 3290000000.0,
        "Tax Provision": -678000000.0,
        "Pretax Income": 2612000000.0,
        "Other Income Expense": -153000000.0,
        "Special Income Charges": -18000000.0,
        "Restructuring And Mergern Acquisition": 18000000.0,
        "Net Non Operating Interest Income Expense": -173000000.0,
        "Interest Expense Non Operating": 173000000.0,
        "Other Operating Expenses": 21000000.0,
        "Depreciation And Amortization In Income Statement": 84000000.0,
        "Amortization": 84000000.0,
        "Selling General And Administration": 1048000000.0,
        "General And Administrative Expense": 1048000000.0,
        "Other Gand A": 1048000000.0,
        "Total Revenue": 13084000000.0,
        "Operating Revenue": 13084000000.0
    },
    "2024-03-31": {
        "Tax Effect Of Unusual Items": -910000.0,
        "Tax Rate For Calcs": 0.13,
        "Total Unusual Items": -7000000.0,
        "Total Unusual Items Excluding Goodwill": -7000000.0,
        "Net Income From Continuing Operation Net Minority Interest": 2143000000.0,
        "Reconciled Depreciation": 80000000.0,
        "EBIT": 2814000000.0,
        "Net Interest Income": -178000000.0,
        "Interest Expense": 178000000.0,
        "Interest Income": 15000000.0,
        "Normalized Income": 2149090000.0,
        "Net Income From Continuing And Discontinued Operation": 2143000000.0,
        "Total Expenses": 10321000000.0,
        "Diluted Average Shares": 409739635.0,
        "Basic Average Shares": 405662694.0,
        "Diluted EPS": 5.23,
        "Basic EPS": 5.28,
        "Diluted NI Availto Com Stockholders": 2143000000.0,
        "Net Income Common Stockholders": 2143000000.0,
        "Net Income": 2143000000.0,
        "Minority Interests": -151000000.0,
        "Net Income Including Noncontrolling Interests": 2294000000.0,
        "Net Income Continuous Operations": 2294000000.0,
        "Tax Provision": 342000000.0,
        "Pretax Income": 2636000000.0,
        "Other Income Expense": 21000000.0,
        "Special Income Charges": -7000000.0,
        "Restructuring And Mergern Acquisition": 7000000.0,
        "Net Non Operating Interest Income Expense": -178000000.0,
        "Interest Expense Non Operating": 178000000.0,
        "Other Operating Expenses": 23000000.0,
        "Depreciation And Amortization In Income Statement": 80000000.0,
        "Amortization": 80000000.0,
        "Selling General And Administration": 1070000000.0,
        "General And Administrative Expense": 1070000000.0,
        "Other Gand A": 1070000000.0,
        "Total Revenue": 12957000000.0,
        "Operating Revenue": 12957000000.0
    }
}