{
    "2023-06-30": {
        "Tax Effect Of Unusual Items": 0.0,
        "Tax Rate For Calcs": 0.184,
        "Net Income From Continuing Operation Net Minority Interest": 5302000.0,
        "Reconciled Depreciation": 2279000.0,
        "Net Interest Income": 19181000.0,
        "Interest Expense": 11583000.0,
        "Interest Income": 30764000.0,
        "Normalized Income": 5302000.0,
        "Net Income From Continuing And Discontinued Operation": 5302000.0,
        "Diluted Average Shares": 17580557.0,
        "Basic Average Shares": 17580557.0,
        "Diluted EPS": 0.3,
        "Basic EPS": 0.3,
        "Diluted NI Availto Com Stockholders": 5302000.0,
        "Net Income Common Stockholders": 5302000.0,
        "Net Income": 5302000.0,
        "Net Income Including Noncontrolling Interests": 5302000.0,
        "Net Income Continuous Operations": 5302000.0,
        "Tax Provision": 1199000.0,
        "Pretax Income": 6501000.0,
        "Gain On Sale Of Security": 0.0,
        "Selling General And Administration": 14021000.0,
        "Selling And Marketing Expense": 673000.0,
        "General And Administrative Expense": 13348000.0,
        "Salaries And Wages": 13348000.0,
        "Total Revenue": 28133000.0,
        "Operating Revenue": 28133000.0
    },
    "2023-03-31": {
        "Tax Effect Of Unusual Items": 0.0,
        "Tax Rate For Calcs": 0.182,
        "Net Income From Continuing Operation Net Minority Interest": 5043000.0,
        "Reconciled Depreciation": 2233000.0,
        "Net Interest Income": 20568000.0,
        "Interest Expense": 7802000.0,
        "Interest Income": 28370000.0,
        "Normalized Income": 5043000.0,
        "Net Income From Continuing And Discontinued Operation": 5043000.0,
        "Diluted Average Shares": 17595688.0,
        "Basic Average Shares": 17595688.0,
        "Diluted EPS": 0.29,
        "Basic EPS": 0.29,
        "Diluted NI Availto Com Stockholders": 5043000.0,
        "Net Income Common Stockholders": 5043000.0,
        "Net Income": 5043000.0,
        "Net Income Including Noncontrolling Interests": 5043000.0,
        "Net Income Continuous Operations": 5043000.0,
        "Tax Provision": 1119000.0,
        "Pretax Income": 6162000.0,
        "Gain On Sale Of Security": 0.0,
        "Selling General And Administration": 13602000.0,
        "Selling And Marketing Expense": 993000.0,
        "General And Administrative Expense": 12609000.0,
        "Salaries And Wages": 12609000.0,
        "Total Revenue": 28227000.0,
        "Operating Revenue": 28227000.0
    },
    "2022-12-31": {
        "Tax Effect Of Unusual Items": 0.0,
        "Tax Rate For Calcs": 0.127338,
        "Total Unusual Items": 0.0,
        "Total Unusual Items Excluding Goodwill": 0.0,
        "Net Income From Continuing Operation Net Minority Interest": 5551000.0,
        "Reconciled Depreciation": 2307000.0,
        "Net Interest Income": 21400000.0,
        "Interest Expense": 4982000.0,
        "Interest Income": 26382000.0,
        "Normalized Income": 5551000.0,
        "Net Income From Continuing And Discontinued Operation": 5551000.0,
        "Diluted Average Shares": 17630971.0,
        "Basic Average Shares": 17630971.0,
        "Diluted EPS": 0.31,
        "Basic EPS": 0.31,
        "Diluted NI Availto Com Stockholders": 5551000.0,
        "Net Income Common Stockholders": 5551000.0,
        "Net Income": 5551000.0,
        "Net Income Including Noncontrolling Interests": 5551000.0,
        "Net Income Continuous Operations": 5551000.0,
        "Tax Provision": 810000.0,
        "Pretax Income": 6361000.0,
        "Special Income Charges": 0.0,
        "Restructuring And Mergern Acquisition": 0.0,
        "Gain On Sale Of Security": -10000.0,
        "Selling General And Administration": 13569000.0,
        "Selling And Marketing Expense": 1258000.0,
        "General And Administrative Expense": 12311000.0,
        "Salaries And Wages": 12311000.0,
        "Total Revenue": 29088000.0,
        "Operating Revenue": 29088000.0
    },
    "2022-09-30": {
        "Tax Effect Of Unusual Items": -347.648262,
        "Tax Rate For Calcs": 0.173824,
        "Total Unusual Items": -2000.0,
        "Total Unusual Items Excluding Goodwill": -2000.0,
        "Net Income From Continuing Operation Net Minority Interest": 5252000.0,
        "Reconciled Depreciation": 2556000.0,
        "Net Interest Income": 20865000.0,
        "Interest Expense": 2829000.0,
        "Interest Income": 23694000.0,
        "Normalized Income": 5253652.351738,
        "Net Income From Continuing And Discontinued Operation": 5252000.0,
        "Diluted Average Shares": 17645119.0,
        "Basic Average Shares": 17645119.0,
        "Diluted EPS": 0.3,
        "Basic EPS": 0.3,
        "Diluted NI Availto Com Stockholders": 5252000.0,
        "Net Income Common Stockholders": 5252000.0,
        "Net Income": 5252000.0,
        "Net Income Including Noncontrolling Interests": 5252000.0,
        "Net Income Continuous Operations": 5252000.0,
        "Tax Provision": 1105000.0,
        "Pretax Income": 6357000.0,
        "Special Income Charges": -2000.0,
        "Impairment Of Capital Assets": NaN,
        "Restructuring And Mergern Acquisition": 2000.0,
        "Gain On Sale Of Security": -96000.0,
        "Selling General And Administration": 13030000.0,
        "Selling And Marketing Expense": 876000.0,
        "General And Administrative Expense": 12154000.0,
        "Other Gand A": 2962000.0,
        "Salaries And Wages": 12154000.0,
        "Total Revenue": 29044000.0,
        "Operating Revenue": 29044000.0
    },
    "2022-06-30": {
        "Tax Effect Of Unusual Items": -63.85311,
        "Tax Rate For Calcs": 0.063853,
        "Total Unusual Items": -1000.0,
        "Total Unusual Items Excluding Goodwill": -1000.0,
        "Net Income From Continuing Operation Net Minority Interest": 3416000.0,
        "Reconciled Depreciation": 3651000.0,
        "Net Interest Income": 19167000.0,
        "Interest Expense": 2005000.0,
        "Interest Income": 21172000.0,
        "Normalized Income": 3416936.14689,
        "Net Income From Continuing And Discontinued Operation": 3416000.0,
        "Diluted Average Shares": 17586276.0,
        "Basic Average Shares": 17586276.0,
        "Diluted EPS": 0.19,
        "Basic EPS": 0.19,
        "Diluted NI Availto Com Stockholders": 3416000.0,
        "Net Income Common Stockholders": 3416000.0,
        "Net Income": 3416000.0,
        "Net Income Including Noncontrolling Interests": 3416000.0,
        "Net Income Continuous Operations": 3416000.0,
        "Tax Provision": 233000.0,
        "Pretax Income": 3649000.0,
        "Special Income Charges": -1000.0,
        "Impairment Of Capital Assets": NaN,
        "Restructuring And Mergern Acquisition": 1000.0,
        "Gain On Sale Of Security": 0.0,
        "Selling General And Administration": 15489000.0,
        "Selling And Marketing Expense": 417000.0,
        "General And Administrative Expense": 15072000.0,
        "Other Gand A": 3622000.0,
        "Salaries And Wages": 15072000.0,
        "Total Revenue": 29225000.0,
        "Operating Revenue": 29225000.0
    },
    "2022-03-31": {
        "Diluted EPS": 0.34,
        "Total Revenue": 29,
        "Gross Profit": 28,
        "Operating Income": 6,
        "EBIT": NaN,
        "Net Income": 5
    },
    "2021-12-31": {
        "Diluted EPS": 0.27,
        "Total Revenue": 31,
        "Gross Profit": 29,
        "Operating Income": 7,
        "EBIT": NaN,
        "Net Income": 4
    },
    "2021-09-30": {
        "Diluted EPS": 0.45,
        "Total Revenue": 28,
        "Gross Profit": 27,
        "Operating Income": 8,
        "EBIT": NaN,
        "Net Income": 6
    },
    "2021-06-30": {
        "Diluted EPS": 0.42,
        "Total Revenue": 24,
        "Gross Profit": 23,
        "Operating Income": 6,
        "EBIT": NaN,
        "Net Income": 4
    },
    "2021-03-31": {
        "Diluted EPS": 0.52,
        "Total Revenue": 24,
        "Gross Profit": 23,
        "Operating Income": 7,
        "EBIT": NaN,
        "Net Income": 5
    },
    "2020-12-31": {
        "Diluted EPS": 0.51,
        "Total Revenue": 24,
        "Gross Profit": 22,
        "Operating Income": 6,
        "EBIT": NaN,
        "Net Income": 5
    },
    "2020-09-30": {
        "Diluted EPS": 0.33,
        "Total Revenue": 23,
        "Gross Profit": 21,
        "Operating Income": 5,
        "EBIT": NaN,
        "Net Income": 3
    },
    "2020-06-30": {
        "Diluted EPS": 0.23,
        "Total Revenue": 20,
        "Gross Profit": 18,
        "Operating Income": 3,
        "EBIT": NaN,
        "Net Income": 2
    },
    "2020-03-31": {
        "Diluted EPS": 0.17,
        "Total Revenue": 20,
        "Gross Profit": 17,
        "Operating Income": 2,
        "EBIT": NaN,
        "Net Income": 2
    },
    "2019-12-31": {
        "Diluted EPS": 0.28,
        "Total Revenue": 20,
        "Gross Profit": 17,
        "Operating Income": 3,
        "EBIT": NaN,
        "Net Income": 3
    },
    "2019-09-30": {
        "Diluted EPS": 0.27,
        "Total Revenue": 20,
        "Gross Profit": 17,
        "Operating Income": 4,
        "EBIT": NaN,
        "Net Income": 3
    },
    "2019-06-30": {
        "Diluted EPS": 0.23,
        "Total Revenue": 19,
        "Gross Profit": 16,
        "Operating Income": 5,
        "EBIT": NaN,
        "Net Income": 2
    },
    "2019-03-31": {
        "Diluted EPS": 0.34,
        "Total Revenue": 15,
        "Gross Profit": 13,
        "Operating Income": 4,
        "EBIT": NaN,
        "Net Income": 3
    },
    "2018-12-31": {
        "Diluted EPS": 0.35,
        "Total Revenue": 15,
        "Gross Profit": 13,
        "Operating Income": 4,
        "EBIT": NaN,
        "Net Income": 3
    },
    "2018-09-30": {
        "Diluted EPS": 0.32,
        "Total Revenue": 15,
        "Gross Profit": 13,
        "Operating Income": 3,
        "EBIT": NaN,
        "Net Income": 3
    },
    "2018-06-30": {
        "Diluted EPS": 0.36,
        "Total Revenue": 14,
        "Gross Profit": 12,
        "Operating Income": 4,
        "EBIT": NaN,
        "Net Income": 3
    },
    "2018-03-31": {
        "Diluted EPS": 0.37,
        "Total Revenue": 14,
        "Gross Profit": 13,
        "Operating Income": 4,
        "EBIT": NaN,
        "Net Income": 3
    },
    "2017-12-31": {
        "Diluted EPS": 0.07,
        "Total Revenue": 14,
        "Gross Profit": 12,
        "Operating Income": 5,
        "EBIT": NaN,
        "Net Income": 1
    },
    "2017-09-30": {
        "Diluted EPS": 0.3,
        "Total Revenue": 14,
        "Gross Profit": 12,
        "Operating Income": 4,
        "EBIT": NaN,
        "Net Income": 3
    },
    "2017-06-30": {
        "Diluted EPS": 0.28,
        "Total Revenue": 14,
        "Gross Profit": 12,
        "Operating Income": 4,
        "EBIT": NaN,
        "Net Income": 2
    },
    "2017-03-31": {
        "Diluted EPS": 0.22,
        "Total Revenue": 14,
        "Gross Profit": 12,
        "Operating Income": 3,
        "EBIT": NaN,
        "Net Income": 2
    },
    "2016-12-31": {
        "Diluted EPS": 0.21,
        "Total Revenue": 14,
        "Gross Profit": 12,
        "Operating Income": 5,
        "EBIT": NaN,
        "Net Income": 2
    },
    "2016-09-30": {
        "Diluted EPS": 0.22,
        "Total Revenue": 14,
        "Gross Profit": 12,
        "Operating Income": 3,
        "EBIT": NaN,
        "Net Income": 2
    },
    "2016-06-30": {
        "Diluted EPS": 0.21,
        "Total Revenue": 13,
        "Gross Profit": 12,
        "Operating Income": 3,
        "EBIT": NaN,
        "Net Income": 2
    },
    "2016-03-31": {
        "Diluted EPS": 0.2,
        "Total Revenue": 13,
        "Gross Profit": 12,
        "Operating Income": 3,
        "EBIT": NaN,
        "Net Income": 2
    },
    "2015-12-31": {
        "Diluted EPS": 0.19,
        "Total Revenue": 14,
        "Gross Profit": 12,
        "Operating Income": 4,
        "EBIT": NaN,
        "Net Income": 2
    },
    "2015-09-30": {
        "Diluted EPS": 0.19,
        "Total Revenue": 13,
        "Gross Profit": 12,
        "Operating Income": 3,
        "EBIT": NaN,
        "Net Income": 2
    },
    "2015-06-30": {
        "Diluted EPS": 0.18,
        "Total Revenue": 13,
        "Gross Profit": 12,
        "Operating Income": 3,
        "EBIT": NaN,
        "Net Income": 2
    },
    "2015-03-31": {
        "Diluted EPS": 0.15,
        "Total Revenue": 13,
        "Gross Profit": 11,
        "Operating Income": 3,
        "EBIT": NaN,
        "Net Income": 1
    },
    "2014-12-31": {
        "Diluted EPS": 0.15,
        "Total Revenue": 14,
        "Gross Profit": 12,
        "Operating Income": 4,
        "EBIT": NaN,
        "Net Income": 1
    },
    "2014-09-30": {
        "Diluted EPS": 0.16,
        "Total Revenue": 14,
        "Gross Profit": 12,
        "Operating Income": 3,
        "EBIT": NaN,
        "Net Income": 1
    },
    "2014-06-30": {
        "Diluted EPS": 0.16,
        "Total Revenue": 13,
        "Gross Profit": 12,
        "Operating Income": 3,
        "EBIT": NaN,
        "Net Income": 1
    },
    "2014-03-31": {
        "Diluted EPS": 0.1,
        "Total Revenue": 13,
        "Gross Profit": 11,
        "Operating Income": 2,
        "EBIT": NaN,
        "Net Income": 1
    },
    "2013-12-31": {
        "Diluted EPS": 0.15,
        "Total Revenue": 13,
        "Gross Profit": 12,
        "Operating Income": 4,
        "EBIT": NaN,
        "Net Income": 1
    },
    "2013-09-30": {
        "Diluted EPS": 0.08,
        "Total Revenue": 13,
        "Gross Profit": 12,
        "Operating Income": 2,
        "EBIT": NaN,
        "Net Income": 1
    },
    "2013-06-30": {
        "Diluted EPS": 0.07,
        "Total Revenue": 13,
        "Gross Profit": 11,
        "Operating Income": 2,
        "EBIT": NaN,
        "Net Income": 1
    },
    "2013-03-31": {
        "Diluted EPS": 0.07,
        "Total Revenue": 13,
        "Gross Profit": 11,
        "Operating Income": 1,
        "EBIT": NaN,
        "Net Income": 1
    },
    "2012-12-31": {
        "Diluted EPS": 0.02,
        "Total Revenue": 14,
        "Gross Profit": 12,
        "Operating Income": 2,
        "EBIT": NaN,
        "Net Income": 0
    },
    "2012-09-30": {
        "Diluted EPS": 0.05,
        "Total Revenue": 15,
        "Gross Profit": 12,
        "Operating Income": 1,
        "EBIT": NaN,
        "Net Income": 0
    },
    "2012-06-30": {
        "Diluted EPS": 0.05,
        "Total Revenue": 14,
        "Gross Profit": 11,
        "Operating Income": 1,
        "EBIT": NaN,
        "Net Income": 0
    },
    "2012-03-31": {
        "Diluted EPS": 0.02,
        "Total Revenue": 14,
        "Gross Profit": 11,
        "Operating Income": 1,
        "EBIT": NaN,
        "Net Income": 0
    },
    "2011-12-31": {
        "Diluted EPS": 0.01,
        "Total Revenue": 15,
        "Gross Profit": 12,
        "Operating Income": 2,
        "EBIT": NaN,
        "Net Income": 0
    },
    "2011-09-30": {
        "Diluted EPS": 0.02,
        "Total Revenue": 15,
        "Gross Profit": 11,
        "Operating Income": 1,
        "EBIT": NaN,
        "Net Income": 0
    },
    "2011-06-30": {
        "Diluted EPS": 0.02,
        "Total Revenue": 16,
        "Gross Profit": 11,
        "Operating Income": 1,
        "EBIT": NaN,
        "Net Income": 0
    },
    "2011-03-31": {
        "Diluted EPS": 0.08,
        "Total Revenue": 16,
        "Gross Profit": 11,
        "Operating Income": 1,
        "EBIT": NaN,
        "Net Income": 1
    },
    "2010-12-31": {
        "Diluted EPS": -0.02,
        "Total Revenue": 17,
        "Gross Profit": 12,
        "Operating Income": 2,
        "EBIT": NaN,
        "Net Income": 0
    },
    "2010-09-30": {
        "Diluted EPS": -0.16,
        "Total Revenue": 17,
        "Gross Profit": 12,
        "Operating Income": -2,
        "EBIT": NaN,
        "Net Income": -1
    },
    "2010-06-30": {
        "Diluted EPS": 0.02,
        "Total Revenue": 17,
        "Gross Profit": 12,
        "Operating Income": 1,
        "EBIT": NaN,
        "Net Income": 0
    },
    "2010-03-31": {
        "Diluted EPS": 0.05,
        "Total Revenue": 18,
        "Gross Profit": 12,
        "Operating Income": 1,
        "EBIT": NaN,
        "Net Income": 0
    },
    "2009-12-31": {
        "Diluted EPS": -2.02,
        "Total Revenue": 17,
        "Gross Profit": 12,
        "Operating Income": -16,
        "EBIT": NaN,
        "Net Income": -15
    },
    "2009-09-30": {
        "Diluted EPS": 0.0,
        "Total Revenue": 19,
        "Gross Profit": 13,
        "Operating Income": 1,
        "EBIT": NaN,
        "Net Income": 0
    },
    "2009-06-30": {
        "Diluted EPS": -0.94,
        "Total Revenue": 19,
        "Gross Profit": 12,
        "Operating Income": -10,
        "EBIT": NaN,
        "Net Income": -7
    },
    "2009-03-31": {
        "Diluted EPS": 0.11,
        "Total Revenue": 20,
        "Gross Profit": 13,
        "Operating Income": 1,
        "EBIT": NaN,
        "Net Income": 1
    },
    "2023-09-30": {
        "Tax Effect Of Unusual Items": 0.0,
        "Tax Rate For Calcs": 0.222,
        "Net Income From Continuing Operation Net Minority Interest": 5804000.0,
        "Reconciled Depreciation": 2141000.0,
        "Net Interest Income": 19621000.0,
        "Interest Expense": 12958000.0,
        "Interest Income": 32579000.0,
        "Normalized Income": 5804000.0,
        "Net Income From Continuing And Discontinued Operation": 5804000.0,
        "Diluted Average Shares": 17569493.0,
        "Basic Average Shares": 17569493.0,
        "Diluted EPS": 0.33,
        "Basic EPS": 0.33,
        "Diluted NI Availto Com Stockholders": 5804000.0,
        "Net Income Common Stockholders": 5804000.0,
        "Net Income": 5804000.0,
        "Net Income Including Noncontrolling Interests": 5804000.0,
        "Net Income Continuous Operations": 5804000.0,
        "Tax Provision": 1654000.0,
        "Pretax Income": 7458000.0,
        "Gain On Sale Of Security": 0.0,
        "Selling General And Administration": 12739000.0,
        "Selling And Marketing Expense": 766000.0,
        "General And Administrative Expense": 11973000.0,
        "Salaries And Wages": 11973000.0,
        "Total Revenue": 29339000.0,
        "Operating Revenue": 29339000.0
    },
    "2023-12-31": {
        "Tax Effect Of Unusual Items": 0.0,
        "Tax Rate For Calcs": 0.21066,
        "Net Income From Continuing Operation Net Minority Interest": 5598000.0,
        "Reconciled Depreciation": 2049000.0,
        "Net Interest Income": 18874000.0,
        "Interest Expense": 14329000.0,
        "Interest Income": 33203000.0,
        "Normalized Income": 5598000.0,
        "Net Income From Continuing And Discontinued Operation": 5598000.0,
        "Diluted Average Shares": 17567839.0,
        "Basic Average Shares": 17567839.0,
        "Diluted EPS": 0.32,
        "Basic EPS": 0.32,
        "Diluted NI Availto Com Stockholders": 5598000.0,
        "Net Income Common Stockholders": 5598000.0,
        "Net Income": 5598000.0,
        "Net Income Including Noncontrolling Interests": 5598000.0,
        "Net Income Continuous Operations": 5598000.0,
        "Tax Provision": 1494000.0,
        "Pretax Income": 7092000.0,
        "Gain On Sale Of Security": 0.0,
        "Selling General And Administration": 12358000.0,
        "Selling And Marketing Expense": 1054000.0,
        "General And Administrative Expense": 11304000.0,
        "Salaries And Wages": 11304000.0,
        "Total Revenue": 28179000.0,
        "Operating Revenue": 28179000.0
    },
    "2024-03-31": {
        "Tax Effect Of Unusual Items": NaN,
        "Tax Rate For Calcs": NaN,
        "Net Income From Continuing Operation Net Minority Interest": NaN,
        "Reconciled Depreciation": NaN,
        "Net Interest Income": NaN,
        "Interest Expense": NaN,
        "Interest Income": NaN,
        "Normalized Income": NaN,
        "Net Income From Continuing And Discontinued Operation": NaN,
        "Diluted Average Shares": 17560210.0,
        "Basic Average Shares": 17560210.0,
        "Diluted EPS": 0.3,
        "Basic EPS": 0.3,
        "Diluted NI Availto Com Stockholders": NaN,
        "Net Income Common Stockholders": NaN,
        "Net Income": NaN,
        "Net Income Including Noncontrolling Interests": NaN,
        "Net Income Continuous Operations": NaN,
        "Tax Provision": NaN,
        "Pretax Income": NaN,
        "Gain On Sale Of Security": NaN,
        "Selling General And Administration": NaN,
        "Selling And Marketing Expense": NaN,
        "General And Administrative Expense": NaN,
        "Salaries And Wages": NaN,
        "Total Revenue": NaN,
        "Operating Revenue": NaN
    }
}