{
    "2023-03-31": {
        "Tax Effect Of Unusual Items": 13133.998065,
        "Tax Rate For Calcs": 0.154518,
        "Normalized EBITDA": -2965890.0,
        "Total Unusual Items": 85000.0,
        "Total Unusual Items Excluding Goodwill": 85000.0,
        "Net Income From Continuing Operation Net Minority Interest": -1380355.0,
        "Reconciled Depreciation": 2317237.0,
        "Reconciled Cost Of Revenue": 39490957.0,
        "EBIT": -2880890.0,
        "Net Interest Income": 5311.0,
        "Interest Income": 5311.0,
        "Normalized Income": -1452221.001935,
        "Net Income From Continuing And Discontinued Operation": -1380355.0,
        "Total Expenses": 45277591.0,
        "Total Operating Income As Reported": -2880890.0,
        "Diluted Average Shares": 89013359.0,
        "Basic Average Shares": 89013359.0,
        "Diluted EPS": -0.02,
        "Basic EPS": -0.02,
        "Diluted NI Availto Com Stockholders": -1380355.0,
        "Net Income Common Stockholders": -1380355.0,
        "Net Income": -1380355.0,
        "Minority Interests": 824127.0,
        "Net Income Including Noncontrolling Interests": -2204482.0,
        "Net Income Continuous Operations": -2204482.0,
        "Tax Provision": -402884.0,
        "Pretax Income": -2607366.0,
        "Other Income Expense": 268213.0,
        "Other Non Operating Income Expenses": 183213.0,
        "Special Income Charges": NaN,
        "Write Off": NaN,
        "Gain On Sale Of Security": 85000.0,
        "Net Non Operating Interest Income Expense": 5311.0,
        "Total Other Finance Cost": -5311.0,
        "Interest Income Non Operating": 5311.0,
        "Operating Income": -2880890.0,
        "Operating Expense": 5786634.0,
        "Provision For Doubtful Accounts": 131167.0,
        "Research And Development": 2455328.0,
        "Selling General And Administration": 3200139.0,
        "Selling And Marketing Expense": 721004.0,
        "General And Administrative Expense": 2479135.0,
        "Other Gand A": 2479135.0,
        "Gross Profit": 2905744.0,
        "Cost Of Revenue": 39490957.0,
        "Total Revenue": 42396701.0,
        "Operating Revenue": 42396701.0
    },
    "2022-12-31": {
        "Tax Effect Of Unusual Items": -523171.87233,
        "Tax Rate For Calcs": 0.097302,
        "Normalized EBITDA": 2933474.0,
        "Total Unusual Items": -5376786.0,
        "Total Unusual Items Excluding Goodwill": -5376786.0,
        "Net Income From Continuing Operation Net Minority Interest": -10697799.0,
        "Reconciled Depreciation": 2395501.0,
        "Reconciled Cost Of Revenue": 50674621.0,
        "EBIT": -2443312.0,
        "Net Interest Income": 419191.0,
        "Interest Income": 419191.0,
        "Normalized Income": -5844184.87233,
        "Net Income From Continuing And Discontinued Operation": -10697799.0,
        "Total Expenses": 56901147.0,
        "Total Operating Income As Reported": -8831098.0,
        "Diluted Average Shares": NaN,
        "Basic Average Shares": NaN,
        "Diluted EPS": NaN,
        "Basic EPS": NaN,
        "Diluted NI Availto Com Stockholders": -10697799.0,
        "Net Income Common Stockholders": -10697799.0,
        "Net Income": -10697799.0,
        "Minority Interests": 1478052.0,
        "Net Income Including Noncontrolling Interests": -12175851.0,
        "Net Income Continuous Operations": -12175851.0,
        "Tax Provision": -1312437.0,
        "Pretax Income": -13488288.0,
        "Other Income Expense": -11464167.0,
        "Other Non Operating Income Expenses": -6087381.0,
        "Special Income Charges": -6387786.0,
        "Write Off": 0.0,
        "Gain On Sale Of Security": 1011000.0,
        "Net Non Operating Interest Income Expense": 419191.0,
        "Total Other Finance Cost": NaN,
        "Interest Income Non Operating": 419191.0,
        "Operating Income": -2443312.0,
        "Operating Expense": 6226526.0,
        "Provision For Doubtful Accounts": 762481.0,
        "Research And Development": 2637305.0,
        "Selling General And Administration": 2826740.0,
        "Selling And Marketing Expense": -354027.0,
        "General And Administrative Expense": 3180767.0,
        "Other Gand A": 3180767.0,
        "Gross Profit": 3783214.0,
        "Cost Of Revenue": 50674621.0,
        "Total Revenue": 54457835.0,
        "Operating Revenue": 54457835.0
    },
    "2022-09-30": {
        "Tax Effect Of Unusual Items": 2213.63989,
        "Tax Rate For Calcs": 0.002365,
        "Normalized EBITDA": -234585.0,
        "Total Unusual Items": 936000.0,
        "Total Unusual Items Excluding Goodwill": 936000.0,
        "Net Income From Continuing Operation Net Minority Interest": -290.0,
        "Reconciled Depreciation": 2184148.0,
        "Reconciled Cost Of Revenue": 54261244.0,
        "EBIT": -1482733.0,
        "Net Interest Income": 687345.0,
        "Interest Income": 687345.0,
        "Normalized Income": -934076.36011,
        "Net Income From Continuing And Discontinued Operation": -290.0,
        "Total Expenses": 59204425.0,
        "Total Operating Income As Reported": -1482733.0,
        "Diluted Average Shares": 88996692.0,
        "Basic Average Shares": 88996692.0,
        "Diluted EPS": -3e-06,
        "Basic EPS": -3e-06,
        "Diluted NI Availto Com Stockholders": -290.0,
        "Net Income Common Stockholders": -290.0,
        "Net Income": -290.0,
        "Minority Interests": 848438.0,
        "Net Income Including Noncontrolling Interests": -848728.0,
        "Net Income Continuous Operations": -848728.0,
        "Tax Provision": -2012.0,
        "Pretax Income": -850740.0,
        "Other Income Expense": -55352.0,
        "Other Non Operating Income Expenses": -991352.0,
        "Special Income Charges": 0.0,
        "Write Off": 0.0,
        "Gain On Sale Of Security": 936000.0,
        "Net Non Operating Interest Income Expense": 687345.0,
        "Total Other Finance Cost": NaN,
        "Interest Income Non Operating": 687345.0,
        "Operating Income": -1482733.0,
        "Operating Expense": 4943181.0,
        "Provision For Doubtful Accounts": -142966.0,
        "Research And Development": 2385591.0,
        "Selling General And Administration": 2700556.0,
        "Selling And Marketing Expense": 834501.0,
        "General And Administrative Expense": 1866055.0,
        "Other Gand A": 1866055.0,
        "Gross Profit": 3460448.0,
        "Cost Of Revenue": 54261244.0,
        "Total Revenue": 57721692.0,
        "Operating Revenue": 57721692.0
    },
    "2022-06-30": {
        "Tax Effect Of Unusual Items": 320327.132661,
        "Tax Rate For Calcs": 0.150318,
        "Normalized EBITDA": -120418.0,
        "Total Unusual Items": 2131000.0,
        "Total Unusual Items Excluding Goodwill": 2131000.0,
        "Net Income From Continuing Operation Net Minority Interest": 805190.0,
        "Reconciled Depreciation": 1866093.0,
        "Reconciled Cost Of Revenue": 50814352.0,
        "EBIT": 144489.0,
        "Net Interest Income": -620490.0,
        "Interest Income": NaN,
        "Normalized Income": -1005482.867339,
        "Net Income From Continuing And Discontinued Operation": 805190.0,
        "Total Expenses": 56205171.0,
        "Total Operating Income As Reported": 144489.0,
        "Diluted Average Shares": 89007924.0,
        "Basic Average Shares": 89007924.0,
        "Diluted EPS": 0.009046,
        "Basic EPS": 0.009046,
        "Diluted NI Availto Com Stockholders": 805190.0,
        "Net Income Common Stockholders": 805190.0,
        "Net Income": 805190.0,
        "Minority Interests": -211075.0,
        "Net Income Including Noncontrolling Interests": 1016265.0,
        "Net Income Continuous Operations": 1016265.0,
        "Tax Provision": 179788.0,
        "Pretax Income": 1196053.0,
        "Other Income Expense": 1672054.0,
        "Other Non Operating Income Expenses": -458946.0,
        "Special Income Charges": 0.0,
        "Write Off": 0.0,
        "Gain On Sale Of Security": 2131000.0,
        "Net Non Operating Interest Income Expense": -620490.0,
        "Total Other Finance Cost": 620490.0,
        "Interest Income Non Operating": NaN,
        "Operating Income": 144489.0,
        "Operating Expense": 5390819.0,
        "Provision For Doubtful Accounts": -59826.0,
        "Research And Development": 2299466.0,
        "Selling General And Administration": 3151179.0,
        "Selling And Marketing Expense": 697664.0,
        "General And Administrative Expense": 2453515.0,
        "Other Gand A": 2453515.0,
        "Gross Profit": 5535308.0,
        "Cost Of Revenue": 50814352.0,
        "Total Revenue": 56349660.0,
        "Operating Revenue": 56349660.0
    },
    "2022-03-31": {
        "Diluted EPS": 0.01,
        "Total Revenue": 80,
        "Gross Profit": 5,
        "Operating Income": -1,
        "EBIT": 1,
        "Net Income": 0
    },
    "2021-12-31": {
        "Diluted EPS": 0.1,
        "Total Revenue": 28,
        "Gross Profit": 1,
        "Operating Income": -6,
        "EBIT": -4,
        "Net Income": 9
    },
    "2021-09-30": {
        "Diluted EPS": 0.23,
        "Total Revenue": 10,
        "Gross Profit": 1,
        "Operating Income": -3,
        "EBIT": -3,
        "Net Income": 20
    },
    "2021-06-30": {
        "Diluted EPS": 0.02,
        "Total Revenue": 6,
        "Gross Profit": 1,
        "Operating Income": -3,
        "EBIT": -2,
        "Net Income": 3
    },
    "2021-03-31": {
        "Diluted EPS": 0.35,
        "Total Revenue": 9,
        "Gross Profit": 2,
        "Operating Income": 0,
        "EBIT": 1,
        "Net Income": 30
    },
    "2020-12-31": {
        "Diluted EPS": -0.07,
        "Total Revenue": 15,
        "Gross Profit": 1,
        "Operating Income": -6,
        "EBIT": -5,
        "Net Income": -4
    },
    "2020-09-30": {
        "Diluted EPS": 0.0,
        "Total Revenue": 11,
        "Gross Profit": 1,
        "Operating Income": 0,
        "EBIT": 1,
        "Net Income": 0
    },
    "2020-06-30": {
        "Diluted EPS": -0.02,
        "Total Revenue": 5,
        "Gross Profit": 0,
        "Operating Income": -1,
        "EBIT": 0,
        "Net Income": -1
    },
    "2020-03-31": {
        "Diluted EPS": -0.04,
        "Total Revenue": 7,
        "Gross Profit": 0,
        "Operating Income": -2,
        "EBIT": -1,
        "Net Income": -2
    },
    "2019-12-31": {
        "Diluted EPS": -0.07,
        "Total Revenue": 5,
        "Gross Profit": 0,
        "Operating Income": -4,
        "EBIT": -3,
        "Net Income": -4
    },
    "2019-09-30": {
        "Diluted EPS": -0.04,
        "Total Revenue": 8,
        "Gross Profit": 1,
        "Operating Income": -2,
        "EBIT": -1,
        "Net Income": -2
    },
    "2019-06-30": {
        "Diluted EPS": -0.07,
        "Total Revenue": 4,
        "Gross Profit": 0,
        "Operating Income": -2,
        "EBIT": -1,
        "Net Income": -2
    },
    "2019-03-31": {
        "Diluted EPS": -0.1,
        "Total Revenue": 5,
        "Gross Profit": 0,
        "Operating Income": -3,
        "EBIT": -2,
        "Net Income": -3
    },
    "2018-12-31": {
        "Diluted EPS": -0.14,
        "Total Revenue": 9,
        "Gross Profit": 0,
        "Operating Income": -4,
        "EBIT": -3,
        "Net Income": -4
    },
    "2018-09-30": {
        "Diluted EPS": 0.3,
        "Total Revenue": 6,
        "Gross Profit": -2,
        "Operating Income": -4,
        "EBIT": -3,
        "Net Income": 8
    },
    "2018-06-30": {
        "Diluted EPS": -0.13,
        "Total Revenue": 6,
        "Gross Profit": -1,
        "Operating Income": -3,
        "EBIT": -3,
        "Net Income": -3
    },
    "2018-03-31": {
        "Diluted EPS": -0.1,
        "Total Revenue": 3,
        "Gross Profit": 0,
        "Operating Income": -2,
        "EBIT": -2,
        "Net Income": -3
    },
    "2017-12-31": {
        "Diluted EPS": -0.48,
        "Total Revenue": 31,
        "Gross Profit": -7,
        "Operating Income": -11,
        "EBIT": -11,
        "Net Income": -11
    },
    "2017-09-30": {
        "Diluted EPS": -0.16,
        "Total Revenue": 18,
        "Gross Profit": -1,
        "Operating Income": -4,
        "EBIT": -4,
        "Net Income": -4
    },
    "2017-06-30": {
        "Diluted EPS": -0.18,
        "Total Revenue": 6,
        "Gross Profit": -1,
        "Operating Income": -4,
        "EBIT": -3,
        "Net Income": -4
    },
    "2017-03-31": {
        "Diluted EPS": -0.1,
        "Total Revenue": 4,
        "Gross Profit": 0,
        "Operating Income": -2,
        "EBIT": -2,
        "Net Income": -2
    },
    "2016-12-31": {
        "Diluted EPS": 0.0,
        "Total Revenue": NaN,
        "Gross Profit": NaN,
        "Operating Income": NaN,
        "EBIT": NaN,
        "Net Income": NaN
    },
    "2016-09-30": {
        "Diluted EPS": -0.34,
        "Total Revenue": 0,
        "Gross Profit": -1,
        "Operating Income": -5,
        "EBIT": -5,
        "Net Income": -6
    },
    "2016-06-30": {
        "Diluted EPS": -0.15,
        "Total Revenue": 1,
        "Gross Profit": -1,
        "Operating Income": -3,
        "EBIT": -3,
        "Net Income": -3
    },
    "2016-03-31": {
        "Diluted EPS": -0.11,
        "Total Revenue": 3,
        "Gross Profit": 0,
        "Operating Income": -2,
        "EBIT": -2,
        "Net Income": -2
    },
    "2015-12-31": {
        "Diluted EPS": -0.12,
        "Total Revenue": 6,
        "Gross Profit": 0,
        "Operating Income": 6,
        "EBIT": 6,
        "Net Income": -2
    },
    "2015-09-30": {
        "Diluted EPS": 0.0,
        "Total Revenue": NaN,
        "Gross Profit": NaN,
        "Operating Income": NaN,
        "EBIT": NaN,
        "Net Income": NaN
    },
    "2015-06-30": {
        "Diluted EPS": -0.08,
        "Total Revenue": 2,
        "Gross Profit": 0,
        "Operating Income": -1,
        "EBIT": -1,
        "Net Income": -1
    },
    "2015-03-31": {
        "Diluted EPS": 0.08,
        "Total Revenue": 3,
        "Gross Profit": 0,
        "Operating Income": 0,
        "EBIT": 0,
        "Net Income": 1
    },
    "2014-12-31": {
        "Diluted EPS": 1.37,
        "Total Revenue": 3,
        "Gross Profit": 0,
        "Operating Income": 3,
        "EBIT": 3,
        "Net Income": 17
    },
    "2014-09-30": {
        "Diluted EPS": 0.0,
        "Total Revenue": NaN,
        "Gross Profit": NaN,
        "Operating Income": NaN,
        "EBIT": NaN,
        "Net Income": NaN
    },
    "2014-06-30": {
        "Diluted EPS": 2.92,
        "Total Revenue": 48,
        "Gross Profit": 4,
        "Operating Income": -4,
        "EBIT": 0,
        "Net Income": 37
    },
    "2014-03-31": {
        "Diluted EPS": -0.73,
        "Total Revenue": 33,
        "Gross Profit": 3,
        "Operating Income": -4,
        "EBIT": 1,
        "Net Income": -9
    },
    "2013-12-31": {
        "Diluted EPS": -0.42,
        "Total Revenue": 41,
        "Gross Profit": 3,
        "Operating Income": 41,
        "EBIT": 41,
        "Net Income": -5
    },
    "2013-09-30": {
        "Diluted EPS": 0.0,
        "Total Revenue": NaN,
        "Gross Profit": NaN,
        "Operating Income": NaN,
        "EBIT": NaN,
        "Net Income": NaN
    },
    "2013-06-30": {
        "Diluted EPS": -0.81,
        "Total Revenue": 46,
        "Gross Profit": -1,
        "Operating Income": -8,
        "EBIT": -3,
        "Net Income": -10
    },
    "2013-03-31": {
        "Diluted EPS": -1.56,
        "Total Revenue": 44,
        "Gross Profit": -4,
        "Operating Income": -17,
        "EBIT": -7,
        "Net Income": -20
    },
    "2012-12-31": {
        "Diluted EPS": -2.23,
        "Total Revenue": 64,
        "Gross Profit": -4,
        "Operating Income": 64,
        "EBIT": 64,
        "Net Income": -28
    },
    "2012-09-30": {
        "Diluted EPS": 0.0,
        "Total Revenue": NaN,
        "Gross Profit": NaN,
        "Operating Income": NaN,
        "EBIT": NaN,
        "Net Income": NaN
    },
    "2012-06-30": {
        "Diluted EPS": -2.19,
        "Total Revenue": 47,
        "Gross Profit": -5,
        "Operating Income": -24,
        "EBIT": -19,
        "Net Income": -28
    },
    "2012-03-31": {
        "Diluted EPS": -1.24,
        "Total Revenue": 33,
        "Gross Profit": -4,
        "Operating Income": -13,
        "EBIT": -3,
        "Net Income": -16
    },
    "2011-12-31": {
        "Diluted EPS": -0.14,
        "Total Revenue": 72,
        "Gross Profit": 14,
        "Operating Income": 72,
        "EBIT": 72,
        "Net Income": -2
    },
    "2011-09-30": {
        "Diluted EPS": 0.0,
        "Total Revenue": NaN,
        "Gross Profit": NaN,
        "Operating Income": NaN,
        "EBIT": NaN,
        "Net Income": NaN
    },
    "2011-06-30": {
        "Diluted EPS": -0.6,
        "Total Revenue": 47,
        "Gross Profit": 4,
        "Operating Income": -5,
        "EBIT": 0,
        "Net Income": -7
    },
    "2011-03-31": {
        "Diluted EPS": -0.3,
        "Total Revenue": 47,
        "Gross Profit": 4,
        "Operating Income": -2,
        "EBIT": 7,
        "Net Income": -4
    },
    "2010-12-31": {
        "Diluted EPS": -0.3,
        "Total Revenue": 64,
        "Gross Profit": 10,
        "Operating Income": 64,
        "EBIT": 64,
        "Net Income": -4
    },
    "2010-09-30": {
        "Diluted EPS": 0.0,
        "Total Revenue": NaN,
        "Gross Profit": NaN,
        "Operating Income": NaN,
        "EBIT": NaN,
        "Net Income": NaN
    },
    "2010-06-30": {
        "Diluted EPS": -1.45,
        "Total Revenue": 59,
        "Gross Profit": -1,
        "Operating Income": -18,
        "EBIT": -14,
        "Net Income": -18
    },
    "2010-03-31": {
        "Diluted EPS": -0.2,
        "Total Revenue": 50,
        "Gross Profit": 9,
        "Operating Income": 1,
        "EBIT": 10,
        "Net Income": -3
    },
    "2009-12-31": {
        "Diluted EPS": -0.3,
        "Total Revenue": 50,
        "Gross Profit": 10,
        "Operating Income": 50,
        "EBIT": 50,
        "Net Income": -3
    },
    "2009-09-30": {
        "Diluted EPS": 0.0,
        "Total Revenue": NaN,
        "Gross Profit": NaN,
        "Operating Income": NaN,
        "EBIT": NaN,
        "Net Income": NaN
    },
    "2009-06-30": {
        "Diluted EPS": -0.45,
        "Total Revenue": 45,
        "Gross Profit": 5,
        "Operating Income": -4,
        "EBIT": 0,
        "Net Income": -5
    },
    "2009-03-31": {
        "Diluted EPS": -0.5,
        "Total Revenue": 41,
        "Gross Profit": 3,
        "Operating Income": -3,
        "EBIT": 4,
        "Net Income": -6
    },
    "2023-06-30": {
        "Tax Effect Of Unusual Items": 3407.690284,
        "Tax Rate For Calcs": 0.094658,
        "Normalized EBITDA": -3809050.0,
        "Total Unusual Items": 36000.0,
        "Total Unusual Items Excluding Goodwill": 36000.0,
        "Net Income From Continuing Operation Net Minority Interest": -2634990.0,
        "Reconciled Depreciation": NaN,
        "Reconciled Cost Of Revenue": 38536228.0,
        "EBIT": -3773050.0,
        "Net Interest Income": 252472.0,
        "Interest Income": NaN,
        "Normalized Income": -2667582.309716,
        "Net Income From Continuing And Discontinued Operation": -2634990.0,
        "Total Expenses": 46193920.0,
        "Total Operating Income As Reported": -3773050.0,
        "Diluted Average Shares": 89030137.0,
        "Basic Average Shares": 89030137.0,
        "Diluted EPS": -0.03,
        "Basic EPS": -0.03,
        "Diluted NI Availto Com Stockholders": -2634990.0,
        "Net Income Common Stockholders": -2634990.0,
        "Net Income": -2634990.0,
        "Minority Interests": 304237.0,
        "Net Income Including Noncontrolling Interests": -2939227.0,
        "Net Income Continuous Operations": -2939227.0,
        "Tax Provision": -307311.0,
        "Pretax Income": -3246538.0,
        "Other Income Expense": 274040.0,
        "Other Non Operating Income Expenses": 238040.0,
        "Special Income Charges": NaN,
        "Write Off": NaN,
        "Gain On Sale Of Security": 36000.0,
        "Net Non Operating Interest Income Expense": 252472.0,
        "Total Other Finance Cost": -252472.0,
        "Interest Income Non Operating": NaN,
        "Operating Income": -3773050.0,
        "Operating Expense": 7657692.0,
        "Provision For Doubtful Accounts": 130493.0,
        "Research And Development": 2980718.0,
        "Selling General And Administration": 4546481.0,
        "Selling And Marketing Expense": 963588.0,
        "General And Administrative Expense": 3582893.0,
        "Other Gand A": 3582893.0,
        "Gross Profit": 3884642.0,
        "Cost Of Revenue": 38536228.0,
        "Total Revenue": 42420870.0,
        "Operating Revenue": 42420870.0
    }
}