{
    "2023-06-30": {
        "Tax Effect Of Unusual Items": 0.0,
        "Tax Rate For Calcs": 0.202257,
        "Total Unusual Items": 0.0,
        "Total Unusual Items Excluding Goodwill": 0.0,
        "Net Income From Continuing Operation Net Minority Interest": 2757000.0,
        "Reconciled Depreciation": 710000.0,
        "Net Interest Income": 11095000.0,
        "Interest Expense": 4083000.0,
        "Interest Income": 15178000.0,
        "Normalized Income": 2757000.0,
        "Net Income From Continuing And Discontinued Operation": 2757000.0,
        "Diluted Average Shares": 5116134.0,
        "Basic Average Shares": 5111987.0,
        "Diluted EPS": 0.54,
        "Basic EPS": 0.54,
        "Diluted NI Availto Com Stockholders": 2757000.0,
        "Net Income Common Stockholders": 2757000.0,
        "Net Income": 2757000.0,
        "Net Income Including Noncontrolling Interests": 2757000.0,
        "Net Income Continuous Operations": 2757000.0,
        "Tax Provision": 699000.0,
        "Pretax Income": 3456000.0,
        "Special Income Charges": 0.0,
        "Other Special Charges": NaN,
        "Gain On Sale Of Security": -100000.0,
        "Depreciation Amortization Depletion Income Statement": 446000.0,
        "Depreciation And Amortization In Income Statement": 446000.0,
        "Amortization": 446000.0,
        "Amortization Of Intangibles Income Statement": 446000.0,
        "Selling General And Administration": 5530000.0,
        "Selling And Marketing Expense": 75000.0,
        "General And Administrative Expense": 5455000.0,
        "Insurance And Claims": 224000.0,
        "Salaries And Wages": 5231000.0,
        "Total Revenue": 12955000.0,
        "Operating Revenue": 12955000.0,
        "Occupancy And Equipment": 1072000.0,
        "Professional Expense And Contract Services Expense": 246000.0,
        "Other Non Interest Expense": 1773000.0
    },
    "2023-03-31": {
        "Tax Effect Of Unusual Items": NaN,
        "Tax Rate For Calcs": NaN,
        "Total Unusual Items": NaN,
        "Total Unusual Items Excluding Goodwill": NaN,
        "Net Income From Continuing Operation Net Minority Interest": NaN,
        "Reconciled Depreciation": NaN,
        "Net Interest Income": NaN,
        "Interest Expense": NaN,
        "Interest Income": NaN,
        "Normalized Income": NaN,
        "Net Income From Continuing And Discontinued Operation": NaN,
        "Diluted Average Shares": NaN,
        "Basic Average Shares": NaN,
        "Diluted EPS": NaN,
        "Basic EPS": NaN,
        "Diluted NI Availto Com Stockholders": NaN,
        "Net Income Common Stockholders": NaN,
        "Net Income": NaN,
        "Net Income Including Noncontrolling Interests": NaN,
        "Net Income Continuous Operations": NaN,
        "Tax Provision": NaN,
        "Pretax Income": NaN,
        "Special Income Charges": NaN,
        "Gain On Sale Of Business": NaN,
        "Other Special Charges": -11000.0,
        "Gain On Sale Of Security": NaN,
        "Depreciation Amortization Depletion Income Statement": NaN,
        "Depreciation And Amortization In Income Statement": NaN,
        "Amortization": NaN,
        "Amortization Of Intangibles Income Statement": NaN,
        "Selling General And Administration": NaN,
        "Selling And Marketing Expense": NaN,
        "General And Administrative Expense": NaN,
        "Insurance And Claims": NaN,
        "Salaries And Wages": NaN,
        "Total Revenue": NaN,
        "Operating Revenue": NaN,
        "Occupancy And Equipment": NaN,
        "Professional Expense And Contract Services Expense": NaN,
        "Other Non Interest Expense": NaN
    },
    "2022-12-31": {
        "Tax Effect Of Unusual Items": NaN,
        "Tax Rate For Calcs": NaN,
        "Total Unusual Items": NaN,
        "Total Unusual Items Excluding Goodwill": NaN,
        "Net Income From Continuing Operation Net Minority Interest": NaN,
        "Reconciled Depreciation": NaN,
        "Net Interest Income": NaN,
        "Interest Expense": NaN,
        "Interest Income": NaN,
        "Normalized Income": NaN,
        "Net Income From Continuing And Discontinued Operation": NaN,
        "Diluted Average Shares": NaN,
        "Basic Average Shares": NaN,
        "Diluted EPS": NaN,
        "Basic EPS": NaN,
        "Diluted NI Availto Com Stockholders": NaN,
        "Net Income Common Stockholders": NaN,
        "Net Income": NaN,
        "Net Income Including Noncontrolling Interests": NaN,
        "Net Income Continuous Operations": NaN,
        "Tax Provision": NaN,
        "Pretax Income": NaN,
        "Special Income Charges": NaN,
        "Other Special Charges": 0.0,
        "Impairment Of Capital Assets": 0.0,
        "Gain On Sale Of Security": NaN,
        "Depreciation Amortization Depletion Income Statement": NaN,
        "Depreciation And Amortization In Income Statement": NaN,
        "Amortization": NaN,
        "Amortization Of Intangibles Income Statement": NaN,
        "Selling General And Administration": NaN,
        "Selling And Marketing Expense": NaN,
        "General And Administrative Expense": NaN,
        "Other Gand A": -1039000.0,
        "Insurance And Claims": NaN,
        "Salaries And Wages": NaN,
        "Total Revenue": NaN,
        "Operating Revenue": NaN,
        "Occupancy And Equipment": NaN,
        "Professional Expense And Contract Services Expense": NaN,
        "Other Non Interest Expense": NaN
    },
    "2022-09-30": {
        "Tax Effect Of Unusual Items": NaN,
        "Tax Rate For Calcs": NaN,
        "Total Unusual Items": NaN,
        "Total Unusual Items Excluding Goodwill": NaN,
        "Net Income From Continuing Operation Net Minority Interest": NaN,
        "Reconciled Depreciation": NaN,
        "Net Interest Income": NaN,
        "Interest Expense": NaN,
        "Interest Income": NaN,
        "Normalized Income": NaN,
        "Net Income From Continuing And Discontinued Operation": NaN,
        "Diluted Average Shares": NaN,
        "Basic Average Shares": NaN,
        "Diluted EPS": NaN,
        "Basic EPS": NaN,
        "Diluted NI Availto Com Stockholders": NaN,
        "Net Income Common Stockholders": NaN,
        "Net Income": NaN,
        "Net Income Including Noncontrolling Interests": NaN,
        "Net Income Continuous Operations": NaN,
        "Tax Provision": NaN,
        "Pretax Income": NaN,
        "Special Income Charges": NaN,
        "Other Special Charges": -439000.0,
        "Impairment Of Capital Assets": 0.0,
        "Gain On Sale Of Security": NaN,
        "Depreciation Amortization Depletion Income Statement": NaN,
        "Depreciation And Amortization In Income Statement": NaN,
        "Amortization": NaN,
        "Amortization Of Intangibles Income Statement": NaN,
        "Selling General And Administration": NaN,
        "Selling And Marketing Expense": NaN,
        "General And Administrative Expense": NaN,
        "Other Gand A": 540000.0,
        "Insurance And Claims": NaN,
        "Salaries And Wages": NaN,
        "Total Revenue": NaN,
        "Operating Revenue": NaN
    },
    "2022-06-30": {
        "Tax Effect Of Unusual Items": 0.0,
        "Tax Rate For Calcs": 0.4,
        "Total Unusual Items": 0.0,
        "Total Unusual Items Excluding Goodwill": 0.0,
        "Net Income From Continuing Operation Net Minority Interest": 118000.0,
        "Reconciled Depreciation": 446000.0,
        "Net Interest Income": 10143000.0,
        "Interest Expense": 795000.0,
        "Interest Income": 10938000.0,
        "Normalized Income": 118000.0,
        "Net Income From Continuing And Discontinued Operation": 118000.0,
        "Diluted Average Shares": 5156975.0,
        "Basic Average Shares": 5147846.0,
        "Diluted EPS": 0.02,
        "Basic EPS": 0.02,
        "Diluted NI Availto Com Stockholders": 118000.0,
        "Net Income Common Stockholders": 118000.0,
        "Net Income": 118000.0,
        "Net Income Including Noncontrolling Interests": 118000.0,
        "Net Income Continuous Operations": 118000.0,
        "Tax Provision": -44000.0,
        "Pretax Income": 74000.0,
        "Special Income Charges": 0.0,
        "Gain On Sale Of Business": 0.0,
        "Other Special Charges": 39000.0,
        "Impairment Of Capital Assets": 0.0,
        "Gain On Sale Of Security": -199000.0,
        "Depreciation Amortization Depletion Income Statement": 446000.0,
        "Depreciation And Amortization In Income Statement": 446000.0,
        "Amortization": 446000.0,
        "Amortization Of Intangibles Income Statement": 446000.0,
        "Selling General And Administration": 5228000.0,
        "Selling And Marketing Expense": 115000.0,
        "General And Administrative Expense": 5113000.0,
        "Other Gand A": 446000.0,
        "Insurance And Claims": 128000.0,
        "Salaries And Wages": 4539000.0,
        "Total Revenue": 11920000.0,
        "Operating Revenue": 11920000.0
    },
    "2022-03-31": {
        "Diluted EPS": 0.58,
        "Total Revenue": 13,
        "Gross Profit": 13,
        "Operating Income": 4,
        "EBIT": NaN,
        "Net Income": 3
    },
    "2021-12-31": {
        "Diluted EPS": 1.3,
        "Total Revenue": 20,
        "Gross Profit": 19,
        "Operating Income": 9,
        "EBIT": NaN,
        "Net Income": 7
    },
    "2021-09-30": {
        "Diluted EPS": 0.37,
        "Total Revenue": 13,
        "Gross Profit": 12,
        "Operating Income": 2,
        "EBIT": NaN,
        "Net Income": 2
    },
    "2021-06-30": {
        "Diluted EPS": -0.04,
        "Total Revenue": 13,
        "Gross Profit": 12,
        "Operating Income": 1,
        "EBIT": NaN,
        "Net Income": 0
    },
    "2021-03-31": {
        "Diluted EPS": 0.52,
        "Total Revenue": 14,
        "Gross Profit": 13,
        "Operating Income": 4,
        "EBIT": NaN,
        "Net Income": 3
    },
    "2020-12-31": {
        "Diluted EPS": 0.57,
        "Total Revenue": 15,
        "Gross Profit": 13,
        "Operating Income": 4,
        "EBIT": NaN,
        "Net Income": 3
    },
    "2020-09-30": {
        "Diluted EPS": -3.22,
        "Total Revenue": 14,
        "Gross Profit": 13,
        "Operating Income": 1,
        "EBIT": NaN,
        "Net Income": -17
    },
    "2020-06-30": {
        "Diluted EPS": 0.54,
        "Total Revenue": 14,
        "Gross Profit": 13,
        "Operating Income": 4,
        "EBIT": NaN,
        "Net Income": 3
    },
    "2020-03-31": {
        "Diluted EPS": 0.14,
        "Total Revenue": 14,
        "Gross Profit": 12,
        "Operating Income": 1,
        "EBIT": NaN,
        "Net Income": 1
    },
    "2019-12-31": {
        "Diluted EPS": 0.85,
        "Total Revenue": 15,
        "Gross Profit": 13,
        "Operating Income": 4,
        "EBIT": NaN,
        "Net Income": 5
    },
    "2019-09-30": {
        "Diluted EPS": 0.69,
        "Total Revenue": 15,
        "Gross Profit": 13,
        "Operating Income": 5,
        "EBIT": NaN,
        "Net Income": 4
    },
    "2019-06-30": {
        "Diluted EPS": 0.55,
        "Total Revenue": 15,
        "Gross Profit": 13,
        "Operating Income": 4,
        "EBIT": NaN,
        "Net Income": 3
    },
    "2019-03-31": {
        "Diluted EPS": 0.54,
        "Total Revenue": 14,
        "Gross Profit": 13,
        "Operating Income": 4,
        "EBIT": NaN,
        "Net Income": 3
    },
    "2018-12-31": {
        "Diluted EPS": 0.46,
        "Total Revenue": 15,
        "Gross Profit": 13,
        "Operating Income": 3,
        "EBIT": NaN,
        "Net Income": 2
    },
    "2018-09-30": {
        "Diluted EPS": 0.42,
        "Total Revenue": 14,
        "Gross Profit": 12,
        "Operating Income": 3,
        "EBIT": NaN,
        "Net Income": 2
    },
    "2018-06-30": {
        "Diluted EPS": 0.19,
        "Total Revenue": 13,
        "Gross Profit": 11,
        "Operating Income": 2,
        "EBIT": NaN,
        "Net Income": 1
    },
    "2018-03-31": {
        "Diluted EPS": 0.33,
        "Total Revenue": 11,
        "Gross Profit": 10,
        "Operating Income": 2,
        "EBIT": NaN,
        "Net Income": 1
    },
    "2017-12-31": {
        "Diluted EPS": 0.33,
        "Total Revenue": 10,
        "Gross Profit": 10,
        "Operating Income": 2,
        "EBIT": NaN,
        "Net Income": 1
    },
    "2017-09-30": {
        "Diluted EPS": 0.5,
        "Total Revenue": 10,
        "Gross Profit": 9,
        "Operating Income": 3,
        "EBIT": NaN,
        "Net Income": 2
    },
    "2017-06-30": {
        "Diluted EPS": 0.44,
        "Total Revenue": 10,
        "Gross Profit": 9,
        "Operating Income": 2,
        "EBIT": NaN,
        "Net Income": 2
    },
    "2017-03-31": {
        "Diluted EPS": 0.42,
        "Total Revenue": 10,
        "Gross Profit": 9,
        "Operating Income": 2,
        "EBIT": NaN,
        "Net Income": 2
    },
    "2016-12-31": {
        "Diluted EPS": 0.5,
        "Total Revenue": 10,
        "Gross Profit": 9,
        "Operating Income": 3,
        "EBIT": NaN,
        "Net Income": 2
    },
    "2016-09-30": {
        "Diluted EPS": 0.38,
        "Total Revenue": 10,
        "Gross Profit": 9,
        "Operating Income": 2,
        "EBIT": NaN,
        "Net Income": 2
    },
    "2016-06-30": {
        "Diluted EPS": 0.48,
        "Total Revenue": 10,
        "Gross Profit": 9,
        "Operating Income": 3,
        "EBIT": NaN,
        "Net Income": 2
    },
    "2016-03-31": {
        "Diluted EPS": 0.5,
        "Total Revenue": 10,
        "Gross Profit": 9,
        "Operating Income": 3,
        "EBIT": NaN,
        "Net Income": 2
    },
    "2015-12-31": {
        "Diluted EPS": 0.44,
        "Total Revenue": 10,
        "Gross Profit": 9,
        "Operating Income": 2,
        "EBIT": NaN,
        "Net Income": 2
    },
    "2015-09-30": {
        "Diluted EPS": 0.52,
        "Total Revenue": 10,
        "Gross Profit": 9,
        "Operating Income": 3,
        "EBIT": NaN,
        "Net Income": 2
    },
    "2015-06-30": {
        "Diluted EPS": 0.55,
        "Total Revenue": 10,
        "Gross Profit": 9,
        "Operating Income": 3,
        "EBIT": NaN,
        "Net Income": 2
    },
    "2015-03-31": {
        "Diluted EPS": 0.56,
        "Total Revenue": 10,
        "Gross Profit": 9,
        "Operating Income": 3,
        "EBIT": NaN,
        "Net Income": 2
    },
    "2014-12-31": {
        "Diluted EPS": 0.54,
        "Total Revenue": 8,
        "Gross Profit": 8,
        "Operating Income": 4,
        "EBIT": NaN,
        "Net Income": 2
    },
    "2014-09-30": {
        "Diluted EPS": 0.32,
        "Total Revenue": 5,
        "Gross Profit": 5,
        "Operating Income": 1,
        "EBIT": NaN,
        "Net Income": 1
    },
    "2014-06-30": {
        "Diluted EPS": 0.31,
        "Total Revenue": 5,
        "Gross Profit": 5,
        "Operating Income": 2,
        "EBIT": NaN,
        "Net Income": 1
    },
    "2014-03-31": {
        "Diluted EPS": 0.46,
        "Total Revenue": 5,
        "Gross Profit": 5,
        "Operating Income": 1,
        "EBIT": NaN,
        "Net Income": 1
    },
    "2013-12-31": {
        "Diluted EPS": 0.49,
        "Total Revenue": 5,
        "Gross Profit": 5,
        "Operating Income": 1,
        "EBIT": NaN,
        "Net Income": 1
    },
    "2013-09-30": {
        "Diluted EPS": 0.46,
        "Total Revenue": 5,
        "Gross Profit": 5,
        "Operating Income": 1,
        "EBIT": NaN,
        "Net Income": 1
    },
    "2013-06-30": {
        "Diluted EPS": 0.42,
        "Total Revenue": 5,
        "Gross Profit": 5,
        "Operating Income": 1,
        "EBIT": NaN,
        "Net Income": 1
    },
    "2013-03-31": {
        "Diluted EPS": 0.35,
        "Total Revenue": 5,
        "Gross Profit": 4,
        "Operating Income": 1,
        "EBIT": NaN,
        "Net Income": 1
    },
    "2012-12-31": {
        "Diluted EPS": 0.0,
        "Total Revenue": NaN,
        "Gross Profit": NaN,
        "Operating Income": NaN,
        "EBIT": NaN,
        "Net Income": NaN
    },
    "2011-12-31": {
        "Diluted EPS": 0.0,
        "Total Revenue": NaN,
        "Gross Profit": NaN,
        "Operating Income": NaN,
        "EBIT": NaN,
        "Net Income": NaN
    },
    "2023-09-30": {
        "Tax Effect Of Unusual Items": 0.0,
        "Tax Rate For Calcs": 0.174289,
        "Total Unusual Items": 0.0,
        "Total Unusual Items Excluding Goodwill": 0.0,
        "Net Income From Continuing Operation Net Minority Interest": 2672000.0,
        "Reconciled Depreciation": 713000.0,
        "Net Interest Income": 10692000.0,
        "Interest Expense": 5157000.0,
        "Interest Income": 15849000.0,
        "Normalized Income": 2672000.0,
        "Net Income From Continuing And Discontinued Operation": 2672000.0,
        "Diluted Average Shares": 5126546.0,
        "Basic Average Shares": 5115026.0,
        "Diluted EPS": 0.52,
        "Basic EPS": 0.52,
        "Diluted NI Availto Com Stockholders": 2672000.0,
        "Net Income Common Stockholders": 2672000.0,
        "Net Income": 2672000.0,
        "Net Income Including Noncontrolling Interests": 2672000.0,
        "Net Income Continuous Operations": 2672000.0,
        "Tax Provision": 564000.0,
        "Pretax Income": 3236000.0,
        "Special Income Charges": 0.0,
        "Gain On Sale Of Business": 0.0,
        "Other Special Charges": NaN,
        "Gain On Sale Of Security": -37000.0,
        "Depreciation Amortization Depletion Income Statement": 445000.0,
        "Depreciation And Amortization In Income Statement": 445000.0,
        "Amortization": 445000.0,
        "Amortization Of Intangibles Income Statement": 445000.0,
        "Selling General And Administration": 5672000.0,
        "Selling And Marketing Expense": 114000.0,
        "General And Administrative Expense": 5558000.0,
        "Insurance And Claims": 189000.0,
        "Salaries And Wages": 5369000.0,
        "Total Revenue": 12843000.0,
        "Operating Revenue": 12843000.0,
        "Occupancy And Equipment": 963000.0,
        "Professional Expense And Contract Services Expense": 320000.0,
        "Other Non Interest Expense": 1801000.0
    },
    "2023-12-31": {
        "Tax Effect Of Unusual Items": 7173226.306877,
        "Tax Rate For Calcs": 0.291856,
        "Total Unusual Items": 24578000.0,
        "Total Unusual Items Excluding Goodwill": 24578000.0,
        "Net Income From Continuing Operation Net Minority Interest": 12964000.0,
        "Reconciled Depreciation": 604000.0,
        "Net Interest Income": 11102000.0,
        "Interest Expense": 5770000.0,
        "Interest Income": 16872000.0,
        "Normalized Income": -4440773.693123,
        "Net Income From Continuing And Discontinued Operation": 12964000.0,
        "Diluted Average Shares": 5135997.0,
        "Basic Average Shares": 5119184.0,
        "Diluted EPS": 2.52,
        "Basic EPS": 2.53,
        "Diluted NI Availto Com Stockholders": 12964000.0,
        "Net Income Common Stockholders": 12964000.0,
        "Net Income": 12964000.0,
        "Net Income Including Noncontrolling Interests": 12964000.0,
        "Net Income Continuous Operations": 12964000.0,
        "Tax Provision": 5343000.0,
        "Pretax Income": 18307000.0,
        "Special Income Charges": 24578000.0,
        "Gain On Sale Of Business": NaN,
        "Other Special Charges": 0.0,
        "Gain On Sale Of Security": -9830000.0,
        "Depreciation Amortization Depletion Income Statement": 430000.0,
        "Depreciation And Amortization In Income Statement": 430000.0,
        "Amortization": 430000.0,
        "Amortization Of Intangibles Income Statement": 430000.0,
        "Selling General And Administration": 6654000.0,
        "Selling And Marketing Expense": 158000.0,
        "General And Administrative Expense": 6496000.0,
        "Insurance And Claims": 272000.0,
        "Salaries And Wages": 6224000.0,
        "Total Revenue": 2676000.0,
        "Operating Revenue": 2676000.0,
        "Occupancy And Equipment": 1108000.0,
        "Professional Expense And Contract Services Expense": 434000.0,
        "Other Non Interest Expense": 1740000.0
    },
    "2024-03-31": {
        "Tax Effect Of Unusual Items": 49272.869429,
        "Tax Rate For Calcs": 0.179828,
        "Total Unusual Items": 274000.0,
        "Total Unusual Items Excluding Goodwill": 274000.0,
        "Net Income From Continuing Operation Net Minority Interest": 4196000.0,
        "Reconciled Depreciation": 718000.0,
        "Net Interest Income": 11564000.0,
        "Interest Expense": 6395000.0,
        "Interest Income": 17959000.0,
        "Normalized Income": 3971272.869429,
        "Net Income From Continuing And Discontinued Operation": 4196000.0,
        "Diluted Average Shares": 5142286.0,
        "Basic Average Shares": 5129903.0,
        "Diluted EPS": 0.82,
        "Basic EPS": 0.82,
        "Diluted NI Availto Com Stockholders": 4196000.0,
        "Net Income Common Stockholders": 4196000.0,
        "Net Income": 4196000.0,
        "Net Income Including Noncontrolling Interests": 4196000.0,
        "Net Income Continuous Operations": 4196000.0,
        "Tax Provision": 920000.0,
        "Pretax Income": 5116000.0,
        "Special Income Charges": 274000.0,
        "Gain On Sale Of Business": NaN,
        "Other Special Charges": -274000.0,
        "Gain On Sale Of Security": -166000.0,
        "Depreciation Amortization Depletion Income Statement": 341000.0,
        "Depreciation And Amortization In Income Statement": 341000.0,
        "Amortization": 341000.0,
        "Amortization Of Intangibles Income Statement": 341000.0,
        "Selling General And Administration": 4834000.0,
        "Selling And Marketing Expense": 129000.0,
        "General And Administrative Expense": 4705000.0,
        "Insurance And Claims": 129000.0,
        "Salaries And Wages": 4576000.0,
        "Total Revenue": 12952000.0,
        "Operating Revenue": 12952000.0,
        "Occupancy And Equipment": 1013000.0,
        "Professional Expense And Contract Services Expense": 212000.0,
        "Other Non Interest Expense": 1747000.0
    },
    "2024-06-30": {
        "Tax Effect Of Unusual Items": 0.0,
        "Tax Rate For Calcs": 0.174455,
        "Total Unusual Items": 0.0,
        "Total Unusual Items Excluding Goodwill": 0.0,
        "Net Income From Continuing Operation Net Minority Interest": 2650000.0,
        "Reconciled Depreciation": 682000.0,
        "Net Interest Income": 11443000.0,
        "Interest Expense": 7469000.0,
        "Interest Income": 18912000.0,
        "Normalized Income": 2650000.0,
        "Net Income From Continuing And Discontinued Operation": 2650000.0,
        "Diluted Average Shares": 5152657.0,
        "Basic Average Shares": 5142139.0,
        "Diluted EPS": 0.51,
        "Basic EPS": 0.52,
        "Diluted NI Availto Com Stockholders": 2650000.0,
        "Net Income Common Stockholders": 2650000.0,
        "Net Income": 2650000.0,
        "Net Income Including Noncontrolling Interests": 2650000.0,
        "Net Income Continuous Operations": 2650000.0,
        "Tax Provision": 560000.0,
        "Pretax Income": 3210000.0,
        "Special Income Charges": 0.0,
        "Gain On Sale Of Business": NaN,
        "Other Special Charges": NaN,
        "Gain On Sale Of Security": -31000.0,
        "Depreciation Amortization Depletion Income Statement": 264000.0,
        "Depreciation And Amortization In Income Statement": 264000.0,
        "Amortization": 264000.0,
        "Amortization Of Intangibles Income Statement": 264000.0,
        "Selling General And Administration": 4664000.0,
        "Selling And Marketing Expense": 78000.0,
        "General And Administrative Expense": 4586000.0,
        "Insurance And Claims": 161000.0,
        "Salaries And Wages": 4425000.0,
        "Total Revenue": 11768000.0,
        "Operating Revenue": 11768000.0,
        "Occupancy And Equipment": 1238000.0,
        "Professional Expense And Contract Services Expense": 208000.0,
        "Other Non Interest Expense": 2220000.0
    },
    "2024-09-30": {
        "Tax Effect Of Unusual Items": 25992.435703,
        "Tax Rate For Calcs": 0.188351,
        "Total Unusual Items": 138000.0,
        "Total Unusual Items Excluding Goodwill": 138000.0,
        "Net Income From Continuing Operation Net Minority Interest": 3219000.0,
        "Reconciled Depreciation": 573000.0,
        "Net Interest Income": 11446000.0,
        "Interest Expense": 8299000.0,
        "Interest Income": 19745000.0,
        "Normalized Income": 3106992.435703,
        "Net Income From Continuing And Discontinued Operation": 3219000.0,
        "Diluted Average Shares": 5346750.0,
        "Basic Average Shares": 5137586.0,
        "Diluted EPS": 0.6,
        "Basic EPS": 0.63,
        "Diluted NI Availto Com Stockholders": 3219000.0,
        "Net Income Common Stockholders": 3219000.0,
        "Net Income": 3219000.0,
        "Net Income Including Noncontrolling Interests": 3219000.0,
        "Net Income Continuous Operations": 3219000.0,
        "Tax Provision": 747000.0,
        "Pretax Income": 3966000.0,
        "Special Income Charges": 138000.0,
        "Gain On Sale Of Business": 138000.0,
        "Other Special Charges": NaN,
        "Gain On Sale Of Security": 245000.0,
        "Depreciation Amortization Depletion Income Statement": 264000.0,
        "Depreciation And Amortization In Income Statement": 264000.0,
        "Amortization": 264000.0,
        "Amortization Of Intangibles Income Statement": 264000.0,
        "Selling General And Administration": 4879000.0,
        "Selling And Marketing Expense": 141000.0,
        "General And Administrative Expense": 4738000.0,
        "Insurance And Claims": 177000.0,
        "Salaries And Wages": 4561000.0,
        "Total Revenue": 12138000.0,
        "Operating Revenue": 12138000.0,
        "Occupancy And Equipment": 1035000.0,
        "Professional Expense And Contract Services Expense": 297000.0,
        "Other Non Interest Expense": 1876000.0
    }
}