{
    "2023-04-30": {
        "Tax Effect Of Unusual Items": -2916900.0,
        "Tax Rate For Calcs": 0.21,
        "Normalized EBITDA": 60307000.0,
        "Total Unusual Items": -13890000.0,
        "Total Unusual Items Excluding Goodwill": -13890000.0,
        "Net Income From Continuing Operation Net Minority Interest": 13968000.0,
        "Reconciled Depreciation": 29627000.0,
        "Reconciled Cost Of Revenue": 560074000.0,
        "EBITDA": 46417000.0,
        "EBIT": 16790000.0,
        "Net Interest Income": -4536000.0,
        "Interest Expense": 4536000.0,
        "Normalized Income": 24941100.0,
        "Net Income From Continuing And Discontinued Operation": 13968000.0,
        "Total Expenses": 802009000.0,
        "Total Operating Income As Reported": 16790000.0,
        "Diluted Average Shares": 22254511.0,
        "Basic Average Shares": 22152002.0,
        "Diluted EPS": 0.63,
        "Basic EPS": 0.63,
        "Diluted NI Availto Com Stockholders": 13968000.0,
        "Net Income Common Stockholders": 13968000.0,
        "Net Income": 13968000.0,
        "Net Income Including Noncontrolling Interests": 13968000.0,
        "Net Income Continuous Operations": 13968000.0,
        "Tax Provision": -1714000.0,
        "Pretax Income": 12254000.0,
        "Other Income Expense": -13890000.0,
        "Special Income Charges": -13890000.0,
        "Write Off": 13890000.0,
        "Net Non Operating Interest Income Expense": -4536000.0,
        "Interest Expense Non Operating": 4536000.0,
        "Operating Income": 30680000.0,
        "Operating Expense": 241935000.0,
        "Other Operating Expenses": 196886000.0,
        "Selling General And Administration": 45049000.0,
        "General And Administrative Expense": 45049000.0,
        "Other Gand A": 45049000.0,
        "Gross Profit": 272615000.0,
        "Cost Of Revenue": 560074000.0,
        "Total Revenue": 832689000.0,
        "Operating Revenue": 832689000.0
    },
    "2023-01-31": {
        "Tax Effect Of Unusual Items": 0.0,
        "Tax Rate For Calcs": 0.117814,
        "Normalized EBITDA": 38971000.0,
        "Total Unusual Items": NaN,
        "Total Unusual Items Excluding Goodwill": NaN,
        "Net Income From Continuing Operation Net Minority Interest": 30491000.0,
        "Reconciled Depreciation": 28754000.0,
        "Reconciled Cost Of Revenue": 640522000.0,
        "EBITDA": 38971000.0,
        "EBIT": 38971000.0,
        "Net Interest Income": -4408000.0,
        "Interest Expense": 4408000.0,
        "Normalized Income": 30491000.0,
        "Net Income From Continuing And Discontinued Operation": 30491000.0,
        "Total Expenses": 894897000.0,
        "Total Operating Income As Reported": 38971000.0,
        "Diluted Average Shares": 22251835.0,
        "Basic Average Shares": 22173280.0,
        "Diluted EPS": 1.37,
        "Basic EPS": 1.38,
        "Diluted NI Availto Com Stockholders": 30491000.0,
        "Net Income Common Stockholders": 30491000.0,
        "Net Income": 30491000.0,
        "Net Income Including Noncontrolling Interests": 30491000.0,
        "Net Income Continuous Operations": 30491000.0,
        "Tax Provision": 4072000.0,
        "Pretax Income": 34563000.0,
        "Other Income Expense": NaN,
        "Special Income Charges": NaN,
        "Write Off": NaN,
        "Net Non Operating Interest Income Expense": -4408000.0,
        "Interest Expense Non Operating": 4408000.0,
        "Operating Income": 38971000.0,
        "Operating Expense": 254375000.0,
        "Other Operating Expenses": 208857000.0,
        "Selling General And Administration": 45518000.0,
        "General And Administrative Expense": 45518000.0,
        "Other Gand A": 45518000.0,
        "Gross Profit": 293346000.0,
        "Cost Of Revenue": 640522000.0,
        "Total Revenue": 933868000.0,
        "Operating Revenue": 933868000.0
    },
    "2022-10-31": {
        "Tax Effect Of Unusual Items": 0.0,
        "Tax Rate For Calcs": 0.147,
        "Normalized EBITDA": 51594000.0,
        "Total Unusual Items": NaN,
        "Total Unusual Items Excluding Goodwill": NaN,
        "Net Income From Continuing Operation Net Minority Interest": 17129000.0,
        "Reconciled Depreciation": 27975000.0,
        "Reconciled Cost Of Revenue": 573248000.0,
        "EBITDA": 51594000.0,
        "EBIT": 23619000.0,
        "Net Interest Income": -3532000.0,
        "Interest Expense": 3532000.0,
        "Normalized Income": 17129000.0,
        "Net Income From Continuing And Discontinued Operation": 17129000.0,
        "Total Expenses": 815900000.0,
        "Total Operating Income As Reported": 23619000.0,
        "Diluted Average Shares": 22292654.0,
        "Basic Average Shares": 22193774.0,
        "Diluted EPS": 0.77,
        "Basic EPS": 0.77,
        "Diluted NI Availto Com Stockholders": 17129000.0,
        "Net Income Common Stockholders": 17129000.0,
        "Net Income": 17129000.0,
        "Net Income Including Noncontrolling Interests": 17129000.0,
        "Net Income Continuous Operations": 17129000.0,
        "Tax Provision": 2958000.0,
        "Pretax Income": 20087000.0,
        "Other Income Expense": NaN,
        "Special Income Charges": NaN,
        "Write Off": NaN,
        "Net Non Operating Interest Income Expense": -3532000.0,
        "Interest Expense Non Operating": 3532000.0,
        "Operating Income": 23619000.0,
        "Operating Expense": 242652000.0,
        "Other Operating Expenses": 196704000.0,
        "Selling General And Administration": 45948000.0,
        "General And Administrative Expense": 45948000.0,
        "Other Gand A": 45948000.0,
        "Gross Profit": 266271000.0,
        "Cost Of Revenue": 573248000.0,
        "Total Revenue": 839519000.0,
        "Operating Revenue": 839519000.0
    },
    "2022-07-31": {
        "Tax Effect Of Unusual Items": 0.0,
        "Tax Rate For Calcs": 0.4,
        "Normalized EBITDA": 32972000.0,
        "Total Unusual Items": 0.0,
        "Total Unusual Items Excluding Goodwill": 0.0,
        "Net Income From Continuing Operation Net Minority Interest": 33364000.0,
        "Reconciled Depreciation": 29464000.0,
        "Reconciled Cost Of Revenue": 567854000.0,
        "EBITDA": 32972000.0,
        "EBIT": 32972000.0,
        "Net Interest Income": -2620000.0,
        "Interest Expense": 2620000.0,
        "Normalized Income": 33364000.0,
        "Net Income From Continuing And Discontinued Operation": 33364000.0,
        "Total Expenses": 797428000.0,
        "Total Operating Income As Reported": 32972000.0,
        "Diluted Average Shares": 22756686.0,
        "Basic Average Shares": 22666441.0,
        "Diluted EPS": 1.47,
        "Basic EPS": 1.47,
        "Diluted NI Availto Com Stockholders": 33364000.0,
        "Net Income Common Stockholders": 33364000.0,
        "Net Income": 33364000.0,
        "Net Income Including Noncontrolling Interests": 33364000.0,
        "Net Income Continuous Operations": 33364000.0,
        "Tax Provision": -3012000.0,
        "Pretax Income": 30352000.0,
        "Other Income Expense": NaN,
        "Special Income Charges": 0.0,
        "Gain On Sale Of Ppe": 0.0,
        "Write Off": NaN,
        "Net Non Operating Interest Income Expense": -2620000.0,
        "Interest Expense Non Operating": 2620000.0,
        "Operating Income": 32972000.0,
        "Operating Expense": 229574000.0,
        "Other Operating Expenses": 196674000.0,
        "Selling General And Administration": 32900000.0,
        "General And Administrative Expense": 32900000.0,
        "Other Gand A": 32900000.0,
        "Gross Profit": 262546000.0,
        "Cost Of Revenue": 567854000.0,
        "Total Revenue": 830400000.0,
        "Operating Revenue": 830400000.0
    },
    "2022-04-30": {
        "Diluted EPS": 1.19,
        "Total Revenue": 790,
        "Gross Profit": 540,
        "Operating Income": 30,
        "EBIT": 60,
        "Net Income": 28
    },
    "2022-01-31": {
        "Diluted EPS": 1.6,
        "Total Revenue": 862,
        "Gross Profit": 579,
        "Operating Income": 47,
        "EBIT": 76,
        "Net Income": 38
    },
    "2021-10-31": {
        "Diluted EPS": 1.41,
        "Total Revenue": 785,
        "Gross Profit": 542,
        "Operating Income": 43,
        "EBIT": 72,
        "Net Income": 33
    },
    "2021-07-31": {
        "Diluted EPS": 1.53,
        "Total Revenue": 784,
        "Gross Profit": 549,
        "Operating Income": 63,
        "EBIT": 94,
        "Net Income": 36
    },
    "2021-04-30": {
        "Diluted EPS": 1.41,
        "Total Revenue": 713,
        "Gross Profit": 508,
        "Operating Income": 52,
        "EBIT": 83,
        "Net Income": 33
    },
    "2021-01-31": {
        "Diluted EPS": 0.59,
        "Total Revenue": 677,
        "Gross Profit": 452,
        "Operating Income": 14,
        "EBIT": 45,
        "Net Income": 14
    },
    "2020-10-31": {
        "Diluted EPS": 7.18,
        "Total Revenue": 646,
        "Gross Profit": 447,
        "Operating Income": 237,
        "EBIT": 267,
        "Net Income": 171
    },
    "2020-07-31": {
        "Diluted EPS": 1.11,
        "Total Revenue": 495,
        "Gross Profit": 344,
        "Operating Income": 40,
        "EBIT": 70,
        "Net Income": 25
    },
    "2020-04-30": {
        "Diluted EPS": -6.81,
        "Total Revenue": 433,
        "Gross Profit": 295,
        "Operating Income": -79,
        "EBIT": -49,
        "Net Income": -162
    },
    "2020-01-31": {
        "Diluted EPS": 2.55,
        "Total Revenue": 846,
        "Gross Profit": 574,
        "Operating Income": 79,
        "EBIT": 109,
        "Net Income": 61
    },
    "2019-10-31": {
        "Diluted EPS": 1.79,
        "Total Revenue": 749,
        "Gross Profit": 529,
        "Operating Income": 63,
        "EBIT": 92,
        "Net Income": 43
    },
    "2019-07-31": {
        "Diluted EPS": 2.7,
        "Total Revenue": 787,
        "Gross Profit": 561,
        "Operating Income": 79,
        "EBIT": 108,
        "Net Income": 65
    },
    "2019-04-30": {
        "Diluted EPS": 2.09,
        "Total Revenue": 740,
        "Gross Profit": 523,
        "Operating Income": 65,
        "EBIT": 93,
        "Net Income": 50
    },
    "2019-01-31": {
        "Diluted EPS": 2.52,
        "Total Revenue": 812,
        "Gross Profit": 547,
        "Operating Income": 77,
        "EBIT": 103,
        "Net Income": 61
    },
    "2018-10-31": {
        "Diluted EPS": 1.96,
        "Total Revenue": 734,
        "Gross Profit": 511,
        "Operating Income": 62,
        "EBIT": 87,
        "Net Income": 47
    },
    "2018-07-31": {
        "Diluted EPS": 2.55,
        "Total Revenue": 811,
        "Gross Profit": 565,
        "Operating Income": 83,
        "EBIT": 108,
        "Net Income": 61
    },
    "2018-04-30": {
        "Diluted EPS": 2.03,
        "Total Revenue": 721,
        "Gross Profit": 504,
        "Operating Income": 63,
        "EBIT": 87,
        "Net Income": 49
    },
    "2018-01-31": {
        "Diluted EPS": 3.79,
        "Total Revenue": 788,
        "Gross Profit": 527,
        "Operating Income": 77,
        "EBIT": 99,
        "Net Income": 91
    },
    "2017-10-31": {
        "Diluted EPS": 1.92,
        "Total Revenue": 710,
        "Gross Profit": 500,
        "Operating Income": 71,
        "EBIT": 92,
        "Net Income": 46
    },
    "2017-07-31": {
        "Diluted EPS": 2.22,
        "Total Revenue": 743,
        "Gross Profit": 526,
        "Operating Income": 83,
        "EBIT": 106,
        "Net Income": 54
    },
    "2017-04-30": {
        "Diluted EPS": 1.95,
        "Total Revenue": 700,
        "Gross Profit": 495,
        "Operating Income": 71,
        "EBIT": 93,
        "Net Income": 47
    },
    "2017-01-31": {
        "Diluted EPS": 2.19,
        "Total Revenue": 773,
        "Gross Profit": 518,
        "Operating Income": 83,
        "EBIT": 104,
        "Net Income": 53
    },
    "2016-10-31": {
        "Diluted EPS": 2.01,
        "Total Revenue": 710,
        "Gross Profit": 497,
        "Operating Income": 76,
        "EBIT": 96,
        "Net Income": 48
    },
    "2016-07-31": {
        "Diluted EPS": 2.11,
        "Total Revenue": 746,
        "Gross Profit": 518,
        "Operating Income": 78,
        "EBIT": 98,
        "Net Income": 51
    },
    "2016-04-30": {
        "Diluted EPS": 2.04,
        "Total Revenue": 700,
        "Gross Profit": 488,
        "Operating Income": 67,
        "EBIT": 87,
        "Net Income": 49
    },
    "2016-01-31": {
        "Diluted EPS": 2.01,
        "Total Revenue": 764,
        "Gross Profit": 499,
        "Operating Income": 71,
        "EBIT": 90,
        "Net Income": 48
    },
    "2015-10-31": {
        "Diluted EPS": 1.7,
        "Total Revenue": 703,
        "Gross Profit": 480,
        "Operating Income": 65,
        "EBIT": 84,
        "Net Income": 41
    },
    "2015-07-31": {
        "Diluted EPS": 1.97,
        "Total Revenue": 719,
        "Gross Profit": 496,
        "Operating Income": 73,
        "EBIT": 92,
        "Net Income": 47
    },
    "2015-04-30": {
        "Diluted EPS": 1.47,
        "Total Revenue": 684,
        "Gross Profit": 468,
        "Operating Income": 55,
        "EBIT": 74,
        "Net Income": 35
    },
    "2015-01-31": {
        "Diluted EPS": 1.96,
        "Total Revenue": 756,
        "Gross Profit": 494,
        "Operating Income": 71,
        "EBIT": 89,
        "Net Income": 47
    },
    "2014-10-31": {
        "Diluted EPS": 1.42,
        "Total Revenue": 683,
        "Gross Profit": 461,
        "Operating Income": 55,
        "EBIT": 73,
        "Net Income": 34
    },
    "2014-07-31": {
        "Diluted EPS": 1.62,
        "Total Revenue": 693,
        "Gross Profit": 470,
        "Operating Income": 60,
        "EBIT": 78,
        "Net Income": 39
    },
    "2014-04-30": {
        "Diluted EPS": 1.2,
        "Total Revenue": 643,
        "Gross Profit": 442,
        "Operating Income": 45,
        "EBIT": 63,
        "Net Income": 29
    },
    "2014-01-31": {
        "Diluted EPS": 1.55,
        "Total Revenue": 698,
        "Gross Profit": 455,
        "Operating Income": 59,
        "EBIT": 76,
        "Net Income": 37
    },
    "2013-10-31": {
        "Diluted EPS": 1.14,
        "Total Revenue": 649,
        "Gross Profit": 443,
        "Operating Income": 44,
        "EBIT": 61,
        "Net Income": 27
    },
    "2013-07-31": {
        "Diluted EPS": 1.44,
        "Total Revenue": 674,
        "Gross Profit": 463,
        "Operating Income": 55,
        "EBIT": 72,
        "Net Income": 34
    },
    "2013-04-30": {
        "Diluted EPS": 1.02,
        "Total Revenue": 640,
        "Gross Profit": 438,
        "Operating Income": 44,
        "EBIT": 61,
        "Net Income": 25
    },
    "2013-01-31": {
        "Diluted EPS": 1.47,
        "Total Revenue": 703,
        "Gross Profit": 458,
        "Operating Income": 57,
        "EBIT": 74,
        "Net Income": 35
    },
    "2012-10-31": {
        "Diluted EPS": 0.97,
        "Total Revenue": 627,
        "Gross Profit": 430,
        "Operating Income": 45,
        "EBIT": 61,
        "Net Income": 23
    },
    "2012-07-31": {
        "Diluted EPS": 1.46,
        "Total Revenue": 700,
        "Gross Profit": 484,
        "Operating Income": 60,
        "EBIT": 77,
        "Net Income": 35
    },
    "2012-04-30": {
        "Diluted EPS": 0.81,
        "Total Revenue": 609,
        "Gross Profit": 419,
        "Operating Income": 39,
        "EBIT": 56,
        "Net Income": 19
    },
    "2012-01-31": {
        "Diluted EPS": 1.1,
        "Total Revenue": 673,
        "Gross Profit": 438,
        "Operating Income": 47,
        "EBIT": 63,
        "Net Income": 26
    },
    "2011-10-31": {
        "Diluted EPS": 1.03,
        "Total Revenue": 598,
        "Gross Profit": 412,
        "Operating Income": 45,
        "EBIT": 60,
        "Net Income": 24
    },
    "2011-07-31": {
        "Diluted EPS": 0.76,
        "Total Revenue": 613,
        "Gross Profit": 419,
        "Operating Income": 38,
        "EBIT": 54,
        "Net Income": 18
    },
    "2011-04-30": {
        "Diluted EPS": 0.64,
        "Total Revenue": 583,
        "Gross Profit": 403,
        "Operating Income": 31,
        "EBIT": 47,
        "Net Income": 15
    },
    "2011-01-31": {
        "Diluted EPS": 1.2,
        "Total Revenue": 640,
        "Gross Profit": 421,
        "Operating Income": 52,
        "EBIT": 68,
        "Net Income": 29
    },
    "2010-10-31": {
        "Diluted EPS": 1.01,
        "Total Revenue": 599,
        "Gross Profit": 419,
        "Operating Income": 45,
        "EBIT": 60,
        "Net Income": 24
    },
    "2010-07-31": {
        "Diluted EPS": 1.14,
        "Total Revenue": 612,
        "Gross Profit": 429,
        "Operating Income": 45,
        "EBIT": 61,
        "Net Income": 27
    },
    "2010-04-30": {
        "Diluted EPS": 0.61,
        "Total Revenue": 578,
        "Gross Profit": 405,
        "Operating Income": 32,
        "EBIT": 47,
        "Net Income": 14
    },
    "2010-01-31": {
        "Diluted EPS": 1.09,
        "Total Revenue": 633,
        "Gross Profit": 421,
        "Operating Income": 49,
        "EBIT": 66,
        "Net Income": 25
    },
    "2009-10-31": {
        "Diluted EPS": 0.78,
        "Total Revenue": 581,
        "Gross Profit": 404,
        "Operating Income": 38,
        "EBIT": 52,
        "Net Income": 18
    },
    "2009-07-31": {
        "Diluted EPS": 0.99,
        "Total Revenue": 596,
        "Gross Profit": 411,
        "Operating Income": 41,
        "EBIT": 57,
        "Net Income": 23
    },
    "2009-04-30": {
        "Diluted EPS": 0.52,
        "Total Revenue": 568,
        "Gross Profit": 391,
        "Operating Income": 29,
        "EBIT": 44,
        "Net Income": 12
    },
    "2009-01-31": {
        "Diluted EPS": 0.81,
        "Total Revenue": 630,
        "Gross Profit": 408,
        "Operating Income": 39,
        "EBIT": 54,
        "Net Income": 18
    },
    "2023-07-31": {
        "Tax Effect Of Unusual Items": -22890.0,
        "Tax Rate For Calcs": 0.21,
        "Normalized EBITDA": 72210000.0,
        "Total Unusual Items": -109000.0,
        "Total Unusual Items Excluding Goodwill": -109000.0,
        "Net Income From Continuing Operation Net Minority Interest": 37462000.0,
        "Reconciled Depreciation": 30864000.0,
        "Reconciled Cost Of Revenue": 562442000.0,
        "EBITDA": 72101000.0,
        "EBIT": 41237000.0,
        "Net Interest Income": -4530000.0,
        "Interest Expense": 4530000.0,
        "Normalized Income": 37548110.0,
        "Net Income From Continuing And Discontinued Operation": 37462000.0,
        "Total Expenses": 795386000.0,
        "Total Operating Income As Reported": 41237000.0,
        "Diluted Average Shares": 22262598.0,
        "Basic Average Shares": 22152445.0,
        "Diluted EPS": 1.68,
        "Basic EPS": 1.69,
        "Diluted NI Availto Com Stockholders": 37462000.0,
        "Net Income Common Stockholders": 37462000.0,
        "Net Income": 37462000.0,
        "Net Income Including Noncontrolling Interests": 37462000.0,
        "Net Income Continuous Operations": 37462000.0,
        "Tax Provision": -755000.0,
        "Pretax Income": 36707000.0,
        "Other Income Expense": -109000.0,
        "Special Income Charges": -109000.0,
        "Write Off": 109000.0,
        "Net Non Operating Interest Income Expense": -4530000.0,
        "Interest Expense Non Operating": 4530000.0,
        "Operating Income": 41346000.0,
        "Operating Expense": 232944000.0,
        "Other Operating Expenses": 195368000.0,
        "Selling General And Administration": 37576000.0,
        "General And Administrative Expense": 37576000.0,
        "Other Gand A": 37576000.0,
        "Gross Profit": 274290000.0,
        "Cost Of Revenue": 562442000.0,
        "Total Revenue": 836732000.0,
        "Operating Revenue": 836732000.0
    },
    "2023-10-31": {
        "Tax Effect Of Unusual Items": 0.0,
        "Tax Rate For Calcs": 0.157375,
        "Normalized EBITDA": 41266000.0,
        "Total Unusual Items": NaN,
        "Total Unusual Items Excluding Goodwill": NaN,
        "Net Income From Continuing Operation Net Minority Interest": 5456000.0,
        "Reconciled Depreciation": 29853000.0,
        "Reconciled Cost Of Revenue": 560006000.0,
        "EBITDA": 41266000.0,
        "EBIT": 11413000.0,
        "Net Interest Income": -4938000.0,
        "Interest Expense": 4938000.0,
        "Normalized Income": 5456000.0,
        "Net Income From Continuing And Discontinued Operation": 5456000.0,
        "Total Expenses": 812426000.0,
        "Total Operating Income As Reported": 11413000.0,
        "Diluted Average Shares": 22263690.0,
        "Basic Average Shares": 22165852.0,
        "Diluted EPS": 0.25,
        "Basic EPS": 0.25,
        "Diluted NI Availto Com Stockholders": 5456000.0,
        "Net Income Common Stockholders": 5456000.0,
        "Net Income": 5456000.0,
        "Net Income Including Noncontrolling Interests": 5456000.0,
        "Net Income Continuous Operations": 5456000.0,
        "Tax Provision": 1019000.0,
        "Pretax Income": 6475000.0,
        "Other Income Expense": NaN,
        "Special Income Charges": NaN,
        "Write Off": NaN,
        "Net Non Operating Interest Income Expense": -4938000.0,
        "Interest Expense Non Operating": 4938000.0,
        "Operating Income": 11413000.0,
        "Operating Expense": 252420000.0,
        "Other Operating Expenses": 203685000.0,
        "Selling General And Administration": 48735000.0,
        "General And Administrative Expense": 48735000.0,
        "Other Gand A": 48735000.0,
        "Gross Profit": 263833000.0,
        "Cost Of Revenue": 560006000.0,
        "Total Revenue": 823839000.0,
        "Operating Revenue": 823839000.0
    }
}