{
    "2023-06-30": {
        "Tax Effect Of Unusual Items": 0.0,
        "Tax Rate For Calcs": 0.22,
        "Net Income From Continuing Operation Net Minority Interest": 127789000.0,
        "Reconciled Depreciation": 12599000.0,
        "Net Interest Income": 249538000.0,
        "Interest Expense": 99125000.0,
        "Interest Income": 348663000.0,
        "Normalized Income": 127789000.0,
        "Net Income From Continuing And Discontinued Operation": 127789000.0,
        "Diluted Average Shares": 130208000.0,
        "Basic Average Shares": 130079000.0,
        "Diluted EPS": 0.97,
        "Basic EPS": 0.97,
        "Diluted NI Availto Com Stockholders": 126661000.0,
        "Average Dilution Earnings": 0.0,
        "Net Income Common Stockholders": 126661000.0,
        "Otherunder Preferred Stock Dividend": 1128000.0,
        "Net Income": 127789000.0,
        "Minority Interests": -2674000.0,
        "Net Income Including Noncontrolling Interests": 130463000.0,
        "Net Income Continuous Operations": 130463000.0,
        "Tax Provision": 35990000.0,
        "Pretax Income": 166453000.0,
        "Gain On Sale Of Security": 3392000.0,
        "Selling General And Administration": 155984000.0,
        "Selling And Marketing Expense": 6368000.0,
        "General And Administrative Expense": 149616000.0,
        "Insurance And Claims": 4187000.0,
        "Salaries And Wages": 145429000.0,
        "Total Revenue": 400535000.0,
        "Operating Revenue": 400535000.0,
        "Occupancy And Equipment": 17859000.0,
        "Other Non Interest Expense": 53768000.0
    },
    "2023-03-31": {
        "Tax Effect Of Unusual Items": NaN,
        "Tax Rate For Calcs": NaN,
        "Net Income From Continuing Operation Net Minority Interest": NaN,
        "Reconciled Depreciation": NaN,
        "Net Interest Income": NaN,
        "Interest Expense": NaN,
        "Interest Income": NaN,
        "Normalized Income": NaN,
        "Net Income From Continuing And Discontinued Operation": NaN,
        "Diluted Average Shares": NaN,
        "Basic Average Shares": NaN,
        "Diluted EPS": NaN,
        "Basic EPS": NaN,
        "Diluted NI Availto Com Stockholders": NaN,
        "Average Dilution Earnings": NaN,
        "Net Income Common Stockholders": NaN,
        "Otherunder Preferred Stock Dividend": NaN,
        "Net Income": NaN,
        "Minority Interests": NaN,
        "Net Income Including Noncontrolling Interests": NaN,
        "Net Income Continuous Operations": NaN,
        "Tax Provision": NaN,
        "Pretax Income": NaN,
        "Gain On Sale Of Security": NaN,
        "Selling General And Administration": NaN,
        "Selling And Marketing Expense": NaN,
        "General And Administrative Expense": NaN,
        "Insurance And Claims": 4643000.0,
        "Salaries And Wages": NaN,
        "Total Revenue": NaN,
        "Operating Revenue": NaN,
        "Occupancy And Equipment": NaN,
        "Other Non Interest Expense": NaN
    },
    "2022-12-31": {
        "Tax Effect Of Unusual Items": 0.0,
        "Tax Rate For Calcs": 0.205164,
        "Net Income From Continuing Operation Net Minority Interest": 131628000.0,
        "Reconciled Depreciation": 11506000.0,
        "Net Interest Income": 254641000.0,
        "Interest Expense": 31736000.0,
        "Interest Income": 286377000.0,
        "Normalized Income": 131628000.0,
        "Net Income From Continuing And Discontinued Operation": 131628000.0,
        "Diluted Average Shares": 131628000.0,
        "Basic Average Shares": 131628000.0,
        "Diluted EPS": 1.0,
        "Basic EPS": 1.0,
        "Diluted NI Availto Com Stockholders": 130422000.0,
        "Average Dilution Earnings": -4447000.0,
        "Net Income Common Stockholders": 130419000.0,
        "Otherunder Preferred Stock Dividend": 1209000.0,
        "Net Income": 131628000.0,
        "Minority Interests": -2026000.0,
        "Net Income Including Noncontrolling Interests": 133654000.0,
        "Net Income Continuous Operations": 133654000.0,
        "Tax Provision": 34499000.0,
        "Pretax Income": 168153000.0,
        "Gain On Sale Of Security": 8904000.0,
        "Selling General And Administration": 47521000.0,
        "Selling And Marketing Expense": 5419000.0,
        "General And Administrative Expense": 42102000.0,
        "Salaries And Wages": 138458000.0,
        "Total Revenue": 400370000.0,
        "Operating Revenue": 400370000.0
    },
    "2022-09-30": {
        "Tax Effect Of Unusual Items": NaN,
        "Tax Rate For Calcs": NaN,
        "Net Income From Continuing Operation Net Minority Interest": NaN,
        "Reconciled Depreciation": NaN,
        "Net Interest Income": NaN,
        "Interest Expense": NaN,
        "Interest Income": NaN,
        "Normalized Income": NaN,
        "Net Income From Continuing And Discontinued Operation": NaN,
        "Diluted Average Shares": NaN,
        "Basic Average Shares": NaN,
        "Diluted EPS": NaN,
        "Basic EPS": NaN,
        "Diluted NI Availto Com Stockholders": NaN,
        "Average Dilution Earnings": NaN,
        "Net Income Common Stockholders": NaN,
        "Otherunder Preferred Stock Dividend": NaN,
        "Net Income": NaN,
        "Minority Interests": NaN,
        "Net Income Including Noncontrolling Interests": NaN,
        "Net Income Continuous Operations": NaN,
        "Tax Provision": NaN,
        "Pretax Income": NaN,
        "Gain On Sale Of Security": NaN,
        "Selling General And Administration": NaN,
        "Selling And Marketing Expense": NaN,
        "General And Administrative Expense": NaN,
        "Other Gand A": 32631000.0,
        "Insurance And Claims": NaN,
        "Salaries And Wages": NaN,
        "Total Revenue": NaN,
        "Operating Revenue": NaN
    },
    "2022-06-30": {
        "Tax Effect Of Unusual Items": 0.0,
        "Tax Rate For Calcs": 0.2166,
        "Net Income From Continuing Operation Net Minority Interest": 115794000.0,
        "Reconciled Depreciation": 11827000.0,
        "Net Interest Income": 232385000.0,
        "Interest Expense": 5769000.0,
        "Interest Income": 238154000.0,
        "Normalized Income": 115794000.0,
        "Net Income From Continuing And Discontinued Operation": 115794000.0,
        "Diluted Average Shares": 125916000.0,
        "Basic Average Shares": 125637000.0,
        "Diluted EPS": 0.92,
        "Basic EPS": 0.92,
        "Diluted NI Availto Com Stockholders": 115794000.0,
        "Average Dilution Earnings": 2000.0,
        "Net Income Common Stockholders": 115794000.0,
        "Otherunder Preferred Stock Dividend": 1052000.0,
        "Net Income": 115794000.0,
        "Minority Interests": -4359000.0,
        "Net Income Including Noncontrolling Interests": 120153000.0,
        "Net Income Continuous Operations": 120153000.0,
        "Tax Provision": 32021000.0,
        "Pretax Income": 152174000.0,
        "Gain On Sale Of Security": 1029000.0,
        "Selling General And Administration": 180075000.0,
        "Selling And Marketing Expense": 5836000.0,
        "General And Administrative Expense": 174239000.0,
        "Other Gand A": 31996000.0,
        "Salaries And Wages": 142243000.0,
        "Total Revenue": 372841000.0,
        "Operating Revenue": 372841000.0
    },
    "2022-03-31": {
        "Diluted EPS": 0.92,
        "Total Revenue": 351,
        "Gross Profit": 348,
        "Operating Income": 152,
        "EBIT": NaN,
        "Net Income": 117
    },
    "2021-12-31": {
        "Diluted EPS": 0.9,
        "Total Revenue": 348,
        "Gross Profit": 346,
        "Operating Income": 149,
        "EBIT": NaN,
        "Net Income": 119
    },
    "2021-09-30": {
        "Diluted EPS": 0.94,
        "Total Revenue": 368,
        "Gross Profit": 365,
        "Operating Income": 160,
        "EBIT": NaN,
        "Net Income": 121
    },
    "2021-06-30": {
        "Diluted EPS": 1.26,
        "Total Revenue": 367,
        "Gross Profit": 364,
        "Operating Income": 211,
        "EBIT": NaN,
        "Net Income": 161
    },
    "2021-03-31": {
        "Diluted EPS": 1.01,
        "Total Revenue": 356,
        "Gross Profit": 352,
        "Operating Income": 165,
        "EBIT": NaN,
        "Net Income": 130
    },
    "2020-12-31": {
        "Diluted EPS": 1.01,
        "Total Revenue": 362,
        "Gross Profit": 357,
        "Operating Income": 165,
        "EBIT": NaN,
        "Net Income": 130
    },
    "2020-09-30": {
        "Diluted EPS": 0.96,
        "Total Revenue": 369,
        "Gross Profit": 362,
        "Operating Income": 168,
        "EBIT": NaN,
        "Net Income": 125
    },
    "2020-06-30": {
        "Diluted EPS": 0.29,
        "Total Revenue": 327,
        "Gross Profit": 316,
        "Operating Income": 48,
        "EBIT": NaN,
        "Net Income": 38
    },
    "2020-03-31": {
        "Diluted EPS": 0.38,
        "Total Revenue": 332,
        "Gross Profit": 311,
        "Operating Income": 60,
        "EBIT": NaN,
        "Net Income": 49
    },
    "2019-12-31": {
        "Diluted EPS": 0.81,
        "Total Revenue": 370,
        "Gross Profit": 346,
        "Operating Income": 135,
        "EBIT": NaN,
        "Net Income": 101
    },
    "2019-09-30": {
        "Diluted EPS": 0.8,
        "Total Revenue": 369,
        "Gross Profit": 341,
        "Operating Income": 139,
        "EBIT": NaN,
        "Net Income": 107
    },
    "2019-06-30": {
        "Diluted EPS": 0.79,
        "Total Revenue": 366,
        "Gross Profit": 339,
        "Operating Income": 137,
        "EBIT": NaN,
        "Net Income": 106
    },
    "2019-03-31": {
        "Diluted EPS": 0.7,
        "Total Revenue": 348,
        "Gross Profit": 324,
        "Operating Income": 120,
        "EBIT": NaN,
        "Net Income": 95
    },
    "2018-12-31": {
        "Diluted EPS": 0.79,
        "Total Revenue": 359,
        "Gross Profit": 338,
        "Operating Income": 137,
        "EBIT": NaN,
        "Net Income": 107
    },
    "2018-09-30": {
        "Diluted EPS": 0.81,
        "Total Revenue": 353,
        "Gross Profit": 336,
        "Operating Income": 141,
        "EBIT": NaN,
        "Net Income": 110
    },
    "2018-06-30": {
        "Diluted EPS": 0.79,
        "Total Revenue": 347,
        "Gross Profit": 333,
        "Operating Income": 141,
        "EBIT": NaN,
        "Net Income": 108
    },
    "2018-03-31": {
        "Diluted EPS": 0.72,
        "Total Revenue": 331,
        "Gross Profit": 318,
        "Operating Income": 125,
        "EBIT": NaN,
        "Net Income": 99
    },
    "2017-12-31": {
        "Diluted EPS": 0.67,
        "Total Revenue": 348,
        "Gross Profit": 337,
        "Operating Income": 115,
        "EBIT": NaN,
        "Net Income": 89
    },
    "2017-09-30": {
        "Diluted EPS": 0.53,
        "Total Revenue": 308,
        "Gross Profit": 296,
        "Operating Income": 107,
        "EBIT": NaN,
        "Net Income": 72
    },
    "2017-06-30": {
        "Diluted EPS": 0.56,
        "Total Revenue": 311,
        "Gross Profit": 300,
        "Operating Income": 112,
        "EBIT": NaN,
        "Net Income": 76
    },
    "2017-03-31": {
        "Diluted EPS": 0.51,
        "Total Revenue": 297,
        "Gross Profit": 287,
        "Operating Income": 97,
        "EBIT": NaN,
        "Net Income": 69
    },
    "2016-12-31": {
        "Diluted EPS": 0.51,
        "Total Revenue": 277,
        "Gross Profit": 268,
        "Operating Income": 105,
        "EBIT": NaN,
        "Net Income": 71
    },
    "2016-09-30": {
        "Diluted EPS": 0.49,
        "Total Revenue": 297,
        "Gross Profit": 289,
        "Operating Income": 100,
        "EBIT": NaN,
        "Net Income": 66
    },
    "2016-06-30": {
        "Diluted EPS": 0.49,
        "Total Revenue": 296,
        "Gross Profit": 288,
        "Operating Income": 101,
        "EBIT": NaN,
        "Net Income": 67
    },
    "2016-03-31": {
        "Diluted EPS": 0.46,
        "Total Revenue": 290,
        "Gross Profit": 282,
        "Operating Income": 95,
        "EBIT": NaN,
        "Net Income": 62
    },
    "2015-12-31": {
        "Diluted EPS": 0.45,
        "Total Revenue": 284,
        "Gross Profit": 277,
        "Operating Income": 92,
        "EBIT": NaN,
        "Net Income": 61
    },
    "2015-09-30": {
        "Diluted EPS": 0.45,
        "Total Revenue": 280,
        "Gross Profit": 273,
        "Operating Income": 93,
        "EBIT": NaN,
        "Net Income": 61
    },
    "2015-06-30": {
        "Diluted EPS": 0.51,
        "Total Revenue": 287,
        "Gross Profit": 280,
        "Operating Income": 108,
        "EBIT": NaN,
        "Net Income": 71
    },
    "2015-03-31": {
        "Diluted EPS": 0.41,
        "Total Revenue": 266,
        "Gross Profit": 259,
        "Operating Income": 90,
        "EBIT": NaN,
        "Net Income": 58
    },
    "2014-12-31": {
        "Diluted EPS": 0.42,
        "Total Revenue": 275,
        "Gross Profit": 268,
        "Operating Income": 93,
        "EBIT": NaN,
        "Net Income": 59
    },
    "2014-09-30": {
        "Diluted EPS": 0.47,
        "Total Revenue": 277,
        "Gross Profit": 270,
        "Operating Income": 101,
        "EBIT": NaN,
        "Net Income": 66
    },
    "2014-06-30": {
        "Diluted EPS": 0.45,
        "Total Revenue": 274,
        "Gross Profit": 267,
        "Operating Income": 97,
        "EBIT": NaN,
        "Net Income": 67
    },
    "2014-03-31": {
        "Diluted EPS": 0.43,
        "Total Revenue": 273,
        "Gross Profit": 266,
        "Operating Income": 94,
        "EBIT": NaN,
        "Net Income": 64
    },
    "2013-12-31": {
        "Diluted EPS": 0.44,
        "Total Revenue": 270,
        "Gross Profit": 263,
        "Operating Income": 97,
        "EBIT": NaN,
        "Net Income": 63
    },
    "2013-09-30": {
        "Diluted EPS": 0.46,
        "Total Revenue": 269,
        "Gross Profit": 262,
        "Operating Income": 101,
        "EBIT": NaN,
        "Net Income": 68
    },
    "2013-06-30": {
        "Diluted EPS": 0.45,
        "Total Revenue": 268,
        "Gross Profit": 261,
        "Operating Income": 96,
        "EBIT": NaN,
        "Net Income": 66
    },
    "2013-03-31": {
        "Diluted EPS": 0.41,
        "Total Revenue": 256,
        "Gross Profit": 248,
        "Operating Income": 90,
        "EBIT": NaN,
        "Net Income": 61
    },
    "2012-12-31": {
        "Diluted EPS": 0.45,
        "Total Revenue": 270,
        "Gross Profit": 261,
        "Operating Income": 94,
        "EBIT": NaN,
        "Net Income": 68
    },
    "2012-09-30": {
        "Diluted EPS": 0.44,
        "Total Revenue": 267,
        "Gross Profit": 258,
        "Operating Income": 99,
        "EBIT": NaN,
        "Net Income": 66
    },
    "2012-06-30": {
        "Diluted EPS": 0.47,
        "Total Revenue": 277,
        "Gross Profit": 267,
        "Operating Income": 106,
        "EBIT": NaN,
        "Net Income": 70
    },
    "2012-03-31": {
        "Diluted EPS": 0.43,
        "Total Revenue": 269,
        "Gross Profit": 258,
        "Operating Income": 100,
        "EBIT": NaN,
        "Net Income": 65
    },
    "2011-12-31": {
        "Diluted EPS": 0.41,
        "Total Revenue": 272,
        "Gross Profit": 261,
        "Operating Income": 93,
        "EBIT": NaN,
        "Net Income": 61
    },
    "2011-09-30": {
        "Diluted EPS": 0.42,
        "Total Revenue": 275,
        "Gross Profit": 263,
        "Operating Income": 98,
        "EBIT": NaN,
        "Net Income": 65
    },
    "2011-06-30": {
        "Diluted EPS": 0.44,
        "Total Revenue": 281,
        "Gross Profit": 268,
        "Operating Income": 102,
        "EBIT": NaN,
        "Net Income": 69
    },
    "2011-03-31": {
        "Diluted EPS": 0.39,
        "Total Revenue": 273,
        "Gross Profit": 258,
        "Operating Income": 88,
        "EBIT": NaN,
        "Net Income": 60
    },
    "2010-12-31": {
        "Diluted EPS": 0.4,
        "Total Revenue": 289,
        "Gross Profit": 272,
        "Operating Income": 87,
        "EBIT": NaN,
        "Net Income": 61
    },
    "2010-09-30": {
        "Diluted EPS": 0.35,
        "Total Revenue": 279,
        "Gross Profit": 259,
        "Operating Income": 82,
        "EBIT": NaN,
        "Net Income": 56
    },
    "2010-06-30": {
        "Diluted EPS": 0.38,
        "Total Revenue": 287,
        "Gross Profit": 265,
        "Operating Income": 87,
        "EBIT": NaN,
        "Net Income": 60
    },
    "2010-03-31": {
        "Diluted EPS": 0.28,
        "Total Revenue": 278,
        "Gross Profit": 252,
        "Operating Income": 62,
        "EBIT": NaN,
        "Net Income": 44
    },
    "2009-12-31": {
        "Diluted EPS": 0.31,
        "Total Revenue": 297,
        "Gross Profit": 266,
        "Operating Income": 71,
        "EBIT": NaN,
        "Net Income": 50
    },
    "2009-09-30": {
        "Diluted EPS": 0.33,
        "Total Revenue": 303,
        "Gross Profit": 265,
        "Operating Income": 75,
        "EBIT": NaN,
        "Net Income": 52
    },
    "2009-06-30": {
        "Diluted EPS": 0.24,
        "Total Revenue": 295,
        "Gross Profit": 253,
        "Operating Income": 52,
        "EBIT": NaN,
        "Net Income": 37
    },
    "2009-03-31": {
        "Diluted EPS": 0.2,
        "Total Revenue": 284,
        "Gross Profit": 240,
        "Operating Income": 44,
        "EBIT": NaN,
        "Net Income": 31
    },
    "2023-09-30": {
        "Tax Effect Of Unusual Items": 0.0,
        "Tax Rate For Calcs": 0.217,
        "Net Income From Continuing Operation Net Minority Interest": 120596000.0,
        "Reconciled Depreciation": 12497000.0,
        "Net Interest Income": 248547000.0,
        "Interest Expense": 112615000.0,
        "Interest Income": 361162000.0,
        "Normalized Income": 120596000.0,
        "Net Income From Continuing And Discontinued Operation": 120596000.0,
        "Diluted Average Shares": 130008900.0,
        "Basic Average Shares": 129903900.0,
        "Diluted EPS": 0.914286,
        "Basic EPS": 0.914286,
        "Diluted NI Availto Com Stockholders": 119524000.0,
        "Average Dilution Earnings": 1000.0,
        "Net Income Common Stockholders": 119523000.0,
        "Otherunder Preferred Stock Dividend": 1073000.0,
        "Net Income": 120596000.0,
        "Minority Interests": -2104000.0,
        "Net Income Including Noncontrolling Interests": 122700000.0,
        "Net Income Continuous Operations": 122700000.0,
        "Tax Provision": 33439000.0,
        "Pretax Income": 156139000.0,
        "Gain On Sale Of Security": 4298000.0,
        "Selling General And Administration": 152972000.0,
        "Selling And Marketing Expense": 6167000.0,
        "General And Administrative Expense": 146805000.0,
        "Insurance And Claims": NaN,
        "Salaries And Wages": 146805000.0,
        "Total Revenue": 395794000.0,
        "Operating Revenue": 395794000.0,
        "Occupancy And Equipment": 18645000.0,
        "Other Non Interest Expense": 56393000.0
    },
    "2023-12-31": {
        "Tax Effect Of Unusual Items": 0.0,
        "Tax Rate For Calcs": 0.224716,
        "Net Income From Continuing Operation Net Minority Interest": 109223000.0,
        "Reconciled Depreciation": 12852000.0,
        "Net Interest Income": 248421000.0,
        "Interest Expense": 114188000.0,
        "Interest Income": 362609000.0,
        "Normalized Income": 109223000.0,
        "Net Income From Continuing And Discontinued Operation": 109223000.0,
        "Diluted Average Shares": 130027381.0,
        "Basic Average Shares": 130027381.0,
        "Diluted EPS": 0.84,
        "Basic EPS": 0.84,
        "Diluted NI Availto Com Stockholders": 108240000.0,
        "Average Dilution Earnings": -4240000.0,
        "Net Income Common Stockholders": 108239000.0,
        "Otherunder Preferred Stock Dividend": 984000.0,
        "Net Income": 109223000.0,
        "Minority Interests": -2238000.0,
        "Net Income Including Noncontrolling Interests": 111461000.0,
        "Net Income Continuous Operations": 111461000.0,
        "Tax Provision": 32307000.0,
        "Pretax Income": 143768000.0,
        "Gain On Sale Of Security": 7601000.0,
        "Selling General And Administration": 187124000.0,
        "Selling And Marketing Expense": 6505000.0,
        "General And Administrative Expense": 180619000.0,
        "Insurance And Claims": NaN,
        "Salaries And Wages": 147456000.0,
        "Total Revenue": 400901000.0,
        "Operating Revenue": 400901000.0,
        "Occupancy And Equipment": 19064000.0,
        "Other Non Interest Expense": 45066000.0
    },
    "2024-03-31": {
        "Tax Effect Of Unusual Items": 0.0,
        "Tax Rate For Calcs": 0.219,
        "Net Income From Continuing Operation Net Minority Interest": 112663000.0,
        "Reconciled Depreciation": 13269000.0,
        "Net Interest Income": 248999000.0,
        "Interest Expense": 109722000.0,
        "Interest Income": 358721000.0,
        "Normalized Income": 112663000.0,
        "Net Income From Continuing And Discontinued Operation": 112663000.0,
        "Diluted Average Shares": 129186000.0,
        "Basic Average Shares": 129042000.0,
        "Diluted EPS": 0.86,
        "Basic EPS": 0.87,
        "Diluted NI Availto Com Stockholders": 111620000.0,
        "Average Dilution Earnings": -1043000.0,
        "Net Income Common Stockholders": 111619000.0,
        "Otherunder Preferred Stock Dividend": 1044000.0,
        "Net Income": 112663000.0,
        "Minority Interests": -2789000.0,
        "Net Income Including Noncontrolling Interests": 115452000.0,
        "Net Income Continuous Operations": 115452000.0,
        "Tax Provision": 31652000.0,
        "Pretax Income": 147104000.0,
        "Gain On Sale Of Security": -259000.0,
        "Selling General And Administration": 163854000.0,
        "Selling And Marketing Expense": 4036000.0,
        "General And Administrative Expense": 159818000.0,
        "Insurance And Claims": 8017000.0,
        "Salaries And Wages": 151801000.0,
        "Total Revenue": 397588000.0,
        "Operating Revenue": 397588000.0,
        "Occupancy And Equipment": 18584000.0,
        "Other Non Interest Expense": 63259000.0
    },
    "2024-06-30": {
        "Tax Effect Of Unusual Items": 0.0,
        "Tax Rate For Calcs": 0.217,
        "Net Income From Continuing Operation Net Minority Interest": 139553000.0,
        "Reconciled Depreciation": 13531000.0,
        "Net Interest Income": 262249000.0,
        "Interest Expense": 107114000.0,
        "Interest Income": 369363000.0,
        "Normalized Income": 139553000.0,
        "Net Income From Continuing And Discontinued Operation": 139553000.0,
        "Diluted Average Shares": 128611000.0,
        "Basic Average Shares": 128458000.0,
        "Diluted EPS": 1.07,
        "Basic EPS": 1.07,
        "Diluted NI Availto Com Stockholders": 138241000.0,
        "Average Dilution Earnings": 1000.0,
        "Net Income Common Stockholders": 138240000.0,
        "Otherunder Preferred Stock Dividend": 1313000.0,
        "Net Income": 139553000.0,
        "Minority Interests": -1889000.0,
        "Net Income Including Noncontrolling Interests": 141442000.0,
        "Net Income Continuous Operations": 141442000.0,
        "Tax Provision": 38602000.0,
        "Pretax Income": 180044000.0,
        "Gain On Sale Of Security": 3233000.0,
        "Selling General And Administration": 156830000.0,
        "Selling And Marketing Expense": 5356000.0,
        "General And Administrative Expense": 151474000.0,
        "Insurance And Claims": 2354000.0,
        "Salaries And Wages": 149120000.0,
        "Total Revenue": 417726000.0,
        "Operating Revenue": 417726000.0,
        "Occupancy And Equipment": 17635000.0,
        "Other Non Interest Expense": 57749000.0
    }
}