{
    "2023-03-31": {
        "Tax Effect Of Unusual Items": 0.0,
        "Tax Rate For Calcs": 0.26,
        "Normalized EBITDA": 169000000.0,
        "Total Unusual Items": 0.0,
        "Total Unusual Items Excluding Goodwill": 0.0,
        "Net Income From Continuing Operation Net Minority Interest": 75000000.0,
        "Reconciled Depreciation": 36000000.0,
        "Reconciled Cost Of Revenue": 823000000.0,
        "EBIT": 133000000.0,
        "Net Interest Income": -14000000.0,
        "Interest Expense": 23000000.0,
        "Interest Income": 9000000.0,
        "Normalized Income": 75000000.0,
        "Net Income From Continuing And Discontinued Operation": 75000000.0,
        "Total Expenses": 904000000.0,
        "Total Operating Income As Reported": 129000000.0,
        "Diluted Average Shares": 56800000.0,
        "Basic Average Shares": 56300000.0,
        "Diluted EPS": 1.29,
        "Basic EPS": 1.31,
        "Diluted NI Availto Com Stockholders": 75000000.0,
        "Average Dilution Earnings": 0.0,
        "Net Income Common Stockholders": 75000000.0,
        "Otherunder Preferred Stock Dividend": 2000000.0,
        "Net Income": 75000000.0,
        "Minority Interests": -7000000.0,
        "Net Income Including Noncontrolling Interests": 82000000.0,
        "Net Income Continuous Operations": 82000000.0,
        "Earnings From Equity Interest Net Of Tax": 1000000.0,
        "Tax Provision": 29000000.0,
        "Pretax Income": 110000000.0,
        "Other Income Expense": -5000000.0,
        "Other Non Operating Income Expenses": -5000000.0,
        "Special Income Charges": 0.0,
        "Gain On Sale Of Business": 0.0,
        "Restructuring And Mergern Acquisition": 0.0,
        "Net Non Operating Interest Income Expense": -14000000.0,
        "Interest Expense Non Operating": 23000000.0,
        "Interest Income Non Operating": 9000000.0,
        "Operating Income": 129000000.0,
        "Operating Expense": 81000000.0,
        "Research And Development": 15000000.0,
        "Selling General And Administration": 66000000.0,
        "Gross Profit": 210000000.0,
        "Cost Of Revenue": 823000000.0,
        "Total Revenue": 1033000000.0,
        "Operating Revenue": 1033000000.0
    },
    "2022-12-31": {
        "Tax Effect Of Unusual Items": -720000.0,
        "Tax Rate For Calcs": 0.24,
        "Normalized EBITDA": 144000000.0,
        "Total Unusual Items": -3000000.0,
        "Total Unusual Items Excluding Goodwill": -3000000.0,
        "Net Income From Continuing Operation Net Minority Interest": 54000000.0,
        "Reconciled Depreciation": 35000000.0,
        "Reconciled Cost Of Revenue": 784000000.0,
        "EBIT": 106000000.0,
        "Net Interest Income": -16000000.0,
        "Interest Expense": 22000000.0,
        "Interest Income": 6000000.0,
        "Normalized Income": 56280000.0,
        "Net Income From Continuing And Discontinued Operation": 54000000.0,
        "Total Expenses": 857000000.0,
        "Total Operating Income As Reported": 105000000.0,
        "Diluted Average Shares": 56700000.0,
        "Basic Average Shares": 56300000.0,
        "Diluted EPS": 0.93,
        "Basic EPS": 0.94,
        "Diluted NI Availto Com Stockholders": 54000000.0,
        "Average Dilution Earnings": 0.0,
        "Net Income Common Stockholders": 54000000.0,
        "Otherunder Preferred Stock Dividend": 1000000.0,
        "Net Income": 54000000.0,
        "Minority Interests": -12000000.0,
        "Net Income Including Noncontrolling Interests": 66000000.0,
        "Net Income Continuous Operations": 66000000.0,
        "Earnings From Equity Interest Net Of Tax": 2000000.0,
        "Tax Provision": 20000000.0,
        "Pretax Income": 84000000.0,
        "Other Income Expense": -8000000.0,
        "Other Non Operating Income Expenses": -5000000.0,
        "Special Income Charges": -3000000.0,
        "Gain On Sale Of Business": -3000000.0,
        "Restructuring And Mergern Acquisition": NaN,
        "Net Non Operating Interest Income Expense": -16000000.0,
        "Interest Expense Non Operating": 22000000.0,
        "Interest Income Non Operating": 6000000.0,
        "Operating Income": 108000000.0,
        "Operating Expense": 73000000.0,
        "Research And Development": 13000000.0,
        "Selling General And Administration": 60000000.0,
        "Gross Profit": 181000000.0,
        "Cost Of Revenue": 784000000.0,
        "Total Revenue": 965000000.0,
        "Operating Revenue": 965000000.0
    },
    "2022-09-30": {
        "Tax Effect Of Unusual Items": -230000.0,
        "Tax Rate For Calcs": 0.23,
        "Normalized EBITDA": 183000000.0,
        "Total Unusual Items": -1000000.0,
        "Total Unusual Items Excluding Goodwill": -1000000.0,
        "Net Income From Continuing Operation Net Minority Interest": 94000000.0,
        "Reconciled Depreciation": 35000000.0,
        "Reconciled Cost Of Revenue": 892000000.0,
        "EBIT": 147000000.0,
        "Net Interest Income": -14000000.0,
        "Interest Expense": 18000000.0,
        "Interest Income": 4000000.0,
        "Normalized Income": 94770000.0,
        "Net Income From Continuing And Discontinued Operation": 94000000.0,
        "Total Expenses": 968000000.0,
        "Total Operating Income As Reported": 143000000.0,
        "Diluted Average Shares": 56900000.0,
        "Basic Average Shares": 56500000.0,
        "Diluted EPS": 1.64,
        "Basic EPS": 1.671154,
        "Diluted NI Availto Com Stockholders": 94000000.0,
        "Average Dilution Earnings": NaN,
        "Net Income Common Stockholders": 94000000.0,
        "Otherunder Preferred Stock Dividend": 1000000.0,
        "Net Income": 94000000.0,
        "Minority Interests": -9000000.0,
        "Net Income Including Noncontrolling Interests": 103000000.0,
        "Net Income Continuous Operations": 103000000.0,
        "Earnings From Equity Interest Net Of Tax": 3000000.0,
        "Tax Provision": 29000000.0,
        "Pretax Income": 129000000.0,
        "Other Income Expense": -1000000.0,
        "Other Non Operating Income Expenses": 0.0,
        "Special Income Charges": -1000000.0,
        "Gain On Sale Of Business": -1000000.0,
        "Restructuring And Mergern Acquisition": 0.0,
        "Net Non Operating Interest Income Expense": -14000000.0,
        "Interest Expense Non Operating": 18000000.0,
        "Interest Income Non Operating": 4000000.0,
        "Operating Income": 144000000.0,
        "Operating Expense": 76000000.0,
        "Research And Development": 14000000.0,
        "Selling General And Administration": 62000000.0,
        "Gross Profit": 220000000.0,
        "Cost Of Revenue": 892000000.0,
        "Total Revenue": 1112000000.0,
        "Operating Revenue": 1112000000.0
    },
    "2022-06-30": {
        "Tax Effect Of Unusual Items": -640000.0,
        "Tax Rate For Calcs": 0.32,
        "Normalized EBITDA": 205000000.0,
        "Total Unusual Items": -2000000.0,
        "Total Unusual Items Excluding Goodwill": -2000000.0,
        "Net Income From Continuing Operation Net Minority Interest": 97000000.0,
        "Reconciled Depreciation": 36000000.0,
        "Reconciled Cost Of Revenue": 914000000.0,
        "EBIT": 167000000.0,
        "Net Interest Income": -15000000.0,
        "Interest Expense": 15000000.0,
        "Interest Income": 0.0,
        "Normalized Income": 98360000.0,
        "Net Income From Continuing And Discontinued Operation": 97000000.0,
        "Total Expenses": 979000000.0,
        "Total Operating Income As Reported": 168000000.0,
        "Diluted Average Shares": 56800000.0,
        "Basic Average Shares": 56300000.0,
        "Diluted EPS": 1.69,
        "Basic EPS": 1.7,
        "Diluted NI Availto Com Stockholders": 96000000.0,
        "Average Dilution Earnings": NaN,
        "Net Income Common Stockholders": 96000000.0,
        "Otherunder Preferred Stock Dividend": 1000000.0,
        "Net Income": 97000000.0,
        "Minority Interests": -9000000.0,
        "Net Income Including Noncontrolling Interests": 106000000.0,
        "Net Income Continuous Operations": 106000000.0,
        "Earnings From Equity Interest Net Of Tax": 3000000.0,
        "Tax Provision": 49000000.0,
        "Pretax Income": 152000000.0,
        "Other Income Expense": -3000000.0,
        "Other Non Operating Income Expenses": -1000000.0,
        "Special Income Charges": -2000000.0,
        "Gain On Sale Of Business": -2000000.0,
        "Restructuring And Mergern Acquisition": 0.0,
        "Net Non Operating Interest Income Expense": -15000000.0,
        "Interest Expense Non Operating": 15000000.0,
        "Interest Income Non Operating": 0.0,
        "Operating Income": 170000000.0,
        "Operating Expense": 65000000.0,
        "Research And Development": 14000000.0,
        "Selling General And Administration": 51000000.0,
        "Gross Profit": 235000000.0,
        "Cost Of Revenue": 914000000.0,
        "Total Revenue": 1149000000.0,
        "Operating Revenue": 1149000000.0
    },
    "2022-03-31": {
        "Diluted EPS": 1.84,
        "Total Revenue": NaN,
        "Gross Profit": 232,
        "Operating Income": 161,
        "EBIT": 197,
        "Net Income": 107
    },
    "2021-12-31": {
        "Diluted EPS": -1.57,
        "Total Revenue": 968,
        "Gross Profit": 198,
        "Operating Income": -83,
        "EBIT": -44,
        "Net Income": -89
    },
    "2021-09-30": {
        "Diluted EPS": 0.5,
        "Total Revenue": 904,
        "Gross Profit": 178,
        "Operating Income": 74,
        "EBIT": 117,
        "Net Income": 29
    },
    "2021-06-30": {
        "Diluted EPS": 1.48,
        "Total Revenue": 917,
        "Gross Profit": 214,
        "Operating Income": 134,
        "EBIT": 174,
        "Net Income": 86
    },
    "2021-03-31": {
        "Diluted EPS": 1.3,
        "Total Revenue": 842,
        "Gross Profit": 214,
        "Operating Income": 128,
        "EBIT": 166,
        "Net Income": 75
    },
    "2020-12-31": {
        "Diluted EPS": 1.06,
        "Total Revenue": 746,
        "Gross Profit": 193,
        "Operating Income": 118,
        "EBIT": 157,
        "Net Income": 60
    },
    "2020-09-30": {
        "Diluted EPS": -4.78,
        "Total Revenue": 659,
        "Gross Profit": 137,
        "Operating Income": -70,
        "EBIT": -29,
        "Net Income": -272
    },
    "2020-06-30": {
        "Diluted EPS": -0.12,
        "Total Revenue": 518,
        "Gross Profit": 69,
        "Operating Income": 4,
        "EBIT": 43,
        "Net Income": -6
    },
    "2020-03-31": {
        "Diluted EPS": -0.01,
        "Total Revenue": 710,
        "Gross Profit": 153,
        "Operating Income": 24,
        "EBIT": 63,
        "Net Income": -1
    },
    "2019-12-31": {
        "Diluted EPS": 0.7,
        "Total Revenue": 727,
        "Gross Profit": 141,
        "Operating Income": 63,
        "EBIT": 102,
        "Net Income": 41
    },
    "2019-09-30": {
        "Diluted EPS": 0.55,
        "Total Revenue": 827,
        "Gross Profit": 171,
        "Operating Income": 75,
        "EBIT": 113,
        "Net Income": 33
    },
    "2019-06-30": {
        "Diluted EPS": 0.55,
        "Total Revenue": 845,
        "Gross Profit": 170,
        "Operating Income": 81,
        "EBIT": 118,
        "Net Income": 32
    },
    "2019-03-31": {
        "Diluted EPS": 0.39,
        "Total Revenue": 844,
        "Gross Profit": 178,
        "Operating Income": 73,
        "EBIT": 111,
        "Net Income": 23
    },
    "2018-12-31": {
        "Diluted EPS": 1.14,
        "Total Revenue": 821,
        "Gross Profit": 166,
        "Operating Income": 77,
        "EBIT": 112,
        "Net Income": 69
    },
    "2018-09-30": {
        "Diluted EPS": 1.53,
        "Total Revenue": 850,
        "Gross Profit": 211,
        "Operating Income": 108,
        "EBIT": 140,
        "Net Income": 93
    },
    "2018-06-30": {
        "Diluted EPS": 1.4,
        "Total Revenue": 854,
        "Gross Profit": 197,
        "Operating Income": 106,
        "EBIT": 144,
        "Net Income": 88
    },
    "2018-03-31": {
        "Diluted EPS": -2.8,
        "Total Revenue": 818,
        "Gross Profit": 188,
        "Operating Income": -161,
        "EBIT": -29,
        "Net Income": -173
    },
    "2017-12-31": {
        "Diluted EPS": -1.98,
        "Total Revenue": 720,
        "Gross Profit": 176,
        "Operating Income": 91,
        "EBIT": 130,
        "Net Income": -122
    },
    "2017-09-30": {
        "Diluted EPS": 1.13,
        "Total Revenue": 723,
        "Gross Profit": 168,
        "Operating Income": 80,
        "EBIT": 120,
        "Net Income": 72
    },
    "2017-06-30": {
        "Diluted EPS": 0.73,
        "Total Revenue": 705,
        "Gross Profit": 161,
        "Operating Income": 84,
        "EBIT": 123,
        "Net Income": 47
    },
    "2017-03-31": {
        "Diluted EPS": 1.19,
        "Total Revenue": 678,
        "Gross Profit": 169,
        "Operating Income": 90,
        "EBIT": 128,
        "Net Income": 74
    },
    "2016-12-31": {
        "Diluted EPS": 0.86,
        "Total Revenue": 611,
        "Gross Profit": 159,
        "Operating Income": 84,
        "EBIT": 122,
        "Net Income": 55
    },
    "2016-09-30": {
        "Diluted EPS": 0.79,
        "Total Revenue": 619,
        "Gross Profit": 166,
        "Operating Income": 75,
        "EBIT": 114,
        "Net Income": 49
    },
    "2016-06-30": {
        "Diluted EPS": 0.88,
        "Total Revenue": 621,
        "Gross Profit": 160,
        "Operating Income": 83,
        "EBIT": 123,
        "Net Income": 56
    },
    "2016-03-31": {
        "Diluted EPS": 0.76,
        "Total Revenue": 568,
        "Gross Profit": 150,
        "Operating Income": 77,
        "EBIT": 118,
        "Net Income": 48
    },
    "2015-12-31": {
        "Diluted EPS": -0.11,
        "Total Revenue": 603,
        "Gross Profit": 99,
        "Operating Income": 12,
        "EBIT": 53,
        "Net Income": -7
    },
    "2015-09-30": {
        "Diluted EPS": 0.67,
        "Total Revenue": 671,
        "Gross Profit": 139,
        "Operating Income": 59,
        "EBIT": 101,
        "Net Income": 40
    },
    "2015-06-30": {
        "Diluted EPS": -7.04,
        "Total Revenue": 694,
        "Gross Profit": 150,
        "Operating Income": -494,
        "EBIT": -93,
        "Net Income": -445
    },
    "2015-03-31": {
        "Diluted EPS": 0.41,
        "Total Revenue": 694,
        "Gross Profit": 139,
        "Operating Income": 54,
        "EBIT": 101,
        "Net Income": 26
    },
    "2014-12-31": {
        "Diluted EPS": 0.69,
        "Total Revenue": 812,
        "Gross Profit": 157,
        "Operating Income": 64,
        "EBIT": 109,
        "Net Income": 45
    },
    "2014-09-30": {
        "Diluted EPS": 0.48,
        "Total Revenue": 911,
        "Gross Profit": 182,
        "Operating Income": 87,
        "EBIT": 138,
        "Net Income": 31
    },
    "2014-06-30": {
        "Diluted EPS": 0.78,
        "Total Revenue": 940,
        "Gross Profit": 184,
        "Operating Income": 93,
        "EBIT": 143,
        "Net Income": 52
    },
    "2014-03-31": {
        "Diluted EPS": 0.54,
        "Total Revenue": 898,
        "Gross Profit": 176,
        "Operating Income": 68,
        "EBIT": 117,
        "Net Income": 36
    },
    "2013-12-31": {
        "Diluted EPS": 1.23,
        "Total Revenue": 898,
        "Gross Profit": 179,
        "Operating Income": 87,
        "EBIT": 138,
        "Net Income": 80
    },
    "2013-09-30": {
        "Diluted EPS": 0.73,
        "Total Revenue": 895,
        "Gross Profit": 167,
        "Operating Income": 76,
        "EBIT": 122,
        "Net Income": 47
    },
    "2013-06-30": {
        "Diluted EPS": 0.9,
        "Total Revenue": 901,
        "Gross Profit": 176,
        "Operating Income": 87,
        "EBIT": 132,
        "Net Income": 58
    },
    "2013-03-31": {
        "Diluted EPS": 0.42,
        "Total Revenue": 840,
        "Gross Profit": 143,
        "Operating Income": 50,
        "EBIT": 100,
        "Net Income": 27
    },
    "2012-12-31": {
        "Diluted EPS": 0.31,
        "Total Revenue": 820,
        "Gross Profit": 147,
        "Operating Income": 55,
        "EBIT": 104,
        "Net Income": 20
    },
    "2012-09-30": {
        "Diluted EPS": 0.56,
        "Total Revenue": 839,
        "Gross Profit": 153,
        "Operating Income": 53,
        "EBIT": 98,
        "Net Income": 33
    },
    "2012-06-30": {
        "Diluted EPS": 1.02,
        "Total Revenue": 846,
        "Gross Profit": 175,
        "Operating Income": 90,
        "EBIT": 125,
        "Net Income": 66
    },
    "2012-03-31": {
        "Diluted EPS": 3.7,
        "Total Revenue": 844,
        "Gross Profit": 173,
        "Operating Income": 87,
        "EBIT": 125,
        "Net Income": 240
    },
    "2011-12-31": {
        "Diluted EPS": 0.71,
        "Total Revenue": 762,
        "Gross Profit": 143,
        "Operating Income": 61,
        "EBIT": 97,
        "Net Income": 46
    },
    "2011-09-30": {
        "Diluted EPS": 0.76,
        "Total Revenue": 833,
        "Gross Profit": 141,
        "Operating Income": 61,
        "EBIT": 98,
        "Net Income": 47
    },
    "2011-06-30": {
        "Diluted EPS": 0.92,
        "Total Revenue": 836,
        "Gross Profit": 152,
        "Operating Income": 75,
        "EBIT": 110,
        "Net Income": 60
    },
    "2011-03-31": {
        "Diluted EPS": 0.76,
        "Total Revenue": 739,
        "Gross Profit": 134,
        "Operating Income": 54,
        "EBIT": 89,
        "Net Income": 51
    },
    "2010-12-31": {
        "Diluted EPS": 1.13,
        "Total Revenue": 694,
        "Gross Profit": 131,
        "Operating Income": 53,
        "EBIT": 88,
        "Net Income": 75
    },
    "2010-09-30": {
        "Diluted EPS": 0.54,
        "Total Revenue": 572,
        "Gross Profit": 80,
        "Operating Income": 16,
        "EBIT": 52,
        "Net Income": 32
    },
    "2010-06-30": {
        "Diluted EPS": 0.72,
        "Total Revenue": 753,
        "Gross Profit": 154,
        "Operating Income": 77,
        "EBIT": 117,
        "Net Income": 47
    },
    "2010-03-31": {
        "Diluted EPS": 0.65,
        "Total Revenue": 712,
        "Gross Profit": 140,
        "Operating Income": 60,
        "EBIT": 94,
        "Net Income": 43
    },
    "2009-12-31": {
        "Diluted EPS": 0.44,
        "Total Revenue": 679,
        "Gross Profit": 136,
        "Operating Income": 51,
        "EBIT": 84,
        "Net Income": 29
    },
    "2009-09-30": {
        "Diluted EPS": -0.19,
        "Total Revenue": 475,
        "Gross Profit": 62,
        "Operating Income": 4,
        "EBIT": 49,
        "Net Income": -11
    },
    "2009-06-30": {
        "Diluted EPS": -0.19,
        "Total Revenue": 511,
        "Gross Profit": 68,
        "Operating Income": 2,
        "EBIT": 47,
        "Net Income": -12
    },
    "2009-03-31": {
        "Diluted EPS": -0.93,
        "Total Revenue": 470,
        "Gross Profit": -5,
        "Operating Income": -78,
        "EBIT": -34,
        "Net Income": -58
    },
    "2023-06-30": {
        "Tax Effect Of Unusual Items": 0.0,
        "Tax Rate For Calcs": 0.32,
        "Normalized EBITDA": 190000000.0,
        "Total Unusual Items": 0.0,
        "Total Unusual Items Excluding Goodwill": 0.0,
        "Net Income From Continuing Operation Net Minority Interest": 82000000.0,
        "Reconciled Depreciation": 36000000.0,
        "Reconciled Cost Of Revenue": 745000000.0,
        "EBIT": 154000000.0,
        "Net Interest Income": -17000000.0,
        "Interest Expense": 24000000.0,
        "Interest Income": 7000000.0,
        "Normalized Income": 82000000.0,
        "Net Income From Continuing And Discontinued Operation": 82000000.0,
        "Total Expenses": 818000000.0,
        "Total Operating Income As Reported": 150000000.0,
        "Diluted Average Shares": 56500000.0,
        "Basic Average Shares": 56100000.0,
        "Diluted EPS": 1.43,
        "Basic EPS": 1.44,
        "Diluted NI Availto Com Stockholders": 82000000.0,
        "Average Dilution Earnings": NaN,
        "Net Income Common Stockholders": 82000000.0,
        "Otherunder Preferred Stock Dividend": 1000000.0,
        "Net Income": 82000000.0,
        "Minority Interests": -8000000.0,
        "Net Income Including Noncontrolling Interests": 90000000.0,
        "Net Income Continuous Operations": 90000000.0,
        "Earnings From Equity Interest Net Of Tax": 1000000.0,
        "Tax Provision": 41000000.0,
        "Pretax Income": 130000000.0,
        "Other Income Expense": -3000000.0,
        "Other Non Operating Income Expenses": -3000000.0,
        "Special Income Charges": 0.0,
        "Gain On Sale Of Business": 0.0,
        "Restructuring And Mergern Acquisition": 0.0,
        "Net Non Operating Interest Income Expense": -17000000.0,
        "Interest Expense Non Operating": 24000000.0,
        "Interest Income Non Operating": 7000000.0,
        "Operating Income": 150000000.0,
        "Operating Expense": 73000000.0,
        "Research And Development": 15000000.0,
        "Selling General And Administration": 58000000.0,
        "Gross Profit": 223000000.0,
        "Cost Of Revenue": 745000000.0,
        "Total Revenue": 968000000.0,
        "Operating Revenue": 968000000.0
    }
}