{
    "2023-06-30": {
        "Tax Effect Of Unusual Items": -213786.0,
        "Tax Rate For Calcs": 0.214,
        "Total Unusual Items": -999000.0,
        "Total Unusual Items Excluding Goodwill": -999000.0,
        "Net Income From Continuing Operation Net Minority Interest": 48291000.0,
        "Reconciled Depreciation": 7164000.0,
        "Net Interest Income": 109279000.0,
        "Interest Expense": 22345000.0,
        "Interest Income": 131624000.0,
        "Normalized Income": 49076214.0,
        "Net Income From Continuing And Discontinued Operation": 48291000.0,
        "Diluted Average Shares": 53794000.0,
        "Basic Average Shares": 53679000.0,
        "Diluted EPS": 0.89,
        "Basic EPS": 0.9,
        "Diluted NI Availto Com Stockholders": 48099000.0,
        "Net Income Common Stockholders": 48099000.0,
        "Otherunder Preferred Stock Dividend": 192000.0,
        "Net Income": 48291000.0,
        "Net Income Including Noncontrolling Interests": 48291000.0,
        "Net Income Continuous Operations": 48291000.0,
        "Tax Provision": 13182000.0,
        "Pretax Income": 61473000.0,
        "Special Income Charges": -999000.0,
        "Other Special Charges": NaN,
        "Restructuring And Mergern Acquisition": 999000.0,
        "Gain On Sale Of Security": -50000.0,
        "Depreciation Amortization Depletion Income Statement": 3705000.0,
        "Depreciation And Amortization In Income Statement": 3705000.0,
        "Amortization": 3705000.0,
        "Amortization Of Intangibles Income Statement": 3705000.0,
        "Selling General And Administration": 72601000.0,
        "Selling And Marketing Expense": 4567000.0,
        "General And Administrative Expense": 68034000.0,
        "Salaries And Wages": 68034000.0,
        "Total Revenue": 175263000.0,
        "Operating Revenue": 175263000.0
    },
    "2023-03-31": {
        "Tax Effect Of Unusual Items": 31265.0,
        "Tax Rate For Calcs": 0.169,
        "Total Unusual Items": 185000.0,
        "Total Unusual Items Excluding Goodwill": 185000.0,
        "Net Income From Continuing Operation Net Minority Interest": 5798000.0,
        "Reconciled Depreciation": 7204000.0,
        "Net Interest Income": 111030000.0,
        "Interest Expense": 14852000.0,
        "Interest Income": 125882000.0,
        "Normalized Income": 5644265.0,
        "Net Income From Continuing And Discontinued Operation": 5798000.0,
        "Diluted Average Shares": 54050000.0,
        "Basic Average Shares": 53843000.0,
        "Diluted EPS": 0.11,
        "Basic EPS": 0.11,
        "Diluted NI Availto Com Stockholders": 5781000.0,
        "Net Income Common Stockholders": 5781000.0,
        "Otherunder Preferred Stock Dividend": 17000.0,
        "Net Income": 5798000.0,
        "Net Income Including Noncontrolling Interests": 5798000.0,
        "Net Income Continuous Operations": 5798000.0,
        "Tax Provision": 1175000.0,
        "Pretax Income": 6973000.0,
        "Special Income Charges": 185000.0,
        "Other Special Charges": NaN,
        "Restructuring And Mergern Acquisition": 57000.0,
        "Gain On Sale Of Security": -52329000.0,
        "Depreciation Amortization Depletion Income Statement": 3667000.0,
        "Depreciation And Amortization In Income Statement": 3667000.0,
        "Amortization": 3667000.0,
        "Amortization Of Intangibles Income Statement": 3667000.0,
        "Selling General And Administration": 74388000.0,
        "Selling And Marketing Expense": 2901000.0,
        "General And Administrative Expense": 71487000.0,
        "Salaries And Wages": 71487000.0,
        "Total Revenue": 124283000.0,
        "Operating Revenue": 124283000.0
    },
    "2022-12-31": {
        "Tax Effect Of Unusual Items": 76190.598583,
        "Tax Rate For Calcs": 0.219569,
        "Total Unusual Items": 347000.0,
        "Total Unusual Items Excluding Goodwill": 347000.0,
        "Net Income From Continuing Operation Net Minority Interest": 52530000.0,
        "Reconciled Depreciation": 7496000.0,
        "Net Interest Income": 112223000.0,
        "Interest Expense": 11760000.0,
        "Interest Income": 123983000.0,
        "Normalized Income": 52259190.598583,
        "Net Income From Continuing And Discontinued Operation": 52530000.0,
        "Diluted Average Shares": 54253000.0,
        "Basic Average Shares": 54154639.0,
        "Diluted EPS": 0.97,
        "Basic EPS": 0.97,
        "Diluted NI Availto Com Stockholders": 52383000.0,
        "Net Income Common Stockholders": 52383000.0,
        "Otherunder Preferred Stock Dividend": 147000.0,
        "Net Income": 52530000.0,
        "Net Income Including Noncontrolling Interests": 52530000.0,
        "Net Income Continuous Operations": 52530000.0,
        "Tax Provision": 14779000.0,
        "Pretax Income": 67309000.0,
        "Special Income Charges": 347000.0,
        "Restructuring And Mergern Acquisition": -347000.0,
        "Gain On Sale Of Security": -20000.0,
        "Depreciation Amortization Depletion Income Statement": 3794000.0,
        "Depreciation And Amortization In Income Statement": 3794000.0,
        "Amortization": 3794000.0,
        "Amortization Of Intangibles Income Statement": 3794000.0,
        "Selling General And Administration": 26769000.0,
        "Selling And Marketing Expense": 3120000.0,
        "General And Administrative Expense": 23649000.0,
        "Salaries And Wages": 64103000.0,
        "Total Revenue": 175929000.0,
        "Operating Revenue": 175929000.0
    },
    "2022-09-30": {
        "Tax Effect Of Unusual Items": -89980.0,
        "Tax Rate For Calcs": 0.22,
        "Total Unusual Items": -409000.0,
        "Total Unusual Items Excluding Goodwill": -409000.0,
        "Net Income From Continuing Operation Net Minority Interest": 48691000.0,
        "Reconciled Depreciation": 3837000.0,
        "Net Interest Income": 110394000.0,
        "Interest Expense": 5481000.0,
        "Interest Income": 115875000.0,
        "Normalized Income": 49010020.0,
        "Net Income From Continuing And Discontinued Operation": 48691000.0,
        "Diluted Average Shares": 54132000.0,
        "Basic Average Shares": 53830000.0,
        "Diluted EPS": 0.9,
        "Basic EPS": 0.9,
        "Diluted NI Availto Com Stockholders": 48691000.0,
        "Net Income Common Stockholders": 48691000.0,
        "Otherunder Preferred Stock Dividend": 142000.0,
        "Net Income": 48691000.0,
        "Net Income Including Noncontrolling Interests": 48691000.0,
        "Net Income Continuous Operations": 48691000.0,
        "Tax Provision": 13706000.0,
        "Pretax Income": 62397000.0,
        "Special Income Charges": -409000.0,
        "Restructuring And Mergern Acquisition": 409000.0,
        "Gain On Sale Of Security": -4000.0,
        "Depreciation Amortization Depletion Income Statement": 3837000.0,
        "Depreciation And Amortization In Income Statement": 3837000.0,
        "Amortization": 3837000.0,
        "Amortization Of Intangibles Income Statement": 3837000.0,
        "Selling General And Administration": 80374000.0,
        "Selling And Marketing Expense": 3616000.0,
        "General And Administrative Expense": 80374000.0,
        "Other Gand A": 14184000.0,
        "Salaries And Wages": 66190000.0,
        "Total Revenue": 175643000.0,
        "Operating Revenue": 175643000.0
    },
    "2022-06-30": {
        "Tax Effect Of Unusual Items": -941760.0,
        "Tax Rate For Calcs": 0.216,
        "Total Unusual Items": -4360000.0,
        "Total Unusual Items Excluding Goodwill": -4360000.0,
        "Net Income From Continuing Operation Net Minority Interest": 39805000.0,
        "Reconciled Depreciation": 3851000.0,
        "Net Interest Income": 103141000.0,
        "Interest Expense": 3034000.0,
        "Interest Income": 106175000.0,
        "Normalized Income": 43223240.0,
        "Net Income From Continuing And Discontinued Operation": 39805000.0,
        "Diluted Average Shares": 54221000.0,
        "Basic Average Shares": 53928000.0,
        "Diluted EPS": 0.73,
        "Basic EPS": 0.74,
        "Diluted NI Availto Com Stockholders": 39805000.0,
        "Net Income Common Stockholders": 39805000.0,
        "Otherunder Preferred Stock Dividend": 125000.0,
        "Net Income": 39805000.0,
        "Net Income Including Noncontrolling Interests": 39805000.0,
        "Net Income Continuous Operations": 39805000.0,
        "Tax Provision": 10971000.0,
        "Pretax Income": 50776000.0,
        "Special Income Charges": -4360000.0,
        "Restructuring And Mergern Acquisition": 4360000.0,
        "Gain On Sale Of Security": -22000.0,
        "Depreciation Amortization Depletion Income Statement": 3851000.0,
        "Depreciation And Amortization In Income Statement": 3851000.0,
        "Amortization": 3851000.0,
        "Amortization Of Intangibles Income Statement": 3851000.0,
        "Selling General And Administration": 79009000.0,
        "Selling And Marketing Expense": 3616000.0,
        "General And Administrative Expense": 79009000.0,
        "Other Gand A": 13611000.0,
        "Salaries And Wages": 65398000.0,
        "Total Revenue": 167238000.0,
        "Operating Revenue": 167238000.0
    },
    "2022-03-31": {
        "Diluted EPS": 0.86,
        "Total Revenue": 163,
        "Gross Profit": 161,
        "Operating Income": 60,
        "EBIT": NaN,
        "Net Income": 47
    },
    "2021-12-31": {
        "Diluted EPS": 0.8,
        "Total Revenue": 163,
        "Gross Profit": 160,
        "Operating Income": 57,
        "EBIT": NaN,
        "Net Income": 43
    },
    "2021-09-30": {
        "Diluted EPS": 0.83,
        "Total Revenue": 160,
        "Gross Profit": 157,
        "Operating Income": 58,
        "EBIT": NaN,
        "Net Income": 45
    },
    "2021-06-30": {
        "Diluted EPS": 0.88,
        "Total Revenue": 155,
        "Gross Profit": 152,
        "Operating Income": 62,
        "EBIT": NaN,
        "Net Income": 48
    },
    "2021-03-31": {
        "Diluted EPS": 0.97,
        "Total Revenue": 156,
        "Gross Profit": 152,
        "Operating Income": 65,
        "EBIT": NaN,
        "Net Income": 53
    },
    "2020-12-31": {
        "Diluted EPS": 0.87,
        "Total Revenue": 155,
        "Gross Profit": 151,
        "Operating Income": 59,
        "EBIT": NaN,
        "Net Income": 46
    },
    "2020-09-30": {
        "Diluted EPS": 0.79,
        "Total Revenue": 157,
        "Gross Profit": 153,
        "Operating Income": 55,
        "EBIT": NaN,
        "Net Income": 43
    },
    "2020-06-30": {
        "Diluted EPS": 0.66,
        "Total Revenue": 150,
        "Gross Profit": 145,
        "Operating Income": 48,
        "EBIT": NaN,
        "Net Income": 35
    },
    "2020-03-31": {
        "Diluted EPS": 0.76,
        "Total Revenue": 156,
        "Gross Profit": 149,
        "Operating Income": 50,
        "EBIT": NaN,
        "Net Income": 40
    },
    "2019-12-31": {
        "Diluted EPS": 0.82,
        "Total Revenue": 157,
        "Gross Profit": 150,
        "Operating Income": 53,
        "EBIT": NaN,
        "Net Income": 43
    },
    "2019-09-30": {
        "Diluted EPS": 0.75,
        "Total Revenue": 156,
        "Gross Profit": 148,
        "Operating Income": 56,
        "EBIT": NaN,
        "Net Income": 39
    },
    "2019-06-30": {
        "Diluted EPS": 0.86,
        "Total Revenue": 155,
        "Gross Profit": 149,
        "Operating Income": 58,
        "EBIT": NaN,
        "Net Income": 45
    },
    "2019-03-31": {
        "Diluted EPS": 0.8,
        "Total Revenue": 148,
        "Gross Profit": 143,
        "Operating Income": 52,
        "EBIT": NaN,
        "Net Income": 42
    },
    "2018-12-31": {
        "Diluted EPS": 0.77,
        "Total Revenue": 147,
        "Gross Profit": 142,
        "Operating Income": 51,
        "EBIT": NaN,
        "Net Income": 41
    },
    "2018-09-30": {
        "Diluted EPS": 0.83,
        "Total Revenue": 147,
        "Gross Profit": 142,
        "Operating Income": 54,
        "EBIT": NaN,
        "Net Income": 43
    },
    "2018-06-30": {
        "Diluted EPS": 0.86,
        "Total Revenue": 148,
        "Gross Profit": 143,
        "Operating Income": 55,
        "EBIT": NaN,
        "Net Income": 44
    },
    "2018-03-31": {
        "Diluted EPS": 0.78,
        "Total Revenue": 146,
        "Gross Profit": 142,
        "Operating Income": 52,
        "EBIT": NaN,
        "Net Income": 40
    },
    "2017-12-31": {
        "Diluted EPS": 1.43,
        "Total Revenue": 144,
        "Gross Profit": 140,
        "Operating Income": 48,
        "EBIT": NaN,
        "Net Income": 72
    },
    "2017-09-30": {
        "Diluted EPS": 0.68,
        "Total Revenue": 141,
        "Gross Profit": 137,
        "Operating Income": 52,
        "EBIT": NaN,
        "Net Income": 35
    },
    "2017-06-30": {
        "Diluted EPS": 0.35,
        "Total Revenue": 133,
        "Gross Profit": 129,
        "Operating Income": 48,
        "EBIT": NaN,
        "Net Income": 17
    },
    "2017-03-31": {
        "Diluted EPS": 0.57,
        "Total Revenue": 114,
        "Gross Profit": 112,
        "Operating Income": 38,
        "EBIT": NaN,
        "Net Income": 26
    },
    "2016-12-31": {
        "Diluted EPS": 0.58,
        "Total Revenue": 112,
        "Gross Profit": 109,
        "Operating Income": 38,
        "EBIT": NaN,
        "Net Income": 26
    },
    "2016-09-30": {
        "Diluted EPS": 0.61,
        "Total Revenue": 111,
        "Gross Profit": 108,
        "Operating Income": 40,
        "EBIT": NaN,
        "Net Income": 27
    },
    "2016-06-30": {
        "Diluted EPS": 0.58,
        "Total Revenue": 110,
        "Gross Profit": 107,
        "Operating Income": 39,
        "EBIT": NaN,
        "Net Income": 26
    },
    "2016-03-31": {
        "Diluted EPS": 0.55,
        "Total Revenue": 108,
        "Gross Profit": 105,
        "Operating Income": 36,
        "EBIT": NaN,
        "Net Income": 24
    },
    "2015-12-31": {
        "Diluted EPS": 0.47,
        "Total Revenue": 101,
        "Gross Profit": 98,
        "Operating Income": 36,
        "EBIT": NaN,
        "Net Income": 20
    },
    "2015-09-30": {
        "Diluted EPS": 0.6,
        "Total Revenue": 97,
        "Gross Profit": 94,
        "Operating Income": 36,
        "EBIT": NaN,
        "Net Income": 25
    },
    "2015-06-30": {
        "Diluted EPS": 0.58,
        "Total Revenue": 94,
        "Gross Profit": 91,
        "Operating Income": 35,
        "EBIT": NaN,
        "Net Income": 24
    },
    "2015-03-31": {
        "Diluted EPS": 0.54,
        "Total Revenue": 92,
        "Gross Profit": 89,
        "Operating Income": 33,
        "EBIT": NaN,
        "Net Income": 22
    },
    "2014-12-31": {
        "Diluted EPS": 0.57,
        "Total Revenue": 95,
        "Gross Profit": 92,
        "Operating Income": 30,
        "EBIT": NaN,
        "Net Income": 23
    },
    "2014-09-30": {
        "Diluted EPS": 0.54,
        "Total Revenue": 95,
        "Gross Profit": 92,
        "Operating Income": 35,
        "EBIT": NaN,
        "Net Income": 22
    },
    "2014-06-30": {
        "Diluted EPS": 0.57,
        "Total Revenue": 94,
        "Gross Profit": 91,
        "Operating Income": 34,
        "EBIT": NaN,
        "Net Income": 24
    },
    "2014-03-31": {
        "Diluted EPS": 0.54,
        "Total Revenue": 92,
        "Gross Profit": 88,
        "Operating Income": 32,
        "EBIT": NaN,
        "Net Income": 22
    },
    "2013-12-31": {
        "Diluted EPS": 0.38,
        "Total Revenue": 87,
        "Gross Profit": 82,
        "Operating Income": 24,
        "EBIT": NaN,
        "Net Income": 15
    },
    "2013-09-30": {
        "Diluted EPS": 0.54,
        "Total Revenue": 94,
        "Gross Profit": 88,
        "Operating Income": 31,
        "EBIT": NaN,
        "Net Income": 22
    },
    "2013-06-30": {
        "Diluted EPS": 0.52,
        "Total Revenue": 91,
        "Gross Profit": 86,
        "Operating Income": 30,
        "EBIT": NaN,
        "Net Income": 21
    },
    "2013-03-31": {
        "Diluted EPS": 0.5,
        "Total Revenue": 94,
        "Gross Profit": 85,
        "Operating Income": 29,
        "EBIT": NaN,
        "Net Income": 20
    },
    "2012-12-31": {
        "Diluted EPS": 0.46,
        "Total Revenue": 98,
        "Gross Profit": 86,
        "Operating Income": 27,
        "EBIT": NaN,
        "Net Income": 19
    },
    "2012-09-30": {
        "Diluted EPS": 0.46,
        "Total Revenue": 97,
        "Gross Profit": 85,
        "Operating Income": 31,
        "EBIT": NaN,
        "Net Income": 18
    },
    "2012-06-30": {
        "Diluted EPS": 0.53,
        "Total Revenue": 94,
        "Gross Profit": 81,
        "Operating Income": 30,
        "EBIT": NaN,
        "Net Income": 21
    },
    "2012-03-31": {
        "Diluted EPS": 0.48,
        "Total Revenue": 91,
        "Gross Profit": 77,
        "Operating Income": 27,
        "EBIT": NaN,
        "Net Income": 19
    },
    "2011-12-31": {
        "Diluted EPS": 0.5,
        "Total Revenue": 93,
        "Gross Profit": 78,
        "Operating Income": 28,
        "EBIT": NaN,
        "Net Income": 19
    },
    "2011-09-30": {
        "Diluted EPS": 0.54,
        "Total Revenue": 94,
        "Gross Profit": 78,
        "Operating Income": 29,
        "EBIT": NaN,
        "Net Income": 20
    },
    "2011-06-30": {
        "Diluted EPS": 0.49,
        "Total Revenue": 93,
        "Gross Profit": 77,
        "Operating Income": 28,
        "EBIT": NaN,
        "Net Income": 18
    },
    "2011-03-31": {
        "Diluted EPS": 0.48,
        "Total Revenue": 81,
        "Gross Profit": 66,
        "Operating Income": 23,
        "EBIT": NaN,
        "Net Income": 16
    },
    "2010-12-31": {
        "Diluted EPS": 0.48,
        "Total Revenue": 84,
        "Gross Profit": 68,
        "Operating Income": 22,
        "EBIT": NaN,
        "Net Income": 15
    },
    "2010-09-30": {
        "Diluted EPS": 0.51,
        "Total Revenue": 86,
        "Gross Profit": 69,
        "Operating Income": 24,
        "EBIT": NaN,
        "Net Income": 17
    },
    "2010-06-30": {
        "Diluted EPS": 0.48,
        "Total Revenue": 85,
        "Gross Profit": 68,
        "Operating Income": 22,
        "EBIT": NaN,
        "Net Income": 16
    },
    "2010-03-31": {
        "Diluted EPS": 0.42,
        "Total Revenue": 83,
        "Gross Profit": 65,
        "Operating Income": 19,
        "EBIT": NaN,
        "Net Income": 14
    },
    "2009-12-31": {
        "Diluted EPS": 0.28,
        "Total Revenue": 84,
        "Gross Profit": 65,
        "Operating Income": 14,
        "EBIT": NaN,
        "Net Income": 9
    },
    "2009-09-30": {
        "Diluted EPS": 0.38,
        "Total Revenue": 83,
        "Gross Profit": 63,
        "Operating Income": 16,
        "EBIT": NaN,
        "Net Income": 12
    },
    "2009-06-30": {
        "Diluted EPS": 0.28,
        "Total Revenue": 83,
        "Gross Profit": 61,
        "Operating Income": 12,
        "EBIT": NaN,
        "Net Income": 9
    },
    "2009-03-31": {
        "Diluted EPS": 0.32,
        "Total Revenue": 83,
        "Gross Profit": 61,
        "Operating Income": 13,
        "EBIT": NaN,
        "Net Income": 10
    },
    "2023-09-30": {
        "Tax Effect Of Unusual Items": -16960.0,
        "Tax Rate For Calcs": 0.212,
        "Total Unusual Items": -80000.0,
        "Total Unusual Items Excluding Goodwill": -80000.0,
        "Net Income From Continuing Operation Net Minority Interest": 44129000.0,
        "Reconciled Depreciation": 7015000.0,
        "Net Interest Income": 107786000.0,
        "Interest Expense": 29770000.0,
        "Interest Income": 137556000.0,
        "Normalized Income": 44192040.0,
        "Net Income From Continuing And Discontinued Operation": 44129000.0,
        "Diluted Average Shares": 53606000.0,
        "Basic Average Shares": 53502000.0,
        "Diluted EPS": 0.82,
        "Basic EPS": 0.82,
        "Diluted NI Availto Com Stockholders": 43971000.0,
        "Net Income Common Stockholders": 43971000.0,
        "Otherunder Preferred Stock Dividend": 158000.0,
        "Net Income": 44129000.0,
        "Net Income Including Noncontrolling Interests": 44129000.0,
        "Net Income Continuous Operations": 44129000.0,
        "Tax Provision": 11861000.0,
        "Pretax Income": 55990000.0,
        "Special Income Charges": -80000.0,
        "Other Special Charges": NaN,
        "Restructuring And Mergern Acquisition": 80000.0,
        "Gain On Sale Of Security": -49000.0,
        "Depreciation Amortization Depletion Income Statement": 3576000.0,
        "Depreciation And Amortization In Income Statement": 3576000.0,
        "Amortization": 3576000.0,
        "Amortization Of Intangibles Income Statement": 3576000.0,
        "Selling General And Administration": 75315000.0,
        "Selling And Marketing Expense": 4628000.0,
        "General And Administrative Expense": 70687000.0,
        "Salaries And Wages": 70687000.0,
        "Total Revenue": 175372000.0,
        "Operating Revenue": 175372000.0
    },
    "2023-12-31": {
        "Tax Effect Of Unusual Items": -2112481.561822,
        "Tax Rate For Calcs": 0.230369,
        "Total Unusual Items": -9170000.0,
        "Total Unusual Items Excluding Goodwill": -9170000.0,
        "Net Income From Continuing Operation Net Minority Interest": 33706000.0,
        "Reconciled Depreciation": 6968000.0,
        "Net Interest Income": 109190000.0,
        "Interest Expense": 37136000.0,
        "Interest Income": 146326000.0,
        "Normalized Income": 40763518.438178,
        "Net Income From Continuing And Discontinued Operation": 33706000.0,
        "Diluted Average Shares": 53926761.0,
        "Basic Average Shares": 53926761.0,
        "Diluted EPS": 0.71,
        "Basic EPS": 0.71,
        "Diluted NI Availto Com Stockholders": 33586000.0,
        "Net Income Common Stockholders": 33586000.0,
        "Otherunder Preferred Stock Dividend": 120000.0,
        "Net Income": 33706000.0,
        "Net Income Including Noncontrolling Interests": 33706000.0,
        "Net Income Continuous Operations": 33706000.0,
        "Tax Provision": 10089000.0,
        "Pretax Income": 43795000.0,
        "Special Income Charges": -9170000.0,
        "Other Special Charges": NaN,
        "Restructuring And Mergern Acquisition": 3370000.0,
        "Gain On Sale Of Security": 52000.0,
        "Depreciation Amortization Depletion Income Statement": 3563000.0,
        "Depreciation And Amortization In Income Statement": 3563000.0,
        "Amortization": 3563000.0,
        "Amortization Of Intangibles Income Statement": 3563000.0,
        "Selling General And Administration": 75230000.0,
        "Selling And Marketing Expense": 3635000.0,
        "General And Administrative Expense": 71595000.0,
        "Salaries And Wages": 71595000.0,
        "Total Revenue": 176959000.0,
        "Operating Revenue": 176959000.0
    },
    "2024-03-31": {
        "Tax Effect Of Unusual Items": -35266.0,
        "Tax Rate For Calcs": 0.229,
        "Total Unusual Items": -154000.0,
        "Total Unusual Items Excluding Goodwill": -154000.0,
        "Net Income From Continuing Operation Net Minority Interest": 40872000.0,
        "Reconciled Depreciation": 7044000.0,
        "Net Interest Income": 106990000.0,
        "Interest Expense": 45669000.0,
        "Interest Income": 152659000.0,
        "Normalized Income": 40990734.0,
        "Net Income From Continuing And Discontinued Operation": 40872000.0,
        "Diluted Average Shares": 53321000.0,
        "Basic Average Shares": 53228000.0,
        "Diluted EPS": 0.76,
        "Basic EPS": 0.77,
        "Diluted NI Availto Com Stockholders": 40761000.0,
        "Net Income Common Stockholders": 40761000.0,
        "Otherunder Preferred Stock Dividend": 111000.0,
        "Net Income": 40872000.0,
        "Net Income Including Noncontrolling Interests": 40872000.0,
        "Net Income Continuous Operations": 40872000.0,
        "Tax Provision": 12171000.0,
        "Pretax Income": 53043000.0,
        "Special Income Charges": -154000.0,
        "Other Special Charges": 119000.0,
        "Restructuring And Mergern Acquisition": 35000.0,
        "Gain On Sale Of Security": 16000.0,
        "Depreciation Amortization Depletion Income Statement": 3576000.0,
        "Depreciation And Amortization In Income Statement": 3576000.0,
        "Amortization": 3576000.0,
        "Amortization Of Intangibles Income Statement": 3576000.0,
        "Selling General And Administration": 76108000.0,
        "Selling And Marketing Expense": 3045000.0,
        "General And Administrative Expense": 73063000.0,
        "Salaries And Wages": 73063000.0,
        "Total Revenue": 177275000.0,
        "Operating Revenue": 177275000.0
    }
}