{
    "2023-06-30": {
        "Tax Effect Of Unusual Items": 0.0,
        "Tax Rate For Calcs": 0.30423,
        "Normalized EBITDA": 53349000.0,
        "Total Unusual Items": 0.0,
        "Total Unusual Items Excluding Goodwill": 0.0,
        "Net Income From Continuing Operation Net Minority Interest": 26863000.0,
        "Reconciled Depreciation": 9206000.0,
        "Reconciled Cost Of Revenue": 343987000.0,
        "EBITDA": 53349000.0,
        "EBIT": 44143000.0,
        "Net Interest Income": -5534000.0,
        "Interest Expense": 5534000.0,
        "Normalized Income": 26863000.0,
        "Net Income From Continuing And Discontinued Operation": 26863000.0,
        "Total Expenses": 359780000.0,
        "Total Operating Income As Reported": 38722000.0,
        "Diluted Average Shares": 50385000.0,
        "Basic Average Shares": 49822000.0,
        "Diluted EPS": 0.53,
        "Basic EPS": 0.539179,
        "Diluted NI Availto Com Stockholders": 26863000.0,
        "Net Income Common Stockholders": 26863000.0,
        "Net Income": 26863000.0,
        "Net Income Including Noncontrolling Interests": 26863000.0,
        "Net Income Discontinuous Operations": NaN,
        "Net Income Continuous Operations": 26863000.0,
        "Tax Provision": 11746000.0,
        "Pretax Income": 38609000.0,
        "Other Income Expense": 5421000.0,
        "Other Non Operating Income Expenses": 5421000.0,
        "Special Income Charges": 0.0,
        "Gain On Sale Of Business": 0.0,
        "Net Non Operating Interest Income Expense": -5534000.0,
        "Interest Expense Non Operating": 5534000.0,
        "Operating Income": 38722000.0,
        "Operating Expense": 15793000.0,
        "Selling General And Administration": 15793000.0,
        "General And Administrative Expense": 15793000.0,
        "Other Gand A": 15793000.0,
        "Gross Profit": 54515000.0,
        "Cost Of Revenue": 343987000.0,
        "Total Revenue": 398502000.0,
        "Operating Revenue": 398502000.0
    },
    "2023-03-31": {
        "Tax Effect Of Unusual Items": 26256.62117,
        "Tax Rate For Calcs": 0.265218,
        "Normalized EBITDA": 111734000.0,
        "Total Unusual Items": 99000.0,
        "Total Unusual Items Excluding Goodwill": 99000.0,
        "Net Income From Continuing Operation Net Minority Interest": 73160000.0,
        "Reconciled Depreciation": 8625000.0,
        "Reconciled Cost Of Revenue": 341011000.0,
        "EBITDA": 111833000.0,
        "EBIT": 103208000.0,
        "Net Interest Income": -3641000.0,
        "Interest Expense": 3641000.0,
        "Normalized Income": 73087256.62117,
        "Net Income From Continuing And Discontinued Operation": 73160000.0,
        "Total Expenses": 356609000.0,
        "Total Operating Income As Reported": 97997000.0,
        "Diluted Average Shares": 50762000.0,
        "Basic Average Shares": 50367000.0,
        "Diluted EPS": 1.44,
        "Basic EPS": 1.452538,
        "Diluted NI Availto Com Stockholders": 73160000.0,
        "Net Income Common Stockholders": 73160000.0,
        "Net Income": 73160000.0,
        "Net Income Including Noncontrolling Interests": 73160000.0,
        "Net Income Discontinuous Operations": NaN,
        "Net Income Continuous Operations": 73160000.0,
        "Tax Provision": 26407000.0,
        "Pretax Income": 99567000.0,
        "Other Income Expense": 5211000.0,
        "Other Non Operating Income Expenses": 5112000.0,
        "Special Income Charges": 99000.0,
        "Gain On Sale Of Business": 99000.0,
        "Net Non Operating Interest Income Expense": -3641000.0,
        "Interest Expense Non Operating": 3641000.0,
        "Operating Income": 97997000.0,
        "Operating Expense": 15598000.0,
        "Selling General And Administration": 15598000.0,
        "General And Administrative Expense": 15598000.0,
        "Other Gand A": 15598000.0,
        "Gross Profit": 113595000.0,
        "Cost Of Revenue": 341011000.0,
        "Total Revenue": 454606000.0,
        "Operating Revenue": 454606000.0
    },
    "2022-12-31": {
        "Tax Effect Of Unusual Items": 30719.080628,
        "Tax Rate For Calcs": 0.301167,
        "Normalized EBITDA": -13718000.0,
        "Total Unusual Items": 102000.0,
        "Total Unusual Items Excluding Goodwill": 102000.0,
        "Net Income From Continuing Operation Net Minority Interest": -11493000.0,
        "Reconciled Depreciation": 8188000.0,
        "Reconciled Cost Of Revenue": 302560000.0,
        "EBITDA": -13616000.0,
        "EBIT": -13616000.0,
        "Net Interest Income": -2830000.0,
        "Interest Expense": 2830000.0,
        "Normalized Income": -11564280.919372,
        "Net Income From Continuing And Discontinued Operation": -11498000.0,
        "Total Expenses": 314455000.0,
        "Total Operating Income As Reported": -19412000.0,
        "Diluted Average Shares": 50538000.0,
        "Basic Average Shares": 50180000.0,
        "Diluted EPS": -0.23,
        "Basic EPS": -0.229135,
        "Diluted NI Availto Com Stockholders": -11498000.0,
        "Net Income Common Stockholders": -11498000.0,
        "Net Income": -11498000.0,
        "Net Income Including Noncontrolling Interests": -11498000.0,
        "Net Income Discontinuous Operations": -5000.0,
        "Net Income Continuous Operations": -11493000.0,
        "Tax Provision": -4953000.0,
        "Pretax Income": -16446000.0,
        "Other Income Expense": 5796000.0,
        "Other Non Operating Income Expenses": 5694000.0,
        "Special Income Charges": 102000.0,
        "Gain On Sale Of Business": 102000.0,
        "Net Non Operating Interest Income Expense": -2830000.0,
        "Interest Expense Non Operating": 2830000.0,
        "Operating Income": -19412000.0,
        "Operating Expense": 11895000.0,
        "Selling General And Administration": 11895000.0,
        "General And Administrative Expense": 11895000.0,
        "Other Gand A": 11895000.0,
        "Gross Profit": -7517000.0,
        "Cost Of Revenue": 302560000.0,
        "Total Revenue": 295043000.0,
        "Operating Revenue": 295043000.0
    },
    "2022-09-30": {
        "Tax Effect Of Unusual Items": 43824.0,
        "Tax Rate For Calcs": 0.249,
        "Normalized EBITDA": 46976000.0,
        "Total Unusual Items": 176000.0,
        "Total Unusual Items Excluding Goodwill": 176000.0,
        "Net Income From Continuing Operation Net Minority Interest": 27474000.0,
        "Reconciled Depreciation": 8242000.0,
        "Reconciled Cost Of Revenue": 306017000.0,
        "EBITDA": 47152000.0,
        "EBIT": 38910000.0,
        "Net Interest Income": -2305000.0,
        "Interest Expense": 2305000.0,
        "Normalized Income": 27341824.0,
        "Net Income From Continuing And Discontinued Operation": 27470000.0,
        "Total Expenses": 321910000.0,
        "Total Operating Income As Reported": 41352000.0,
        "Diluted Average Shares": 52238000.0,
        "Basic Average Shares": 51457000.0,
        "Diluted EPS": 0.53,
        "Basic EPS": 0.53,
        "Diluted NI Availto Com Stockholders": 27470000.0,
        "Net Income Common Stockholders": 27470000.0,
        "Net Income": 27470000.0,
        "Net Income Including Noncontrolling Interests": 27470000.0,
        "Net Income Discontinuous Operations": -4000.0,
        "Net Income Continuous Operations": 27474000.0,
        "Tax Provision": 9131000.0,
        "Pretax Income": 36605000.0,
        "Other Income Expense": -2442000.0,
        "Other Non Operating Income Expenses": -2618000.0,
        "Special Income Charges": 176000.0,
        "Gain On Sale Of Business": 176000.0,
        "Net Non Operating Interest Income Expense": -2305000.0,
        "Interest Expense Non Operating": 2305000.0,
        "Operating Income": 41352000.0,
        "Operating Expense": 15893000.0,
        "Selling General And Administration": 15893000.0,
        "General And Administrative Expense": 15893000.0,
        "Other Gand A": 15893000.0,
        "Gross Profit": 57245000.0,
        "Cost Of Revenue": 306017000.0,
        "Total Revenue": 363262000.0,
        "Operating Revenue": 363262000.0
    },
    "2022-06-30": {
        "Tax Effect Of Unusual Items": 38880.0,
        "Tax Rate For Calcs": 0.288,
        "Normalized EBITDA": 53684000.0,
        "Total Unusual Items": 135000.0,
        "Total Unusual Items Excluding Goodwill": 135000.0,
        "Net Income From Continuing Operation Net Minority Interest": 31260000.0,
        "Reconciled Depreciation": 8292000.0,
        "Reconciled Cost Of Revenue": 289736000.0,
        "EBITDA": 53819000.0,
        "EBIT": 45527000.0,
        "Net Interest Income": -1645000.0,
        "Interest Expense": 1645000.0,
        "Normalized Income": 31163880.0,
        "Net Income From Continuing And Discontinued Operation": 31255000.0,
        "Total Expenses": 300662000.0,
        "Total Operating Income As Reported": 61290000.0,
        "Diluted Average Shares": 52531000.0,
        "Basic Average Shares": 51911000.0,
        "Diluted EPS": 0.6,
        "Basic EPS": 0.6,
        "Diluted NI Availto Com Stockholders": 31255000.0,
        "Net Income Common Stockholders": 31255000.0,
        "Net Income": 31255000.0,
        "Net Income Including Noncontrolling Interests": 31255000.0,
        "Net Income Discontinuous Operations": -5000.0,
        "Net Income Continuous Operations": 31260000.0,
        "Tax Provision": 12622000.0,
        "Pretax Income": 43882000.0,
        "Other Income Expense": -15763000.0,
        "Other Non Operating Income Expenses": -15898000.0,
        "Special Income Charges": 135000.0,
        "Gain On Sale Of Business": 135000.0,
        "Net Non Operating Interest Income Expense": -1645000.0,
        "Interest Expense Non Operating": 1645000.0,
        "Operating Income": 61290000.0,
        "Operating Expense": 10926000.0,
        "Selling General And Administration": 10926000.0,
        "General And Administrative Expense": 10926000.0,
        "Other Gand A": 10926000.0,
        "Gross Profit": 72216000.0,
        "Cost Of Revenue": 289736000.0,
        "Total Revenue": 361952000.0,
        "Operating Revenue": 361952000.0
    },
    "2022-03-31": {
        "Diluted EPS": 1.1,
        "Total Revenue": 392,
        "Gross Profit": 101,
        "Operating Income": 85,
        "EBIT": 93,
        "Net Income": 58
    },
    "2021-12-31": {
        "Diluted EPS": -0.17,
        "Total Revenue": 243,
        "Gross Profit": -4,
        "Operating Income": -18,
        "EBIT": -11,
        "Net Income": -10
    },
    "2021-09-30": {
        "Diluted EPS": 0.41,
        "Total Revenue": 283,
        "Gross Profit": 44,
        "Operating Income": 31,
        "EBIT": 38,
        "Net Income": 22
    },
    "2021-06-30": {
        "Diluted EPS": 0.16,
        "Total Revenue": 279,
        "Gross Profit": 42,
        "Operating Income": -3,
        "EBIT": 4,
        "Net Income": 9
    },
    "2021-03-31": {
        "Diluted EPS": 0.92,
        "Total Revenue": 301,
        "Gross Profit": 77,
        "Operating Income": 62,
        "EBIT": 69,
        "Net Income": 50
    },
    "2020-12-31": {
        "Diluted EPS": 0.0,
        "Total Revenue": 211,
        "Gross Profit": -1,
        "Operating Income": -14,
        "EBIT": -8,
        "Net Income": 0
    },
    "2020-09-30": {
        "Diluted EPS": 0.36,
        "Total Revenue": 238,
        "Gross Profit": 34,
        "Operating Income": 22,
        "EBIT": 28,
        "Net Income": 20
    },
    "2020-06-30": {
        "Diluted EPS": 0.39,
        "Total Revenue": 237,
        "Gross Profit": 28,
        "Operating Income": 17,
        "EBIT": 23,
        "Net Income": 21
    },
    "2020-03-31": {
        "Diluted EPS": 0.66,
        "Total Revenue": 277,
        "Gross Profit": 78,
        "Operating Income": 67,
        "EBIT": 73,
        "Net Income": 37
    },
    "2019-12-31": {
        "Diluted EPS": -0.03,
        "Total Revenue": 203,
        "Gross Profit": 2,
        "Operating Income": -8,
        "EBIT": -2,
        "Net Income": -1
    },
    "2019-09-30": {
        "Diluted EPS": 0.32,
        "Total Revenue": 240,
        "Gross Profit": 31,
        "Operating Income": 19,
        "EBIT": 25,
        "Net Income": 18
    },
    "2019-06-30": {
        "Diluted EPS": 0.3,
        "Total Revenue": 235,
        "Gross Profit": 37,
        "Operating Income": 27,
        "EBIT": 32,
        "Net Income": 17
    },
    "2019-03-31": {
        "Diluted EPS": 0.67,
        "Total Revenue": 270,
        "Gross Profit": 55,
        "Operating Income": 43,
        "EBIT": 48,
        "Net Income": 37
    },
    "2018-12-31": {
        "Diluted EPS": -0.02,
        "Total Revenue": 199,
        "Gross Profit": 17,
        "Operating Income": 8,
        "EBIT": 14,
        "Net Income": -1
    },
    "2018-09-30": {
        "Diluted EPS": 0.24,
        "Total Revenue": 224,
        "Gross Profit": 26,
        "Operating Income": 15,
        "EBIT": 21,
        "Net Income": 14
    },
    "2018-06-30": {
        "Diluted EPS": 0.23,
        "Total Revenue": 233,
        "Gross Profit": 28,
        "Operating Income": 18,
        "EBIT": 23,
        "Net Income": 13
    },
    "2018-03-31": {
        "Diluted EPS": 0.64,
        "Total Revenue": 266,
        "Gross Profit": 61,
        "Operating Income": 51,
        "EBIT": 57,
        "Net Income": 36
    },
    "2017-12-31": {
        "Diluted EPS": 0.09,
        "Total Revenue": 195,
        "Gross Profit": 5,
        "Operating Income": -2,
        "EBIT": 4,
        "Net Income": 5
    },
    "2017-09-30": {
        "Diluted EPS": 0.18,
        "Total Revenue": 208,
        "Gross Profit": 23,
        "Operating Income": 15,
        "EBIT": 21,
        "Net Income": 10
    },
    "2017-06-30": {
        "Diluted EPS": 0.19,
        "Total Revenue": 211,
        "Gross Profit": 23,
        "Operating Income": 14,
        "EBIT": 19,
        "Net Income": 11
    },
    "2017-03-31": {
        "Diluted EPS": 0.45,
        "Total Revenue": 241,
        "Gross Profit": 49,
        "Operating Income": 40,
        "EBIT": 46,
        "Net Income": 25
    },
    "2016-12-31": {
        "Diluted EPS": -0.02,
        "Total Revenue": 179,
        "Gross Profit": 7,
        "Operating Income": -2,
        "EBIT": 3,
        "Net Income": -1
    },
    "2016-09-30": {
        "Diluted EPS": 0.2,
        "Total Revenue": 200,
        "Gross Profit": 26,
        "Operating Income": 17,
        "EBIT": 23,
        "Net Income": 11
    },
    "2016-06-30": {
        "Diluted EPS": 0.16,
        "Total Revenue": 197,
        "Gross Profit": 23,
        "Operating Income": 15,
        "EBIT": 20,
        "Net Income": 8
    },
    "2016-03-31": {
        "Diluted EPS": 0.41,
        "Total Revenue": 224,
        "Gross Profit": 46,
        "Operating Income": 36,
        "EBIT": 41,
        "Net Income": 22
    },
    "2015-12-31": {
        "Diluted EPS": -0.04,
        "Total Revenue": 164,
        "Gross Profit": 4,
        "Operating Income": -4,
        "EBIT": 2,
        "Net Income": -2
    },
    "2015-09-30": {
        "Diluted EPS": 0.19,
        "Total Revenue": 187,
        "Gross Profit": 29,
        "Operating Income": 21,
        "EBIT": 26,
        "Net Income": 10
    },
    "2015-06-30": {
        "Diluted EPS": 0.13,
        "Total Revenue": 185,
        "Gross Profit": 22,
        "Operating Income": 15,
        "EBIT": 21,
        "Net Income": 7
    },
    "2015-03-31": {
        "Diluted EPS": 0.37,
        "Total Revenue": 214,
        "Gross Profit": 43,
        "Operating Income": 33,
        "EBIT": 39,
        "Net Income": 19
    },
    "2014-12-31": {
        "Diluted EPS": -0.02,
        "Total Revenue": 157,
        "Gross Profit": 3,
        "Operating Income": -4,
        "EBIT": 2,
        "Net Income": -1
    },
    "2014-09-30": {
        "Diluted EPS": 0.15,
        "Total Revenue": 180,
        "Gross Profit": 25,
        "Operating Income": 16,
        "EBIT": 22,
        "Net Income": 8
    },
    "2014-06-30": {
        "Diluted EPS": 0.12,
        "Total Revenue": 177,
        "Gross Profit": 19,
        "Operating Income": 11,
        "EBIT": 17,
        "Net Income": 6
    },
    "2014-03-31": {
        "Diluted EPS": 0.33,
        "Total Revenue": 205,
        "Gross Profit": 43,
        "Operating Income": 33,
        "EBIT": 38,
        "Net Income": 17
    },
    "2013-12-31": {
        "Diluted EPS": -0.07,
        "Total Revenue": 135,
        "Gross Profit": 2,
        "Operating Income": -5,
        "EBIT": 0,
        "Net Income": -4
    },
    "2013-09-30": {
        "Diluted EPS": 1.27,
        "Total Revenue": 169,
        "Gross Profit": 19,
        "Operating Income": 10,
        "EBIT": 15,
        "Net Income": 62
    },
    "2013-06-30": {
        "Diluted EPS": 0.18,
        "Total Revenue": 172,
        "Gross Profit": 21,
        "Operating Income": 13,
        "EBIT": 19,
        "Net Income": 9
    },
    "2013-03-31": {
        "Diluted EPS": 0.37,
        "Total Revenue": 201,
        "Gross Profit": 42,
        "Operating Income": 32,
        "EBIT": 38,
        "Net Income": 18
    },
    "2012-12-31": {
        "Diluted EPS": 0.02,
        "Total Revenue": 88,
        "Gross Profit": 1,
        "Operating Income": -4,
        "EBIT": 1,
        "Net Income": 1
    },
    "2012-09-30": {
        "Diluted EPS": 0.11,
        "Total Revenue": 150,
        "Gross Profit": 13,
        "Operating Income": 5,
        "EBIT": 10,
        "Net Income": 5
    },
    "2012-06-30": {
        "Diluted EPS": 0.12,
        "Total Revenue": 154,
        "Gross Profit": 18,
        "Operating Income": 11,
        "EBIT": 15,
        "Net Income": 6
    },
    "2012-03-31": {
        "Diluted EPS": 0.38,
        "Total Revenue": 221,
        "Gross Profit": 41,
        "Operating Income": 30,
        "EBIT": 37,
        "Net Income": 19
    },
    "2011-12-31": {
        "Diluted EPS": -0.03,
        "Total Revenue": 20,
        "Gross Profit": -14,
        "Operating Income": -21,
        "EBIT": -19,
        "Net Income": -1
    },
    "2011-09-30": {
        "Diluted EPS": 0.1,
        "Total Revenue": 177,
        "Gross Profit": 23,
        "Operating Income": 15,
        "EBIT": 21,
        "Net Income": 5
    },
    "2011-06-30": {
        "Diluted EPS": 0.13,
        "Total Revenue": 183,
        "Gross Profit": 23,
        "Operating Income": 16,
        "EBIT": 23,
        "Net Income": 7
    },
    "2011-03-31": {
        "Diluted EPS": 0.36,
        "Total Revenue": 210,
        "Gross Profit": 40,
        "Operating Income": 31,
        "EBIT": 37,
        "Net Income": 18
    },
    "2010-12-31": {
        "Diluted EPS": -0.01,
        "Total Revenue": 165,
        "Gross Profit": 8,
        "Operating Income": 1,
        "EBIT": 7,
        "Net Income": -2
    },
    "2010-09-30": {
        "Diluted EPS": 0.08,
        "Total Revenue": 176,
        "Gross Profit": 19,
        "Operating Income": 12,
        "EBIT": 18,
        "Net Income": 5
    },
    "2010-06-30": {
        "Diluted EPS": 0.09,
        "Total Revenue": 180,
        "Gross Profit": 22,
        "Operating Income": 15,
        "EBIT": 22,
        "Net Income": 5
    },
    "2010-03-31": {
        "Diluted EPS": 0.26,
        "Total Revenue": 209,
        "Gross Profit": 38,
        "Operating Income": 29,
        "EBIT": 35,
        "Net Income": 16
    },
    "2009-12-31": {
        "Diluted EPS": 0.03,
        "Total Revenue": 159,
        "Gross Profit": 10,
        "Operating Income": 4,
        "EBIT": 10,
        "Net Income": 1
    },
    "2009-09-30": {
        "Diluted EPS": 0.08,
        "Total Revenue": 176,
        "Gross Profit": 16,
        "Operating Income": 7,
        "EBIT": 14,
        "Net Income": 5
    },
    "2009-06-30": {
        "Diluted EPS": 0.11,
        "Total Revenue": 185,
        "Gross Profit": 20,
        "Operating Income": 12,
        "EBIT": 18,
        "Net Income": 7
    },
    "2009-03-31": {
        "Diluted EPS": 0.29,
        "Total Revenue": 216,
        "Gross Profit": 42,
        "Operating Income": 35,
        "EBIT": 41,
        "Net Income": 18
    },
    "2023-09-30": {
        "Tax Effect Of Unusual Items": 22048.012543,
        "Tax Rate For Calcs": 0.286338,
        "Normalized EBITDA": 62101000.0,
        "Total Unusual Items": 77000.0,
        "Total Unusual Items Excluding Goodwill": 77000.0,
        "Net Income From Continuing Operation Net Minority Interest": 33682000.0,
        "Reconciled Depreciation": 9134000.0,
        "Reconciled Cost Of Revenue": 342148000.0,
        "EBITDA": 62178000.0,
        "EBIT": 53044000.0,
        "Net Interest Income": -5848000.0,
        "Interest Expense": 5848000.0,
        "Normalized Income": 33627048.012543,
        "Net Income From Continuing And Discontinued Operation": 33682000.0,
        "Total Expenses": 355284000.0,
        "Total Operating Income As Reported": 55255000.0,
        "Diluted Average Shares": 50371000.0,
        "Basic Average Shares": 49917000.0,
        "Diluted EPS": 0.67,
        "Basic EPS": 0.67476,
        "Diluted NI Availto Com Stockholders": 33682000.0,
        "Net Income Common Stockholders": 33682000.0,
        "Net Income": 33682000.0,
        "Net Income Including Noncontrolling Interests": 33682000.0,
        "Net Income Discontinuous Operations": NaN,
        "Net Income Continuous Operations": 33682000.0,
        "Tax Provision": 13514000.0,
        "Pretax Income": 47196000.0,
        "Other Income Expense": -2211000.0,
        "Other Non Operating Income Expenses": -2288000.0,
        "Special Income Charges": 77000.0,
        "Gain On Sale Of Business": 77000.0,
        "Net Non Operating Interest Income Expense": -5848000.0,
        "Interest Expense Non Operating": 5848000.0,
        "Operating Income": 55255000.0,
        "Operating Expense": 13136000.0,
        "Selling General And Administration": 13136000.0,
        "General And Administrative Expense": 13136000.0,
        "Other Gand A": 13136000.0,
        "Gross Profit": 68391000.0,
        "Cost Of Revenue": 342148000.0,
        "Total Revenue": 410539000.0,
        "Operating Revenue": 410539000.0
    }
}