{
    "2023-03-31": {
        "Tax Effect Of Unusual Items": 0.0,
        "Tax Rate For Calcs": 0.0,
        "Normalized EBITDA": -34174000.0,
        "Net Income From Continuing Operation Net Minority Interest": -34780000.0,
        "Reconciled Depreciation": 545000.0,
        "EBIT": -34174000.0,
        "Net Interest Income": 1448000.0,
        "Interest Expense": 606000.0,
        "Interest Income": 2054000.0,
        "Normalized Income": -34780000.0,
        "Net Income From Continuing And Discontinued Operation": -34780000.0,
        "Total Expenses": 39987000.0,
        "Total Operating Income As Reported": -36228000.0,
        "Diluted Average Shares": 49032319.0,
        "Basic Average Shares": 49032319.0,
        "Diluted EPS": -0.71,
        "Basic EPS": -0.71,
        "Diluted NI Availto Com Stockholders": -34780000.0,
        "Net Income Common Stockholders": -34780000.0,
        "Net Income": -34780000.0,
        "Net Income Including Noncontrolling Interests": -34780000.0,
        "Net Income Continuous Operations": -34780000.0,
        "Pretax Income": -34780000.0,
        "Net Non Operating Interest Income Expense": 1448000.0,
        "Interest Expense Non Operating": 606000.0,
        "Interest Income Non Operating": 2054000.0,
        "Operating Income": -36228000.0,
        "Operating Expense": 39987000.0,
        "Research And Development": 29042000.0,
        "Selling General And Administration": 10945000.0,
        "General And Administrative Expense": 10945000.0,
        "Other Gand A": 10945000.0,
        "Salaries And Wages": 7684000.0,
        "Total Revenue": 3759000.0,
        "Operating Revenue": 3759000.0
    },
    "2022-12-31": {
        "Tax Effect Of Unusual Items": 0.0,
        "Tax Rate For Calcs": 0.0,
        "Normalized EBITDA": -36063000.0,
        "Net Income From Continuing Operation Net Minority Interest": -37185000.0,
        "Reconciled Depreciation": 521000.0,
        "EBIT": -36584000.0,
        "Net Interest Income": 1108000.0,
        "Interest Expense": 601000.0,
        "Interest Income": 1709000.0,
        "Normalized Income": -37185000.0,
        "Net Income From Continuing And Discontinued Operation": -37185000.0,
        "Total Expenses": 41147000.0,
        "Total Operating Income As Reported": -38293000.0,
        "Diluted Average Shares": NaN,
        "Basic Average Shares": NaN,
        "Diluted EPS": NaN,
        "Basic EPS": NaN,
        "Diluted NI Availto Com Stockholders": -37185000.0,
        "Net Income Common Stockholders": -37185000.0,
        "Net Income": -37185000.0,
        "Net Income Including Noncontrolling Interests": -37185000.0,
        "Net Income Continuous Operations": -37185000.0,
        "Pretax Income": -37185000.0,
        "Net Non Operating Interest Income Expense": 1108000.0,
        "Interest Expense Non Operating": 601000.0,
        "Interest Income Non Operating": 1709000.0,
        "Operating Income": -38293000.0,
        "Operating Expense": 41147000.0,
        "Research And Development": 30652000.0,
        "Selling General And Administration": 10495000.0,
        "General And Administrative Expense": 10495000.0,
        "Other Gand A": 3192000.0,
        "Salaries And Wages": 7303000.0,
        "Total Revenue": 2854000.0,
        "Operating Revenue": 2854000.0
    },
    "2022-09-30": {
        "Tax Effect Of Unusual Items": 0.0,
        "Tax Rate For Calcs": 0.0,
        "Normalized EBITDA": -30989000.0,
        "Net Income From Continuing Operation Net Minority Interest": -31958000.0,
        "Reconciled Depreciation": 415000.0,
        "EBIT": -31404000.0,
        "Net Interest Income": 530000.0,
        "Interest Expense": 554000.0,
        "Interest Income": 1084000.0,
        "Normalized Income": -31958000.0,
        "Net Income From Continuing And Discontinued Operation": -31958000.0,
        "Total Expenses": 39242000.0,
        "Total Operating Income As Reported": -32488000.0,
        "Diluted Average Shares": 48921928.0,
        "Basic Average Shares": 48921928.0,
        "Diluted EPS": -0.65,
        "Basic EPS": -0.65,
        "Diluted NI Availto Com Stockholders": -31958000.0,
        "Net Income Common Stockholders": -31958000.0,
        "Net Income": -31958000.0,
        "Net Income Including Noncontrolling Interests": -31958000.0,
        "Net Income Continuous Operations": -31958000.0,
        "Pretax Income": -31958000.0,
        "Net Non Operating Interest Income Expense": 530000.0,
        "Interest Expense Non Operating": 554000.0,
        "Interest Income Non Operating": 1084000.0,
        "Operating Income": -32488000.0,
        "Operating Expense": 39242000.0,
        "Research And Development": 29663000.0,
        "Selling General And Administration": 9579000.0,
        "General And Administrative Expense": 9579000.0,
        "Other Gand A": 2762000.0,
        "Salaries And Wages": 6817000.0,
        "Total Revenue": 6754000.0,
        "Operating Revenue": 6754000.0
    },
    "2022-06-30": {
        "Tax Effect Of Unusual Items": 0.0,
        "Tax Rate For Calcs": 0.0,
        "Normalized EBITDA": -26443000.0,
        "Net Income From Continuing Operation Net Minority Interest": -27412000.0,
        "Reconciled Depreciation": 435000.0,
        "EBIT": -26878000.0,
        "Net Interest Income": -28000.0,
        "Interest Expense": 534000.0,
        "Interest Income": 506000.0,
        "Normalized Income": -27412000.0,
        "Net Income From Continuing And Discontinued Operation": -27412000.0,
        "Total Expenses": 41218000.0,
        "Total Operating Income As Reported": -27384000.0,
        "Diluted Average Shares": 48823698.0,
        "Basic Average Shares": 48823698.0,
        "Diluted EPS": -0.56,
        "Basic EPS": -0.56,
        "Diluted NI Availto Com Stockholders": -27412000.0,
        "Net Income Common Stockholders": -27412000.0,
        "Net Income": -27412000.0,
        "Net Income Including Noncontrolling Interests": -27412000.0,
        "Net Income Continuous Operations": -27412000.0,
        "Pretax Income": -27412000.0,
        "Net Non Operating Interest Income Expense": -28000.0,
        "Interest Expense Non Operating": 534000.0,
        "Interest Income Non Operating": 506000.0,
        "Operating Income": -27384000.0,
        "Operating Expense": 41218000.0,
        "Research And Development": 31323000.0,
        "Selling General And Administration": 9895000.0,
        "General And Administrative Expense": 9895000.0,
        "Other Gand A": 2018000.0,
        "Salaries And Wages": 7877000.0,
        "Total Revenue": 13834000.0,
        "Operating Revenue": 13834000.0
    },
    "2022-03-31": {
        "Diluted EPS": -0.65,
        "Total Revenue": 8,
        "Gross Profit": 8,
        "Operating Income": -31,
        "EBIT": -30,
        "Net Income": -32
    },
    "2021-12-31": {
        "Diluted EPS": -0.31,
        "Total Revenue": 20,
        "Gross Profit": 20,
        "Operating Income": -15,
        "EBIT": -14,
        "Net Income": -16
    },
    "2021-09-30": {
        "Diluted EPS": -0.51,
        "Total Revenue": 9,
        "Gross Profit": 9,
        "Operating Income": -24,
        "EBIT": -23,
        "Net Income": -25
    },
    "2021-06-30": {
        "Diluted EPS": -0.51,
        "Total Revenue": 10,
        "Gross Profit": 10,
        "Operating Income": -22,
        "EBIT": -21,
        "Net Income": -23
    },
    "2021-03-31": {
        "Diluted EPS": -0.49,
        "Total Revenue": 7,
        "Gross Profit": 7,
        "Operating Income": -21,
        "EBIT": -20,
        "Net Income": -21
    },
    "2020-12-31": {
        "Diluted EPS": 30.59,
        "Total Revenue": 8,
        "Gross Profit": 8,
        "Operating Income": -19,
        "EBIT": -18,
        "Net Income": -12
    },
    "2020-09-30": {
        "Diluted EPS": -17.55,
        "Total Revenue": 8,
        "Gross Profit": 8,
        "Operating Income": -18,
        "EBIT": -18,
        "Net Income": -27
    },
    "2020-06-30": {
        "Diluted EPS": -9.28,
        "Total Revenue": 10,
        "Gross Profit": 10,
        "Operating Income": -11,
        "EBIT": -10,
        "Net Income": -14
    },
    "2020-03-31": {
        "Diluted EPS": -9.59,
        "Total Revenue": 7,
        "Gross Profit": 7,
        "Operating Income": -12,
        "EBIT": -12,
        "Net Income": -14
    },
    "2019-12-31": {
        "Diluted EPS": 0.0,
        "Total Revenue": NaN,
        "Gross Profit": NaN,
        "Operating Income": NaN,
        "EBIT": NaN,
        "Net Income": NaN
    },
    "2019-09-30": {
        "Diluted EPS": -8.93,
        "Total Revenue": 5,
        "Gross Profit": 5,
        "Operating Income": -10,
        "EBIT": -10,
        "Net Income": -12
    },
    "2023-06-30": {
        "Tax Effect Of Unusual Items": 0.0,
        "Tax Rate For Calcs": 0.0,
        "Normalized EBITDA": -35322000.0,
        "Net Income From Continuing Operation Net Minority Interest": -35922000.0,
        "Reconciled Depreciation": 458000.0,
        "EBIT": -35322000.0,
        "Net Interest Income": 1646000.0,
        "Interest Expense": 600000.0,
        "Interest Income": 2246000.0,
        "Normalized Income": -35922000.0,
        "Net Income From Continuing And Discontinued Operation": -35922000.0,
        "Total Expenses": 40232000.0,
        "Total Operating Income As Reported": -37568000.0,
        "Diluted Average Shares": 49063631.0,
        "Basic Average Shares": 49063631.0,
        "Diluted EPS": -0.73,
        "Basic EPS": -0.73,
        "Diluted NI Availto Com Stockholders": -35922000.0,
        "Net Income Common Stockholders": -35922000.0,
        "Net Income": -35922000.0,
        "Net Income Including Noncontrolling Interests": -35922000.0,
        "Net Income Continuous Operations": -35922000.0,
        "Pretax Income": -35922000.0,
        "Net Non Operating Interest Income Expense": 1646000.0,
        "Interest Expense Non Operating": 600000.0,
        "Interest Income Non Operating": 2246000.0,
        "Operating Income": -37568000.0,
        "Operating Expense": 40232000.0,
        "Research And Development": 29926000.0,
        "Selling General And Administration": 10306000.0,
        "General And Administrative Expense": 10306000.0,
        "Other Gand A": 10306000.0,
        "Salaries And Wages": 7381000.0,
        "Total Revenue": 2664000.0,
        "Operating Revenue": 2664000.0
    }
}