{
    "2023-03-31": {
        "Tax Effect Of Unusual Items": -73260.221608,
        "Tax Rate For Calcs": 0.231836,
        "Normalized EBITDA": 251273000.0,
        "Total Unusual Items": -316000.0,
        "Total Unusual Items Excluding Goodwill": -316000.0,
        "Net Income From Continuing Operation Net Minority Interest": 118969000.0,
        "Reconciled Depreciation": 76373000.0,
        "Reconciled Cost Of Revenue": 519795000.0,
        "EBITDA": 250957000.0,
        "EBIT": 174584000.0,
        "Net Interest Income": 3943000.0,
        "Interest Expense": 19716000.0,
        "Interest Income": 27540000.0,
        "Normalized Income": 119211739.778392,
        "Net Income From Continuing And Discontinued Operation": 118969000.0,
        "Total Expenses": 592270000.0,
        "Total Operating Income As Reported": 94705000.0,
        "Diluted Average Shares": 434557000.0,
        "Basic Average Shares": 432850000.0,
        "Diluted EPS": 0.27,
        "Basic EPS": 0.27,
        "Diluted NI Availto Com Stockholders": 118969000.0,
        "Net Income Common Stockholders": 118969000.0,
        "Net Income": 118969000.0,
        "Minority Interests": 5000.0,
        "Net Income Including Noncontrolling Interests": 118964000.0,
        "Net Income Continuous Operations": 118964000.0,
        "Tax Provision": 35904000.0,
        "Pretax Income": 154868000.0,
        "Other Income Expense": 56220000.0,
        "Other Non Operating Income Expenses": NaN,
        "Special Income Charges": 0.0,
        "Gain On Sale Of Ppe": 0.0,
        "Restructuring And Mergern Acquisition": NaN,
        "Earnings From Equity Interest": 56536000.0,
        "Gain On Sale Of Security": -316000.0,
        "Net Non Operating Interest Income Expense": 3943000.0,
        "Total Other Finance Cost": 3881000.0,
        "Interest Expense Non Operating": 19716000.0,
        "Interest Income Non Operating": 27540000.0,
        "Operating Income": 94705000.0,
        "Operating Expense": 72475000.0,
        "Other Operating Expenses": 4232000.0,
        "Research And Development": 4232000.0,
        "Selling General And Administration": 64011000.0,
        "General And Administrative Expense": 64011000.0,
        "Other Gand A": 64011000.0,
        "Gross Profit": 167180000.0,
        "Cost Of Revenue": 519795000.0,
        "Total Revenue": 686975000.0,
        "Operating Revenue": 686975000.0
    },
    "2022-12-31": {
        "Tax Effect Of Unusual Items": 5299866.552952,
        "Tax Rate For Calcs": 0.226258,
        "Normalized EBITDA": 3609000.0,
        "Total Unusual Items": 23424000.0,
        "Total Unusual Items Excluding Goodwill": 23424000.0,
        "Net Income From Continuing Operation Net Minority Interest": -15417000.0,
        "Reconciled Depreciation": 28004000.0,
        "Reconciled Cost Of Revenue": 458343000.0,
        "EBITDA": 27033000.0,
        "EBIT": -971000.0,
        "Net Interest Income": -1739000.0,
        "Interest Expense": 18962000.0,
        "Interest Income": 21613000.0,
        "Normalized Income": -33541133.447048,
        "Net Income From Continuing And Discontinued Operation": -15417000.0,
        "Total Expenses": 581120000.0,
        "Total Operating Income As Reported": -58565000.0,
        "Diluted Average Shares": NaN,
        "Basic Average Shares": NaN,
        "Diluted EPS": NaN,
        "Basic EPS": NaN,
        "Diluted NI Availto Com Stockholders": -15417000.0,
        "Net Income Common Stockholders": -15417000.0,
        "Net Income": -15417000.0,
        "Minority Interests": 6000.0,
        "Net Income Including Noncontrolling Interests": -15423000.0,
        "Net Income Continuous Operations": -15423000.0,
        "Tax Provision": -4510000.0,
        "Pretax Income": -19933000.0,
        "Other Income Expense": 39197000.0,
        "Other Non Operating Income Expenses": NaN,
        "Special Income Charges": -1174000.0,
        "Gain On Sale Of Ppe": -1174000.0,
        "Restructuring And Mergern Acquisition": 0.0,
        "Earnings From Equity Interest": 15775000.0,
        "Gain On Sale Of Security": 24598000.0,
        "Net Non Operating Interest Income Expense": -1739000.0,
        "Total Other Finance Cost": 4390000.0,
        "Interest Expense Non Operating": 18962000.0,
        "Interest Income Non Operating": 21613000.0,
        "Operating Income": -57391000.0,
        "Operating Expense": 122777000.0,
        "Other Operating Expenses": 90637000.0,
        "Research And Development": 2879000.0,
        "Selling General And Administration": 29261000.0,
        "General And Administrative Expense": 29261000.0,
        "Other Gand A": 29261000.0,
        "Gross Profit": 65386000.0,
        "Cost Of Revenue": 458343000.0,
        "Total Revenue": 523729000.0,
        "Operating Revenue": 523729000.0
    },
    "2022-09-30": {
        "Tax Effect Of Unusual Items": -8716800.0,
        "Tax Rate For Calcs": 0.4,
        "Normalized EBITDA": 43377000.0,
        "Total Unusual Items": -21792000.0,
        "Total Unusual Items Excluding Goodwill": -21792000.0,
        "Net Income From Continuing Operation Net Minority Interest": -19530000.0,
        "Reconciled Depreciation": 47574000.0,
        "Reconciled Cost Of Revenue": 363511000.0,
        "EBITDA": 21585000.0,
        "EBIT": -25989000.0,
        "Net Interest Income": -13820000.0,
        "Interest Expense": 18662000.0,
        "Interest Income": 9457000.0,
        "Normalized Income": -6454800.0,
        "Net Income From Continuing And Discontinued Operation": -19530000.0,
        "Total Expenses": 406385000.0,
        "Total Operating Income As Reported": -17278000.0,
        "Diluted Average Shares": 398439000.0,
        "Basic Average Shares": 398439000.0,
        "Diluted EPS": -0.05,
        "Basic EPS": -0.05,
        "Diluted NI Availto Com Stockholders": -19530000.0,
        "Net Income Common Stockholders": -19530000.0,
        "Net Income": -19530000.0,
        "Minority Interests": 4000.0,
        "Net Income Including Noncontrolling Interests": -19534000.0,
        "Net Income Continuous Operations": -19534000.0,
        "Tax Provision": -25117000.0,
        "Pretax Income": -44651000.0,
        "Other Income Expense": -13105000.0,
        "Other Non Operating Income Expenses": 2000.0,
        "Special Income Charges": 448000.0,
        "Gain On Sale Of Ppe": 448000.0,
        "Restructuring And Mergern Acquisition": 0.0,
        "Earnings From Equity Interest": 8685000.0,
        "Gain On Sale Of Security": -22240000.0,
        "Net Non Operating Interest Income Expense": -13820000.0,
        "Total Other Finance Cost": 4615000.0,
        "Interest Expense Non Operating": 18662000.0,
        "Interest Income Non Operating": 9457000.0,
        "Operating Income": -17726000.0,
        "Operating Expense": 42874000.0,
        "Other Operating Expenses": -21397000.0,
        "Research And Development": 3130000.0,
        "Selling General And Administration": 61141000.0,
        "General And Administrative Expense": 61141000.0,
        "Other Gand A": 61141000.0,
        "Gross Profit": 25148000.0,
        "Cost Of Revenue": 363511000.0,
        "Total Revenue": 388659000.0,
        "Operating Revenue": 388659000.0
    },
    "2022-06-30": {
        "Tax Effect Of Unusual Items": 3804346.758359,
        "Tax Rate For Calcs": 0.240492,
        "Normalized EBITDA": 172372000.0,
        "Total Unusual Items": 15819000.0,
        "Total Unusual Items Excluding Goodwill": 15819000.0,
        "Net Income From Continuing Operation Net Minority Interest": 83979000.0,
        "Reconciled Depreciation": 61197000.0,
        "Reconciled Cost Of Revenue": 464646000.0,
        "EBITDA": 188191000.0,
        "EBIT": 126994000.0,
        "Net Interest Income": -15890000.0,
        "Interest Expense": 16479000.0,
        "Interest Income": 4478000.0,
        "Normalized Income": 71964346.758359,
        "Net Income From Continuing And Discontinued Operation": 83979000.0,
        "Total Expenses": 473494000.0,
        "Total Operating Income As Reported": 83951000.0,
        "Diluted Average Shares": 400005000.0,
        "Basic Average Shares": 398418000.0,
        "Diluted EPS": 0.21,
        "Basic EPS": 0.21,
        "Diluted NI Availto Com Stockholders": 83979000.0,
        "Net Income Common Stockholders": 83979000.0,
        "Net Income": 83979000.0,
        "Minority Interests": 42000.0,
        "Net Income Including Noncontrolling Interests": 83937000.0,
        "Net Income Continuous Operations": 83937000.0,
        "Tax Provision": 26578000.0,
        "Pretax Income": 110515000.0,
        "Other Income Expense": 42322000.0,
        "Other Non Operating Income Expenses": -2000.0,
        "Special Income Charges": 22670000.0,
        "Gain On Sale Of Ppe": -132000.0,
        "Restructuring And Mergern Acquisition": -22802000.0,
        "Earnings From Equity Interest": 26505000.0,
        "Gain On Sale Of Security": -6851000.0,
        "Net Non Operating Interest Income Expense": -15890000.0,
        "Total Other Finance Cost": 3889000.0,
        "Interest Expense Non Operating": 16479000.0,
        "Interest Income Non Operating": 4478000.0,
        "Operating Income": 84083000.0,
        "Operating Expense": 8848000.0,
        "Other Operating Expenses": -18364000.0,
        "Research And Development": 3365000.0,
        "Selling General And Administration": 23847000.0,
        "General And Administrative Expense": 23847000.0,
        "Other Gand A": 23847000.0,
        "Gross Profit": 92931000.0,
        "Cost Of Revenue": 464646000.0,
        "Total Revenue": 557577000.0,
        "Operating Revenue": 557577000.0
    },
    "2023-06-30": {
        "Tax Effect Of Unusual Items": -6050000.0,
        "Tax Rate For Calcs": 0.4,
        "Normalized EBITDA": 112777000.0,
        "Total Unusual Items": -15125000.0,
        "Total Unusual Items Excluding Goodwill": -15125000.0,
        "Net Income From Continuing Operation Net Minority Interest": 13693000.0,
        "Reconciled Depreciation": 41852000.0,
        "Reconciled Cost Of Revenue": 372014000.0,
        "EBITDA": 97652000.0,
        "EBIT": 55800000.0,
        "Net Interest Income": 8354000.0,
        "Interest Expense": 18749000.0,
        "Interest Income": 31098000.0,
        "Normalized Income": 22768000.0,
        "Net Income From Continuing And Discontinued Operation": 13693000.0,
        "Total Expenses": 446436000.0,
        "Total Operating Income As Reported": 35275000.0,
        "Diluted Average Shares": 434618000.0,
        "Basic Average Shares": 433096000.0,
        "Diluted EPS": 0.03,
        "Basic EPS": 0.03,
        "Diluted NI Availto Com Stockholders": 13693000.0,
        "Net Income Common Stockholders": 13693000.0,
        "Net Income": 13693000.0,
        "Minority Interests": 0.0,
        "Net Income Including Noncontrolling Interests": 13693000.0,
        "Net Income Continuous Operations": 13693000.0,
        "Tax Provision": 23358000.0,
        "Pretax Income": 37051000.0,
        "Other Income Expense": -6854000.0,
        "Other Non Operating Income Expenses": 545000.0,
        "Special Income Charges": -276000.0,
        "Gain On Sale Of Ppe": -276000.0,
        "Restructuring And Mergern Acquisition": 0.0,
        "Earnings From Equity Interest": 7726000.0,
        "Gain On Sale Of Security": -14849000.0,
        "Net Non Operating Interest Income Expense": 8354000.0,
        "Total Other Finance Cost": 3995000.0,
        "Interest Expense Non Operating": 18749000.0,
        "Interest Income Non Operating": 31098000.0,
        "Operating Income": 35551000.0,
        "Operating Expense": 74422000.0,
        "Other Operating Expenses": 12267000.0,
        "Research And Development": 5107000.0,
        "Selling General And Administration": 57048000.0,
        "General And Administrative Expense": 57048000.0,
        "Other Gand A": 57048000.0,
        "Gross Profit": 109973000.0,
        "Cost Of Revenue": 372014000.0,
        "Total Revenue": 481987000.0,
        "Operating Revenue": 481987000.0
    },
    "2022-03-31": {
        "Diluted EPS": 0.08,
        "Total Revenue": 314,
        "Gross Profit": 71,
        "Operating Income": 5,
        "EBIT": 37,
        "Net Income": 32
    },
    "2021-12-31": {
        "Diluted EPS": 0.02,
        "Total Revenue": 368,
        "Gross Profit": 84,
        "Operating Income": 4,
        "EBIT": 45,
        "Net Income": 9
    },
    "2021-09-30": {
        "Diluted EPS": -0.14,
        "Total Revenue": 287,
        "Gross Profit": 20,
        "Operating Income": -54,
        "EBIT": -16,
        "Net Income": -57
    },
    "2021-06-30": {
        "Diluted EPS": -0.07,
        "Total Revenue": 292,
        "Gross Profit": 42,
        "Operating Income": -31,
        "EBIT": 3,
        "Net Income": -30
    },
    "2021-03-31": {
        "Diluted EPS": -0.01,
        "Total Revenue": 229,
        "Gross Profit": 8,
        "Operating Income": -24,
        "EBIT": 14,
        "Net Income": -4
    },
    "2020-12-31": {
        "Diluted EPS": 0.15,
        "Total Revenue": 423,
        "Gross Profit": 138,
        "Operating Income": 42,
        "EBIT": 98,
        "Net Income": 59
    },
    "2020-09-30": {
        "Diluted EPS": -0.11,
        "Total Revenue": 284,
        "Gross Profit": 5,
        "Operating Income": -48,
        "EBIT": -22,
        "Net Income": -46
    },
    "2020-06-30": {
        "Diluted EPS": -0.09,
        "Total Revenue": 379,
        "Gross Profit": 25,
        "Operating Income": -54,
        "EBIT": -20,
        "Net Income": -38
    },
    "2020-03-31": {
        "Diluted EPS": -0.04,
        "Total Revenue": 258,
        "Gross Profit": 67,
        "Operating Income": 2,
        "EBIT": 43,
        "Net Income": -14
    },
    "2019-12-31": {
        "Diluted EPS": 0.25,
        "Total Revenue": 660,
        "Gross Profit": 250,
        "Operating Income": 130,
        "EBIT": 209,
        "Net Income": 97
    },
    "2019-09-30": {
        "Diluted EPS": -0.02,
        "Total Revenue": 230,
        "Gross Profit": 51,
        "Operating Income": -27,
        "EBIT": 27,
        "Net Income": -10
    },
    "2019-06-30": {
        "Diluted EPS": -0.05,
        "Total Revenue": 290,
        "Gross Profit": 76,
        "Operating Income": -12,
        "EBIT": 32,
        "Net Income": -17
    },
    "2019-03-31": {
        "Diluted EPS": -0.04,
        "Total Revenue": 224,
        "Gross Profit": 13,
        "Operating Income": -20,
        "EBIT": 11,
        "Net Income": -14
    },
    "2018-12-31": {
        "Diluted EPS": 0.31,
        "Total Revenue": 635,
        "Gross Profit": 232,
        "Operating Income": 120,
        "EBIT": 196,
        "Net Income": 123
    },
    "2018-09-30": {
        "Diluted EPS": 0.05,
        "Total Revenue": 373,
        "Gross Profit": 72,
        "Operating Income": -42,
        "EBIT": 33,
        "Net Income": 22
    },
    "2018-06-30": {
        "Diluted EPS": -0.15,
        "Total Revenue": 258,
        "Gross Profit": 74,
        "Operating Income": -40,
        "EBIT": 13,
        "Net Income": -59
    },
    "2018-03-31": {
        "Diluted EPS": 0.11,
        "Total Revenue": 348,
        "Gross Profit": 103,
        "Operating Income": 18,
        "EBIT": 67,
        "Net Income": 43
    },
    "2017-12-31": {
        "Diluted EPS": -0.12,
        "Total Revenue": 630,
        "Gross Profit": 272,
        "Operating Income": 138,
        "EBIT": 219,
        "Net Income": -45
    },
    "2017-09-30": {
        "Diluted EPS": -0.25,
        "Total Revenue": 387,
        "Gross Profit": 118,
        "Operating Income": 9,
        "EBIT": 93,
        "Net Income": -99
    },
    "2017-06-30": {
        "Diluted EPS": 0.0,
        "Total Revenue": 349,
        "Gross Profit": 128,
        "Operating Income": 39,
        "EBIT": 97,
        "Net Income": -1
    },
    "2017-03-31": {
        "Diluted EPS": -0.04,
        "Total Revenue": 297,
        "Gross Profit": 74,
        "Operating Income": -2,
        "EBIT": 29,
        "Net Income": -14
    },
    "2016-12-31": {
        "Diluted EPS": -0.27,
        "Total Revenue": 663,
        "Gross Profit": 190,
        "Operating Income": 93,
        "EBIT": 164,
        "Net Income": -106
    },
    "2016-09-30": {
        "Diluted EPS": 0.28,
        "Total Revenue": 514,
        "Gross Profit": 198,
        "Operating Income": 79,
        "EBIT": 163,
        "Net Income": 109
    },
    "2016-06-30": {
        "Diluted EPS": -0.27,
        "Total Revenue": 362,
        "Gross Profit": 124,
        "Operating Income": -24,
        "EBIT": 69,
        "Net Income": -107
    },
    "2016-03-31": {
        "Diluted EPS": 0.15,
        "Total Revenue": 298,
        "Gross Profit": 118,
        "Operating Income": 36,
        "EBIT": 68,
        "Net Income": 57
    },
    "2015-12-31": {
        "Diluted EPS": -0.02,
        "Total Revenue": 731,
        "Gross Profit": 446,
        "Operating Income": 153,
        "EBIT": 245,
        "Net Income": -7
    },
    "2015-09-30": {
        "Diluted EPS": -0.01,
        "Total Revenue": 496,
        "Gross Profit": 101,
        "Operating Income": 62,
        "EBIT": 113,
        "Net Income": -3
    },
    "2015-06-30": {
        "Diluted EPS": 0.18,
        "Total Revenue": 459,
        "Gross Profit": 125,
        "Operating Income": 74,
        "EBIT": 127,
        "Net Income": 72
    },
    "2015-03-31": {
        "Diluted EPS": -0.02,
        "Total Revenue": 471,
        "Gross Profit": 118,
        "Operating Income": 73,
        "EBIT": 121,
        "Net Income": -7
    },
    "2014-12-31": {
        "Diluted EPS": 0.14,
        "Total Revenue": 710,
        "Gross Profit": 143,
        "Operating Income": 82,
        "EBIT": 191,
        "Net Income": 58
    },
    "2014-09-30": {
        "Diluted EPS": -0.33,
        "Total Revenue": 523,
        "Gross Profit": 115,
        "Operating Income": 66,
        "EBIT": 139,
        "Net Income": -130
    },
    "2014-06-30": {
        "Diluted EPS": 0.29,
        "Total Revenue": 462,
        "Gross Profit": 126,
        "Operating Income": 84,
        "EBIT": 150,
        "Net Income": 117
    },
    "2014-03-31": {
        "Diluted EPS": 0.3,
        "Total Revenue": 380,
        "Gross Profit": 98,
        "Operating Income": 42,
        "EBIT": 103,
        "Net Income": 119
    },
    "2013-12-31": {
        "Diluted EPS": 0.15,
        "Total Revenue": 884,
        "Gross Profit": 68,
        "Operating Income": 54,
        "EBIT": 169,
        "Net Income": 58
    },
    "2013-09-30": {
        "Diluted EPS": 0.51,
        "Total Revenue": 571,
        "Gross Profit": 216,
        "Operating Income": 162,
        "EBIT": 207,
        "Net Income": 202
    },
    "2013-06-30": {
        "Diluted EPS": 0.09,
        "Total Revenue": 432,
        "Gross Profit": 118,
        "Operating Income": 58,
        "EBIT": 121,
        "Net Income": 35
    },
    "2013-03-31": {
        "Diluted EPS": 0.02,
        "Total Revenue": 439,
        "Gross Profit": 145,
        "Operating Income": 16,
        "EBIT": 68,
        "Net Income": 9
    },
    "2012-12-31": {
        "Diluted EPS": 0.11,
        "Total Revenue": 960,
        "Gross Profit": 306,
        "Operating Income": 225,
        "EBIT": 342,
        "Net Income": 45
    },
    "2012-09-30": {
        "Diluted EPS": 0.21,
        "Total Revenue": 410,
        "Gross Profit": 135,
        "Operating Income": 59,
        "EBIT": 116,
        "Net Income": 82
    },
    "2012-06-30": {
        "Diluted EPS": 0.02,
        "Total Revenue": 388,
        "Gross Profit": 103,
        "Operating Income": 38,
        "EBIT": 99,
        "Net Income": 8
    },
    "2012-03-31": {
        "Diluted EPS": 0.34,
        "Total Revenue": 573,
        "Gross Profit": 188,
        "Operating Income": 122,
        "EBIT": 180,
        "Net Income": 134
    },
    "2011-12-31": {
        "Diluted EPS": 0.67,
        "Total Revenue": 982,
        "Gross Profit": 260,
        "Operating Income": 285,
        "EBIT": 397,
        "Net Income": 266
    },
    "2011-09-30": {
        "Diluted EPS": 0.1,
        "Total Revenue": 517,
        "Gross Profit": 161,
        "Operating Income": 84,
        "EBIT": 147,
        "Net Income": 38
    },
    "2011-06-30": {
        "Diluted EPS": 0.15,
        "Total Revenue": 444,
        "Gross Profit": 167,
        "Operating Income": 62,
        "EBIT": 114,
        "Net Income": 56
    },
    "2011-03-31": {
        "Diluted EPS": 0.24,
        "Total Revenue": 472,
        "Gross Profit": 199,
        "Operating Income": 96,
        "EBIT": 146,
        "Net Income": 95
    },
    "2010-12-31": {
        "Diluted EPS": 0.52,
        "Total Revenue": 676,
        "Gross Profit": 325,
        "Operating Income": 173,
        "EBIT": 243,
        "Net Income": 208
    },
    "2010-09-30": {
        "Diluted EPS": 0.25,
        "Total Revenue": 419,
        "Gross Profit": 223,
        "Operating Income": 88,
        "EBIT": 148,
        "Net Income": 98
    },
    "2010-06-30": {
        "Diluted EPS": 0.17,
        "Total Revenue": 531,
        "Gross Profit": 224,
        "Operating Income": 115,
        "EBIT": 178,
        "Net Income": 66
    },
    "2010-03-31": {
        "Diluted EPS": 0.35,
        "Total Revenue": 478,
        "Gross Profit": 236,
        "Operating Income": 140,
        "EBIT": 191,
        "Net Income": 140
    },
    "2009-12-31": {
        "Diluted EPS": 1.45,
        "Total Revenue": 629,
        "Gross Profit": 540,
        "Operating Income": 541,
        "EBIT": 512,
        "Net Income": 571
    },
    "2009-09-30": {
        "Diluted EPS": 0.4,
        "Total Revenue": 632,
        "Gross Profit": 260,
        "Operating Income": 119,
        "EBIT": 216,
        "Net Income": 157
    },
    "2009-06-30": {
        "Diluted EPS": 0.58,
        "Total Revenue": 707,
        "Gross Profit": 305,
        "Operating Income": 176,
        "EBIT": 258,
        "Net Income": 226
    },
    "2009-03-31": {
        "Diluted EPS": 0.18,
        "Total Revenue": 514,
        "Gross Profit": 212,
        "Operating Income": 106,
        "EBIT": 168,
        "Net Income": 69
    },
    "2023-09-30": {
        "Tax Effect Of Unusual Items": 1399910.565658,
        "Tax Rate For Calcs": 0.21504,
        "Normalized EBITDA": 257366000.0,
        "Total Unusual Items": 6510000.0,
        "Total Unusual Items Excluding Goodwill": 6510000.0,
        "Net Income From Continuing Operation Net Minority Interest": 148080000.0,
        "Reconciled Depreciation": 55987000.0,
        "Reconciled Cost Of Revenue": 423289000.0,
        "EBITDA": 263876000.0,
        "EBIT": 207889000.0,
        "Net Interest Income": 11026000.0,
        "Interest Expense": 19259000.0,
        "Interest Income": 33986000.0,
        "Normalized Income": 142969910.565658,
        "Net Income From Continuing And Discontinued Operation": 148080000.0,
        "Total Expenses": 439451000.0,
        "Total Operating Income As Reported": 135536000.0,
        "Diluted Average Shares": 435134000.0,
        "Basic Average Shares": 433587000.0,
        "Diluted EPS": 0.34,
        "Basic EPS": 0.34,
        "Diluted NI Availto Com Stockholders": 148080000.0,
        "Net Income Common Stockholders": 148080000.0,
        "Net Income": 148080000.0,
        "Minority Interests": 13000.0,
        "Net Income Including Noncontrolling Interests": 148067000.0,
        "Net Income Continuous Operations": 148067000.0,
        "Tax Provision": 40563000.0,
        "Pretax Income": 188630000.0,
        "Other Income Expense": 41976000.0,
        "Other Non Operating Income Expenses": NaN,
        "Special Income Charges": -92000.0,
        "Gain On Sale Of Ppe": -92000.0,
        "Restructuring And Mergern Acquisition": 0.0,
        "Earnings From Equity Interest": 35466000.0,
        "Gain On Sale Of Security": 6602000.0,
        "Net Non Operating Interest Income Expense": 11026000.0,
        "Total Other Finance Cost": 3701000.0,
        "Interest Expense Non Operating": 19259000.0,
        "Interest Income Non Operating": 33986000.0,
        "Operating Income": 135628000.0,
        "Operating Expense": 16162000.0,
        "Other Operating Expenses": -57198000.0,
        "Research And Development": 7850000.0,
        "Selling General And Administration": 65510000.0,
        "General And Administrative Expense": 65510000.0,
        "Other Gand A": 65510000.0,
        "Gross Profit": 151790000.0,
        "Cost Of Revenue": 423289000.0,
        "Total Revenue": 575079000.0,
        "Operating Revenue": 575079000.0
    },
    "2023-12-31": {
        "Tax Effect Of Unusual Items": 14978328.746306,
        "Tax Rate For Calcs": 0.248694,
        "Normalized EBITDA": 126811000.0,
        "Total Unusual Items": 60228000.0,
        "Total Unusual Items Excluding Goodwill": 60228000.0,
        "Net Income From Continuing Operation Net Minority Interest": 80106000.0,
        "Reconciled Depreciation": 46112000.0,
        "Reconciled Cost Of Revenue": 710994000.0,
        "EBITDA": 187039000.0,
        "EBIT": 140927000.0,
        "Net Interest Income": -27522000.0,
        "Interest Expense": 34322000.0,
        "Interest Income": 19045000.0,
        "Normalized Income": 34856328.746306,
        "Net Income From Continuing And Discontinued Operation": 80106000.0,
        "Total Expenses": 824553000.0,
        "Total Operating Income As Reported": 17344000.0,
        "Diluted Average Shares": NaN,
        "Basic Average Shares": NaN,
        "Diluted EPS": NaN,
        "Basic EPS": NaN,
        "Diluted NI Availto Com Stockholders": 80106000.0,
        "Net Income Common Stockholders": 80106000.0,
        "Net Income": 80106000.0,
        "Minority Interests": 13000.0,
        "Net Income Including Noncontrolling Interests": 80093000.0,
        "Net Income Continuous Operations": 80093000.0,
        "Tax Provision": 26512000.0,
        "Pretax Income": 106605000.0,
        "Other Income Expense": 114963000.0,
        "Other Non Operating Income Expenses": 1000.0,
        "Special Income Charges": -1820000.0,
        "Gain On Sale Of Ppe": -1820000.0,
        "Restructuring And Mergern Acquisition": 0.0,
        "Earnings From Equity Interest": 54734000.0,
        "Gain On Sale Of Security": 62048000.0,
        "Net Non Operating Interest Income Expense": -27522000.0,
        "Total Other Finance Cost": 12245000.0,
        "Interest Expense Non Operating": 34322000.0,
        "Interest Income Non Operating": 19045000.0,
        "Operating Income": 19164000.0,
        "Operating Expense": 113559000.0,
        "Other Operating Expenses": 50742000.0,
        "Research And Development": 3847000.0,
        "Selling General And Administration": 58970000.0,
        "General And Administrative Expense": 58970000.0,
        "Other Gand A": 58970000.0,
        "Gross Profit": 132723000.0,
        "Cost Of Revenue": 710994000.0,
        "Total Revenue": 843717000.0,
        "Operating Revenue": 843717000.0
    }
}