{
    "2023-03-31": {
        "Tax Effect Of Unusual Items": -107600.0,
        "Tax Rate For Calcs": 0.4,
        "Normalized EBITDA": 3288000.0,
        "Total Unusual Items": -269000.0,
        "Total Unusual Items Excluding Goodwill": -269000.0,
        "Net Income From Continuing Operation Net Minority Interest": -401000.0,
        "Reconciled Depreciation": 3205000.0,
        "Reconciled Cost Of Revenue": 17940000.0,
        "EBIT": -186000.0,
        "Net Interest Income": -130000.0,
        "Interest Expense": 150000.0,
        "Interest Income": 20000.0,
        "Normalized Income": -239600.0,
        "Net Income From Continuing And Discontinued Operation": -401000.0,
        "Total Expenses": 29955000.0,
        "Total Operating Income As Reported": -223000.0,
        "Diluted Average Shares": 15421096.0,
        "Basic Average Shares": 15421096.0,
        "Diluted EPS": -0.28,
        "Basic EPS": -0.28,
        "Diluted NI Availto Com Stockholders": -4332000.0,
        "Net Income Common Stockholders": -4332000.0,
        "Preferred Stock Dividends": 3931000.0,
        "Net Income": -401000.0,
        "Net Income Including Noncontrolling Interests": -401000.0,
        "Net Income Continuous Operations": -401000.0,
        "Tax Provision": 65000.0,
        "Pretax Income": -336000.0,
        "Other Income Expense": -252000.0,
        "Other Non Operating Income Expenses": 17000.0,
        "Special Income Charges": -269000.0,
        "Other Special Charges": 269000.0,
        "Restructuring And Mergern Acquisition": 0.0,
        "Net Non Operating Interest Income Expense": -130000.0,
        "Interest Expense Non Operating": 150000.0,
        "Interest Income Non Operating": 20000.0,
        "Operating Income": 46000.0,
        "Operating Expense": 11848000.0,
        "Depreciation Amortization Depletion Income Statement": 3038000.0,
        "Depreciation And Amortization In Income Statement": 3038000.0,
        "Research And Development": 1078000.0,
        "Selling General And Administration": 7732000.0,
        "Selling And Marketing Expense": 2612000.0,
        "General And Administrative Expense": 5120000.0,
        "Other Gand A": 5120000.0,
        "Gross Profit": 11894000.0,
        "Cost Of Revenue": 18107000.0,
        "Total Revenue": 30001000.0,
        "Operating Revenue": 30001000.0
    },
    "2022-12-31": {
        "Tax Effect Of Unusual Items": -620.300752,
        "Tax Rate For Calcs": 0.06203,
        "Normalized EBITDA": 3683000.0,
        "Total Unusual Items": -10000.0,
        "Total Unusual Items Excluding Goodwill": -10000.0,
        "Net Income From Continuing Operation Net Minority Interest": 499000.0,
        "Reconciled Depreciation": 3039000.0,
        "Reconciled Cost Of Revenue": 19568000.0,
        "EBIT": 634000.0,
        "Net Interest Income": -83000.0,
        "Interest Expense": 102000.0,
        "Interest Income": 19000.0,
        "Normalized Income": 508379.699248,
        "Net Income From Continuing And Discontinued Operation": 499000.0,
        "Total Expenses": 31572000.0,
        "Total Operating Income As Reported": 952000.0,
        "Diluted Average Shares": 15224347.0,
        "Basic Average Shares": 15224347.0,
        "Diluted EPS": -0.22,
        "Basic EPS": -0.22,
        "Diluted NI Availto Com Stockholders": -3356000.0,
        "Net Income Common Stockholders": -3356000.0,
        "Preferred Stock Dividends": 3855000.0,
        "Net Income": 499000.0,
        "Net Income Including Noncontrolling Interests": 499000.0,
        "Net Income Continuous Operations": 499000.0,
        "Tax Provision": 33000.0,
        "Pretax Income": 532000.0,
        "Other Income Expense": -347000.0,
        "Other Non Operating Income Expenses": -337000.0,
        "Special Income Charges": -10000.0,
        "Other Special Charges": 210000.0,
        "Restructuring And Mergern Acquisition": -200000.0,
        "Net Non Operating Interest Income Expense": -83000.0,
        "Interest Expense Non Operating": 102000.0,
        "Interest Income Non Operating": 19000.0,
        "Operating Income": 962000.0,
        "Operating Expense": 12004000.0,
        "Depreciation Amortization Depletion Income Statement": 3039000.0,
        "Depreciation And Amortization In Income Statement": 3039000.0,
        "Research And Development": 1150000.0,
        "Selling General And Administration": 7815000.0,
        "Selling And Marketing Expense": 2474000.0,
        "General And Administrative Expense": 5341000.0,
        "Other Gand A": 5341000.0,
        "Gross Profit": 12966000.0,
        "Cost Of Revenue": 19568000.0,
        "Total Revenue": 32534000.0,
        "Operating Revenue": 32534000.0
    },
    "2022-09-30": {
        "Tax Effect Of Unusual Items": 66980.19802,
        "Tax Rate For Calcs": 0.049505,
        "Normalized EBITDA": 2815000.0,
        "Total Unusual Items": 1353000.0,
        "Total Unusual Items Excluding Goodwill": 1353000.0,
        "Net Income From Continuing Operation Net Minority Interest": 1056000.0,
        "Reconciled Depreciation": 2961000.0,
        "Reconciled Cost Of Revenue": 20255000.0,
        "EBIT": 1207000.0,
        "Net Interest Income": -82000.0,
        "Interest Expense": 96000.0,
        "Interest Income": 14000.0,
        "Normalized Income": -230019.80198,
        "Net Income From Continuing And Discontinued Operation": 1056000.0,
        "Total Expenses": 33388000.0,
        "Total Operating Income As Reported": 1688000.0,
        "Diluted Average Shares": 15148721.0,
        "Basic Average Shares": 15148721.0,
        "Diluted EPS": -0.18,
        "Basic EPS": -0.18,
        "Diluted NI Availto Com Stockholders": -2793000.0,
        "Net Income Common Stockholders": -2793000.0,
        "Preferred Stock Dividends": 3849000.0,
        "Net Income": 1056000.0,
        "Net Income Including Noncontrolling Interests": 1056000.0,
        "Net Income Continuous Operations": 1056000.0,
        "Tax Provision": 55000.0,
        "Pretax Income": 1111000.0,
        "Other Income Expense": 858000.0,
        "Other Non Operating Income Expenses": -495000.0,
        "Special Income Charges": 1353000.0,
        "Other Special Charges": 307000.0,
        "Restructuring And Mergern Acquisition": -1660000.0,
        "Net Non Operating Interest Income Expense": -82000.0,
        "Interest Expense Non Operating": 96000.0,
        "Interest Income Non Operating": 14000.0,
        "Operating Income": 335000.0,
        "Operating Expense": 12982000.0,
        "Depreciation Amortization Depletion Income Statement": 2810000.0,
        "Depreciation And Amortization In Income Statement": 2810000.0,
        "Research And Development": 1168000.0,
        "Selling General And Administration": 9004000.0,
        "Selling And Marketing Expense": 2504000.0,
        "General And Administrative Expense": 6500000.0,
        "Other Gand A": 6500000.0,
        "Gross Profit": 13317000.0,
        "Cost Of Revenue": 20406000.0,
        "Total Revenue": 33723000.0,
        "Operating Revenue": 33723000.0
    },
    "2022-06-30": {
        "Tax Effect Of Unusual Items": 1511.585807,
        "Tax Rate For Calcs": 0.009051,
        "Normalized EBITDA": 5781000.0,
        "Total Unusual Items": 167000.0,
        "Total Unusual Items Excluding Goodwill": 167000.0,
        "Net Income From Continuing Operation Net Minority Interest": 2737000.0,
        "Reconciled Depreciation": 3079000.0,
        "Reconciled Cost Of Revenue": 21644000.0,
        "EBIT": 2869000.0,
        "Net Interest Income": -104000.0,
        "Interest Expense": 107000.0,
        "Interest Income": 3000.0,
        "Normalized Income": 2571511.585807,
        "Net Income From Continuing And Discontinued Operation": 2737000.0,
        "Total Expenses": 34641000.0,
        "Total Operating Income As Reported": 2754000.0,
        "Diluted Average Shares": 15070147.0,
        "Basic Average Shares": 15070147.0,
        "Diluted EPS": -0.07,
        "Basic EPS": -0.07,
        "Diluted NI Availto Com Stockholders": -1039000.0,
        "Net Income Common Stockholders": -1039000.0,
        "Preferred Stock Dividends": 3776000.0,
        "Net Income": 2737000.0,
        "Net Income Including Noncontrolling Interests": 2737000.0,
        "Net Income Continuous Operations": 2737000.0,
        "Tax Provision": 25000.0,
        "Pretax Income": 2762000.0,
        "Other Income Expense": 279000.0,
        "Other Non Operating Income Expenses": 112000.0,
        "Special Income Charges": 167000.0,
        "Other Special Charges": 463000.0,
        "Restructuring And Mergern Acquisition": -630000.0,
        "Net Non Operating Interest Income Expense": -104000.0,
        "Interest Expense Non Operating": 107000.0,
        "Interest Income Non Operating": 3000.0,
        "Operating Income": 2587000.0,
        "Operating Expense": 12854000.0,
        "Depreciation Amortization Depletion Income Statement": 2936000.0,
        "Depreciation And Amortization In Income Statement": 2936000.0,
        "Research And Development": 1098000.0,
        "Selling General And Administration": 8820000.0,
        "Selling And Marketing Expense": 2426000.0,
        "General And Administrative Expense": 6394000.0,
        "Other Gand A": 6394000.0,
        "Gross Profit": 15441000.0,
        "Cost Of Revenue": 21787000.0,
        "Total Revenue": 37228000.0,
        "Operating Revenue": 37228000.0
    },
    "2022-03-31": {
        "Diluted EPS": -0.19,
        "Total Revenue": 35,
        "Gross Profit": 13,
        "Operating Income": 1,
        "EBIT": 5,
        "Net Income": -3
    },
    "2021-12-31": {
        "Diluted EPS": 0.01,
        "Total Revenue": 37,
        "Gross Profit": 13,
        "Operating Income": 4,
        "EBIT": 8,
        "Net Income": 0
    },
    "2021-09-30": {
        "Diluted EPS": -0.15,
        "Total Revenue": 38,
        "Gross Profit": 14,
        "Operating Income": 1,
        "EBIT": 6,
        "Net Income": -2
    },
    "2021-06-30": {
        "Diluted EPS": -0.27,
        "Total Revenue": 34,
        "Gross Profit": 14,
        "Operating Income": 0,
        "EBIT": 4,
        "Net Income": -4
    },
    "2021-03-31": {
        "Diluted EPS": -0.36,
        "Total Revenue": 30,
        "Gross Profit": 12,
        "Operating Income": -2,
        "EBIT": 2,
        "Net Income": -5
    },
    "2020-12-31": {
        "Diluted EPS": -0.26,
        "Total Revenue": 32,
        "Gross Profit": 13,
        "Operating Income": 0,
        "EBIT": 4,
        "Net Income": -4
    },
    "2020-09-30": {
        "Diluted EPS": -0.46,
        "Total Revenue": 32,
        "Gross Profit": 12,
        "Operating Income": -1,
        "EBIT": 3,
        "Net Income": -6
    },
    "2020-06-30": {
        "Diluted EPS": -0.65,
        "Total Revenue": 20,
        "Gross Profit": 7,
        "Operating Income": -5,
        "EBIT": -2,
        "Net Income": -8
    },
    "2020-03-31": {
        "Diluted EPS": -0.42,
        "Total Revenue": 22,
        "Gross Profit": 8,
        "Operating Income": -3,
        "EBIT": -1,
        "Net Income": -5
    },
    "2019-12-31": {
        "Diluted EPS": -0.12,
        "Total Revenue": 16,
        "Gross Profit": 6,
        "Operating Income": 1,
        "EBIT": 2,
        "Net Income": -1
    },
    "2019-09-30": {
        "Diluted EPS": -0.14,
        "Total Revenue": 17,
        "Gross Profit": 6,
        "Operating Income": 1,
        "EBIT": 2,
        "Net Income": -2
    },
    "2019-06-30": {
        "Diluted EPS": -0.19,
        "Total Revenue": 17,
        "Gross Profit": 5,
        "Operating Income": -1,
        "EBIT": 0,
        "Net Income": -2
    },
    "2019-03-31": {
        "Diluted EPS": -0.15,
        "Total Revenue": 15,
        "Gross Profit": 5,
        "Operating Income": 0,
        "EBIT": 1,
        "Net Income": -2
    },
    "2018-12-31": {
        "Diluted EPS": -0.19,
        "Total Revenue": 17,
        "Gross Profit": 6,
        "Operating Income": -1,
        "EBIT": 0,
        "Net Income": -2
    },
    "2018-09-30": {
        "Diluted EPS": -0.25,
        "Total Revenue": 17,
        "Gross Profit": 5,
        "Operating Income": -2,
        "EBIT": -1,
        "Net Income": -3
    },
    "2018-06-30": {
        "Diluted EPS": -0.09,
        "Total Revenue": 9,
        "Gross Profit": 4,
        "Operating Income": 0,
        "EBIT": 1,
        "Net Income": -1
    },
    "2018-03-31": {
        "Diluted EPS": -0.06,
        "Total Revenue": 8,
        "Gross Profit": 4,
        "Operating Income": 0,
        "EBIT": 1,
        "Net Income": -1
    },
    "2017-12-31": {
        "Diluted EPS": -0.06,
        "Total Revenue": 8,
        "Gross Profit": 4,
        "Operating Income": 0,
        "EBIT": 0,
        "Net Income": -1
    },
    "2017-09-30": {
        "Diluted EPS": -0.14,
        "Total Revenue": 8,
        "Gross Profit": 3,
        "Operating Income": 0,
        "EBIT": 0,
        "Net Income": -2
    },
    "2017-06-30": {
        "Diluted EPS": -0.2,
        "Total Revenue": 8,
        "Gross Profit": 4,
        "Operating Income": -1,
        "EBIT": 0,
        "Net Income": -2
    },
    "2017-03-31": {
        "Diluted EPS": -0.29,
        "Total Revenue": 8,
        "Gross Profit": 3,
        "Operating Income": -2,
        "EBIT": -1,
        "Net Income": -3
    },
    "2016-12-31": {
        "Diluted EPS": -0.42,
        "Total Revenue": 9,
        "Gross Profit": 3,
        "Operating Income": -4,
        "EBIT": -2,
        "Net Income": -4
    },
    "2016-09-30": {
        "Diluted EPS": -0.17,
        "Total Revenue": 5,
        "Gross Profit": 3,
        "Operating Income": -1,
        "EBIT": 0,
        "Net Income": -2
    },
    "2016-06-30": {
        "Diluted EPS": -0.15,
        "Total Revenue": 5,
        "Gross Profit": 3,
        "Operating Income": -1,
        "EBIT": 0,
        "Net Income": -1
    },
    "2016-03-31": {
        "Diluted EPS": -0.21,
        "Total Revenue": 5,
        "Gross Profit": 3,
        "Operating Income": -2,
        "EBIT": -1,
        "Net Income": -2
    },
    "2015-12-31": {
        "Diluted EPS": -0.1,
        "Total Revenue": 5,
        "Gross Profit": 3,
        "Operating Income": -1,
        "EBIT": 1,
        "Net Income": -1
    },
    "2015-09-30": {
        "Diluted EPS": -0.13,
        "Total Revenue": 6,
        "Gross Profit": 3,
        "Operating Income": -1,
        "EBIT": 0,
        "Net Income": -1
    },
    "2015-06-30": {
        "Diluted EPS": -0.15,
        "Total Revenue": 6,
        "Gross Profit": 3,
        "Operating Income": -2,
        "EBIT": 0,
        "Net Income": -1
    },
    "2015-03-31": {
        "Diluted EPS": -0.12,
        "Total Revenue": 6,
        "Gross Profit": 3,
        "Operating Income": -1,
        "EBIT": 0,
        "Net Income": -1
    },
    "2014-12-31": {
        "Diluted EPS": -0.16,
        "Total Revenue": 7,
        "Gross Profit": 2,
        "Operating Income": -1,
        "EBIT": 0,
        "Net Income": -1
    },
    "2014-09-30": {
        "Diluted EPS": -0.34,
        "Total Revenue": 6,
        "Gross Profit": 2,
        "Operating Income": -2,
        "EBIT": -1,
        "Net Income": -3
    },
    "2014-06-30": {
        "Diluted EPS": -0.06,
        "Total Revenue": 3,
        "Gross Profit": 2,
        "Operating Income": 0,
        "EBIT": 0,
        "Net Income": 0
    },
    "2014-03-31": {
        "Diluted EPS": -0.08,
        "Total Revenue": 3,
        "Gross Profit": 1,
        "Operating Income": 0,
        "EBIT": 0,
        "Net Income": 0
    },
    "2013-12-31": {
        "Diluted EPS": 0.01,
        "Total Revenue": 3,
        "Gross Profit": 2,
        "Operating Income": 0,
        "EBIT": 0,
        "Net Income": 0
    },
    "2013-09-30": {
        "Diluted EPS": -0.03,
        "Total Revenue": 3,
        "Gross Profit": 2,
        "Operating Income": 0,
        "EBIT": 0,
        "Net Income": 0
    },
    "2013-06-30": {
        "Diluted EPS": -0.02,
        "Total Revenue": 2,
        "Gross Profit": 1,
        "Operating Income": 0,
        "EBIT": 0,
        "Net Income": 0
    },
    "2013-03-31": {
        "Diluted EPS": 0.0,
        "Total Revenue": 2,
        "Gross Profit": 1,
        "Operating Income": 0,
        "EBIT": 0,
        "Net Income": 0
    },
    "2012-12-31": {
        "Diluted EPS": 0.0,
        "Total Revenue": NaN,
        "Gross Profit": NaN,
        "Operating Income": NaN,
        "EBIT": NaN,
        "Net Income": NaN
    },
    "2023-06-30": {
        "Tax Effect Of Unusual Items": -61200.0,
        "Tax Rate For Calcs": 0.4,
        "Normalized EBITDA": 2188000.0,
        "Total Unusual Items": -153000.0,
        "Total Unusual Items Excluding Goodwill": -153000.0,
        "Net Income From Continuing Operation Net Minority Interest": -1832000.0,
        "Reconciled Depreciation": 3458000.0,
        "Reconciled Cost Of Revenue": 17359000.0,
        "EBIT": -1423000.0,
        "Net Interest Income": -275000.0,
        "Interest Expense": 327000.0,
        "Interest Income": 52000.0,
        "Normalized Income": -1740200.0,
        "Net Income From Continuing And Discontinued Operation": -1832000.0,
        "Total Expenses": 30498000.0,
        "Total Operating Income As Reported": -1289000.0,
        "Diluted Average Shares": 15615760.0,
        "Basic Average Shares": 15615760.0,
        "Diluted EPS": -0.37,
        "Basic EPS": -0.37,
        "Diluted NI Availto Com Stockholders": -5742000.0,
        "Net Income Common Stockholders": -5742000.0,
        "Preferred Stock Dividends": 3910000.0,
        "Net Income": -1832000.0,
        "Net Income Including Noncontrolling Interests": -1832000.0,
        "Net Income Continuous Operations": -1832000.0,
        "Tax Provision": 82000.0,
        "Pretax Income": -1750000.0,
        "Other Income Expense": -339000.0,
        "Other Non Operating Income Expenses": -186000.0,
        "Special Income Charges": -153000.0,
        "Other Special Charges": 153000.0,
        "Restructuring And Mergern Acquisition": 0.0,
        "Net Non Operating Interest Income Expense": -275000.0,
        "Interest Expense Non Operating": 327000.0,
        "Interest Income Non Operating": 52000.0,
        "Operating Income": -1136000.0,
        "Operating Expense": 13022000.0,
        "Depreciation Amortization Depletion Income Statement": 3341000.0,
        "Depreciation And Amortization In Income Statement": 3341000.0,
        "Research And Development": 1185000.0,
        "Selling General And Administration": 8496000.0,
        "Selling And Marketing Expense": 2580000.0,
        "General And Administrative Expense": 5916000.0,
        "Other Gand A": 5916000.0,
        "Gross Profit": 11886000.0,
        "Cost Of Revenue": 17476000.0,
        "Total Revenue": 29362000.0,
        "Operating Revenue": 29362000.0
    }
}