{
    "2022-06-30": {
        "Diluted EPS": 0.0,
        "Total Revenue": NaN,
        "Gross Profit": NaN,
        "Operating Income": NaN,
        "Net Income": NaN
    },
    "2016-03-31": {
        "Diluted EPS": -0.11,
        "Total Revenue": 19,
        "Gross Profit": 7,
        "Operating Income": -2,
        "EBIT": -2,
        "Net Income": -5
    },
    "2015-12-31": {
        "Diluted EPS": -0.58,
        "Total Revenue": 21,
        "Gross Profit": 9,
        "Operating Income": -6,
        "EBIT": -6,
        "Net Income": -26
    },
    "2015-09-30": {
        "Diluted EPS": 0.08,
        "Total Revenue": 24,
        "Gross Profit": 10,
        "Operating Income": 0,
        "EBIT": 0,
        "Net Income": 4
    },
    "2015-06-30": {
        "Diluted EPS": 0.13,
        "Total Revenue": 28,
        "Gross Profit": 13,
        "Operating Income": 3,
        "EBIT": 3,
        "Net Income": 6
    },
    "2015-03-31": {
        "Diluted EPS": 0.11,
        "Total Revenue": 24,
        "Gross Profit": 12,
        "Operating Income": 4,
        "EBIT": 4,
        "Net Income": 5
    },
    "2014-12-31": {
        "Diluted EPS": 0.1,
        "Total Revenue": 26,
        "Gross Profit": 66,
        "Operating Income": 62,
        "EBIT": 62,
        "Net Income": 5
    },
    "2014-09-30": {
        "Diluted EPS": 0.12,
        "Total Revenue": 43,
        "Gross Profit": 14,
        "Operating Income": 9,
        "EBIT": 9,
        "Net Income": 6
    },
    "2014-06-30": {
        "Diluted EPS": 0.13,
        "Total Revenue": 46,
        "Gross Profit": 18,
        "Operating Income": 10,
        "EBIT": 10,
        "Net Income": 6
    },
    "2014-03-31": {
        "Diluted EPS": 0.1,
        "Total Revenue": 41,
        "Gross Profit": 14,
        "Operating Income": 6,
        "EBIT": 6,
        "Net Income": 4
    },
    "2013-12-31": {
        "Diluted EPS": 0.05,
        "Total Revenue": 47,
        "Gross Profit": 19,
        "Operating Income": 7,
        "EBIT": 7,
        "Net Income": 2
    },
    "2013-09-30": {
        "Diluted EPS": 0.1,
        "Total Revenue": 38,
        "Gross Profit": 14,
        "Operating Income": 7,
        "EBIT": 7,
        "Net Income": 4
    },
    "2013-06-30": {
        "Diluted EPS": 0.11,
        "Total Revenue": 41,
        "Gross Profit": 17,
        "Operating Income": 8,
        "EBIT": 8,
        "Net Income": 5
    },
    "2013-03-31": {
        "Diluted EPS": 0.07,
        "Total Revenue": 33,
        "Gross Profit": 12,
        "Operating Income": 5,
        "EBIT": 5,
        "Net Income": 3
    },
    "2012-12-31": {
        "Diluted EPS": 0.11,
        "Total Revenue": 36,
        "Gross Profit": 15,
        "Operating Income": 9,
        "EBIT": 9,
        "Net Income": 1
    },
    "2012-09-30": {
        "Diluted EPS": 0.13,
        "Total Revenue": 33,
        "Gross Profit": 13,
        "Operating Income": 9,
        "EBIT": 9,
        "Net Income": 6
    },
    "2012-06-30": {
        "Diluted EPS": 0.13,
        "Total Revenue": 21,
        "Gross Profit": 15,
        "Operating Income": 9,
        "EBIT": 9,
        "Net Income": 6
    },
    "2012-03-31": {
        "Diluted EPS": 0.08,
        "Total Revenue": 17,
        "Gross Profit": 10,
        "Operating Income": 6,
        "EBIT": 6,
        "Net Income": 4
    },
    "2011-12-31": {
        "Diluted EPS": -1.04,
        "Total Revenue": 18,
        "Gross Profit": 11,
        "Operating Income": -2,
        "EBIT": -2,
        "Net Income": -49
    },
    "2011-09-30": {
        "Diluted EPS": 0.13,
        "Total Revenue": 20,
        "Gross Profit": 13,
        "Operating Income": 9,
        "EBIT": 9,
        "Net Income": 6
    },
    "2011-06-30": {
        "Diluted EPS": 0.12,
        "Total Revenue": 19,
        "Gross Profit": 13,
        "Operating Income": 9,
        "EBIT": 9,
        "Net Income": 6
    },
    "2011-03-31": {
        "Diluted EPS": 0.07,
        "Total Revenue": 13,
        "Gross Profit": 8,
        "Operating Income": 5,
        "EBIT": 5,
        "Net Income": 3
    },
    "2010-12-31": {
        "Diluted EPS": 0.13,
        "Total Revenue": 17,
        "Gross Profit": 12,
        "Operating Income": 7,
        "EBIT": 7,
        "Net Income": 6
    },
    "2010-09-30": {
        "Diluted EPS": 0.1,
        "Total Revenue": 15,
        "Gross Profit": 10,
        "Operating Income": 7,
        "EBIT": 7,
        "Net Income": 5
    },
    "2010-06-30": {
        "Diluted EPS": 0.1,
        "Total Revenue": 15,
        "Gross Profit": 10,
        "Operating Income": 7,
        "EBIT": 7,
        "Net Income": 5
    },
    "2010-03-31": {
        "Diluted EPS": 0.06,
        "Total Revenue": 11,
        "Gross Profit": 7,
        "Operating Income": 5,
        "EBIT": 5,
        "Net Income": 3
    },
    "2009-12-31": {
        "Diluted EPS": 0.03,
        "Total Revenue": 13,
        "Gross Profit": 13,
        "Operating Income": 13,
        "EBIT": 13,
        "Net Income": 5
    },
    "2009-09-30": {
        "Diluted EPS": 0.09,
        "Total Revenue": 11,
        "Gross Profit": 11,
        "Operating Income": 11,
        "EBIT": 11,
        "Net Income": 5
    },
    "2009-06-30": {
        "Diluted EPS": 0.08,
        "Total Revenue": 11,
        "Gross Profit": 11,
        "Operating Income": 11,
        "EBIT": 11,
        "Net Income": 5
    },
    "2009-03-31": {
        "Diluted EPS": 0.06,
        "Total Revenue": 8,
        "Gross Profit": 8,
        "Operating Income": 8,
        "EBIT": 8,
        "Net Income": 3
    }
}