{
    "2023-03-31": {
        "Tax Effect Of Unusual Items": NaN,
        "Tax Rate For Calcs": NaN,
        "Normalized EBITDA": NaN,
        "Total Unusual Items": NaN,
        "Total Unusual Items Excluding Goodwill": NaN,
        "Net Income From Continuing Operation Net Minority Interest": NaN,
        "Reconciled Depreciation": NaN,
        "Reconciled Cost Of Revenue": NaN,
        "EBITDA": NaN,
        "EBIT": NaN,
        "Net Interest Income": NaN,
        "Interest Expense": NaN,
        "Normalized Income": NaN,
        "Net Income From Continuing And Discontinued Operation": NaN,
        "Total Expenses": NaN,
        "Total Operating Income As Reported": NaN,
        "Diluted Average Shares": 478501000.0,
        "Basic Average Shares": 478501000.0,
        "Diluted EPS": -0.07,
        "Basic EPS": -0.07,
        "Diluted NI Availto Com Stockholders": NaN,
        "Net Income Common Stockholders": NaN,
        "Net Income": NaN,
        "Minority Interests": NaN,
        "Net Income Including Noncontrolling Interests": NaN,
        "Net Income Discontinuous Operations": NaN,
        "Net Income Continuous Operations": NaN,
        "Tax Provision": NaN,
        "Pretax Income": NaN,
        "Other Income Expense": NaN,
        "Other Non Operating Income Expenses": NaN,
        "Special Income Charges": NaN,
        "Other Special Charges": NaN,
        "Write Off": NaN,
        "Net Non Operating Interest Income Expense": NaN,
        "Interest Expense Non Operating": NaN,
        "Operating Income": NaN,
        "Operating Expense": NaN,
        "Other Operating Expenses": NaN,
        "Depreciation Amortization Depletion Income Statement": NaN,
        "Depreciation And Amortization In Income Statement": NaN,
        "Selling General And Administration": NaN,
        "General And Administrative Expense": NaN,
        "Other Gand A": NaN,
        "Gross Profit": NaN,
        "Cost Of Revenue": NaN,
        "Total Revenue": NaN,
        "Operating Revenue": NaN
    },
    "2022-12-31": {
        "Tax Effect Of Unusual Items": NaN,
        "Tax Rate For Calcs": NaN,
        "Normalized EBITDA": NaN,
        "Total Unusual Items": NaN,
        "Total Unusual Items Excluding Goodwill": NaN,
        "Net Income From Continuing Operation Net Minority Interest": NaN,
        "Reconciled Depreciation": NaN,
        "Reconciled Cost Of Revenue": NaN,
        "EBITDA": NaN,
        "EBIT": NaN,
        "Net Interest Income": NaN,
        "Interest Expense": NaN,
        "Normalized Income": NaN,
        "Net Income From Continuing And Discontinued Operation": NaN,
        "Total Expenses": NaN,
        "Total Operating Income As Reported": NaN,
        "Diluted Average Shares": NaN,
        "Basic Average Shares": NaN,
        "Diluted EPS": NaN,
        "Basic EPS": NaN,
        "Diluted NI Availto Com Stockholders": NaN,
        "Net Income Common Stockholders": NaN,
        "Net Income": NaN,
        "Minority Interests": NaN,
        "Net Income Including Noncontrolling Interests": NaN,
        "Net Income Discontinuous Operations": NaN,
        "Net Income Continuous Operations": NaN,
        "Tax Provision": NaN,
        "Pretax Income": NaN,
        "Other Income Expense": NaN,
        "Other Non Operating Income Expenses": NaN,
        "Special Income Charges": NaN,
        "Other Special Charges": NaN,
        "Write Off": 16870000.0,
        "Net Non Operating Interest Income Expense": NaN,
        "Interest Expense Non Operating": NaN,
        "Operating Income": NaN,
        "Operating Expense": NaN,
        "Other Operating Expenses": NaN,
        "Depreciation Amortization Depletion Income Statement": NaN,
        "Depreciation And Amortization In Income Statement": NaN,
        "Selling General And Administration": NaN,
        "General And Administrative Expense": NaN,
        "Other Gand A": NaN,
        "Gross Profit": NaN,
        "Cost Of Revenue": NaN,
        "Total Revenue": NaN,
        "Operating Revenue": NaN
    },
    "2022-09-30": {
        "Tax Effect Of Unusual Items": NaN,
        "Tax Rate For Calcs": NaN,
        "Normalized EBITDA": NaN,
        "Total Unusual Items": NaN,
        "Total Unusual Items Excluding Goodwill": NaN,
        "Net Income From Continuing Operation Net Minority Interest": NaN,
        "Reconciled Depreciation": NaN,
        "Reconciled Cost Of Revenue": NaN,
        "EBITDA": NaN,
        "EBIT": NaN,
        "Net Interest Income": NaN,
        "Interest Expense": NaN,
        "Normalized Income": NaN,
        "Net Income From Continuing And Discontinued Operation": NaN,
        "Total Expenses": NaN,
        "Total Operating Income As Reported": NaN,
        "Diluted Average Shares": NaN,
        "Basic Average Shares": NaN,
        "Diluted EPS": NaN,
        "Basic EPS": NaN,
        "Diluted NI Availto Com Stockholders": NaN,
        "Net Income Common Stockholders": NaN,
        "Net Income": NaN,
        "Minority Interests": NaN,
        "Net Income Including Noncontrolling Interests": NaN,
        "Net Income Discontinuous Operations": -19982000.0,
        "Net Income Continuous Operations": NaN,
        "Tax Provision": NaN,
        "Pretax Income": NaN,
        "Other Income Expense": NaN,
        "Other Non Operating Income Expenses": NaN,
        "Special Income Charges": NaN,
        "Other Special Charges": NaN,
        "Write Off": 871000.0,
        "Net Non Operating Interest Income Expense": NaN,
        "Interest Expense Non Operating": NaN,
        "Operating Income": NaN,
        "Operating Expense": NaN,
        "Other Operating Expenses": NaN,
        "Depreciation Amortization Depletion Income Statement": NaN,
        "Depreciation And Amortization In Income Statement": NaN,
        "Selling General And Administration": NaN,
        "General And Administrative Expense": NaN,
        "Other Gand A": NaN,
        "Gross Profit": NaN,
        "Cost Of Revenue": NaN,
        "Total Revenue": NaN,
        "Operating Revenue": NaN
    },
    "2022-06-30": {
        "Tax Effect Of Unusual Items": -8722000.0,
        "Tax Rate For Calcs": 0.4,
        "Normalized EBITDA": 148883000.0,
        "Total Unusual Items": -21805000.0,
        "Total Unusual Items Excluding Goodwill": -21805000.0,
        "Net Income From Continuing Operation Net Minority Interest": -65664000.0,
        "Reconciled Depreciation": 82382000.0,
        "Reconciled Cost Of Revenue": 309520000.0,
        "EBITDA": 127078000.0,
        "EBIT": 44696000.0,
        "Net Interest Income": -86594000.0,
        "Interest Expense": 86594000.0,
        "Normalized Income": -52581000.0,
        "Net Income From Continuing And Discontinued Operation": -65664000.0,
        "Total Expenses": 550644000.0,
        "Total Operating Income As Reported": 70931000.0,
        "Diluted Average Shares": 475125000.0,
        "Basic Average Shares": 475125000.0,
        "Diluted EPS": -0.14,
        "Basic EPS": -0.14,
        "Diluted NI Availto Com Stockholders": -65664000.0,
        "Net Income Common Stockholders": -65664000.0,
        "Net Income": -65664000.0,
        "Minority Interests": -347000.0,
        "Net Income Including Noncontrolling Interests": -65317000.0,
        "Net Income Continuous Operations": -65317000.0,
        "Tax Provision": 23419000.0,
        "Pretax Income": -41898000.0,
        "Other Income Expense": -48040000.0,
        "Other Non Operating Income Expenses": -26235000.0,
        "Special Income Charges": -21805000.0,
        "Gain On Sale Of Business": NaN,
        "Write Off": 21805000.0,
        "Net Non Operating Interest Income Expense": -86594000.0,
        "Interest Expense Non Operating": 86594000.0,
        "Operating Income": 92736000.0,
        "Operating Expense": 219319000.0,
        "Other Operating Expenses": 1367000.0,
        "Depreciation Amortization Depletion Income Statement": 60577000.0,
        "Depreciation And Amortization In Income Statement": 60577000.0,
        "Selling General And Administration": 157375000.0,
        "General And Administrative Expense": 157375000.0,
        "Other Gand A": 157375000.0,
        "Gross Profit": 312055000.0,
        "Cost Of Revenue": 331325000.0,
        "Total Revenue": 643380000.0,
        "Operating Revenue": 643380000.0
    },
    "2022-03-31": {
        "Diluted EPS": -0.19,
        "Total Revenue": 526,
        "Gross Profit": 204,
        "Operating Income": -4,
        "EBIT": 57,
        "Net Income": -90
    },
    "2021-12-31": {
        "Diluted EPS": 0.14,
        "Total Revenue": 743,
        "Gross Profit": 387,
        "Operating Income": 147,
        "EBIT": 221,
        "Net Income": 64
    },
    "2021-09-30": {
        "Diluted EPS": -0.09,
        "Total Revenue": 596,
        "Gross Profit": 272,
        "Operating Income": 49,
        "EBIT": 114,
        "Net Income": -41
    },
    "2021-06-30": {
        "Diluted EPS": -0.27,
        "Total Revenue": 531,
        "Gross Profit": 225,
        "Operating Income": 13,
        "EBIT": 76,
        "Net Income": -125
    },
    "2021-03-31": {
        "Diluted EPS": -0.71,
        "Total Revenue": 371,
        "Gross Profit": 88,
        "Operating Income": -225,
        "EBIT": -44,
        "Net Income": -332
    },
    "2020-12-31": {
        "Diluted EPS": -0.06,
        "Total Revenue": 541,
        "Gross Profit": 236,
        "Operating Income": 17,
        "EBIT": 93,
        "Net Income": -32
    },
    "2020-09-30": {
        "Diluted EPS": -0.29,
        "Total Revenue": 448,
        "Gross Profit": 157,
        "Operating Income": -76,
        "EBIT": 14,
        "Net Income": -136
    },
    "2020-06-30": {
        "Diluted EPS": -0.3,
        "Total Revenue": 315,
        "Gross Profit": 60,
        "Operating Income": -69,
        "EBIT": -2,
        "Net Income": -137
    },
    "2020-03-31": {
        "Diluted EPS": -0.6,
        "Total Revenue": 551,
        "Gross Profit": 201,
        "Operating Income": -164,
        "EBIT": 34,
        "Net Income": -277
    },
    "2019-12-31": {
        "Diluted EPS": 0.06,
        "Total Revenue": 745,
        "Gross Profit": 362,
        "Operating Income": 114,
        "EBIT": 199,
        "Net Income": 27
    },
    "2019-09-30": {
        "Diluted EPS": -0.46,
        "Total Revenue": 653,
        "Gross Profit": 295,
        "Operating Income": 48,
        "EBIT": 127,
        "Net Income": -215
    },
    "2019-06-30": {
        "Diluted EPS": -0.03,
        "Total Revenue": 698,
        "Gross Profit": 335,
        "Operating Income": 82,
        "EBIT": 165,
        "Net Income": -11
    },
    "2019-03-31": {
        "Diluted EPS": -0.45,
        "Total Revenue": 587,
        "Gross Profit": 239,
        "Operating Income": 9,
        "EBIT": 87,
        "Net Income": -164
    },
    "2018-12-31": {
        "Diluted EPS": 0.08,
        "Total Revenue": 748,
        "Gross Profit": 373,
        "Operating Income": 116,
        "EBIT": 194,
        "Net Income": 26
    },
    "2018-09-30": {
        "Diluted EPS": -0.18,
        "Total Revenue": 664,
        "Gross Profit": 302,
        "Operating Income": 51,
        "EBIT": 131,
        "Net Income": -65
    },
    "2018-06-30": {
        "Diluted EPS": -0.14,
        "Total Revenue": 712,
        "Gross Profit": 339,
        "Operating Income": 94,
        "EBIT": 179,
        "Net Income": -50
    },
    "2018-03-31": {
        "Diluted EPS": -0.36,
        "Total Revenue": 598,
        "Gross Profit": 237,
        "Operating Income": -10,
        "EBIT": 77,
        "Net Income": -128
    },
    "2017-12-31": {
        "Diluted EPS": -1.5,
        "Total Revenue": 727,
        "Gross Profit": 356,
        "Operating Income": 95,
        "EBIT": 186,
        "Net Income": -544
    },
    "2017-09-30": {
        "Diluted EPS": -0.18,
        "Total Revenue": 644,
        "Gross Profit": 286,
        "Operating Income": 28,
        "EBIT": 112,
        "Net Income": -64
    },
    "2017-06-30": {
        "Diluted EPS": -0.02,
        "Total Revenue": 672,
        "Gross Profit": 320,
        "Operating Income": 88,
        "EBIT": 169,
        "Net Income": -7
    },
    "2017-03-31": {
        "Diluted EPS": -0.08,
        "Total Revenue": 545,
        "Gross Profit": 217,
        "Operating Income": 22,
        "EBIT": 102,
        "Net Income": -29
    },
    "2016-12-31": {
        "Diluted EPS": 0.26,
        "Total Revenue": 714,
        "Gross Profit": 361,
        "Operating Income": 245,
        "EBIT": 334,
        "Net Income": 95
    },
    "2016-09-30": {
        "Diluted EPS": -0.09,
        "Total Revenue": 669,
        "Gross Profit": 307,
        "Operating Income": 61,
        "EBIT": 149,
        "Net Income": -31
    },
    "2016-06-30": {
        "Diluted EPS": -0.19,
        "Total Revenue": 708,
        "Gross Profit": 346,
        "Operating Income": 34,
        "EBIT": 124,
        "Net Income": -69
    },
    "2016-03-31": {
        "Diluted EPS": 0.39,
        "Total Revenue": 589,
        "Gross Profit": 247,
        "Operating Income": 291,
        "EBIT": 379,
        "Net Income": 140
    },
    "2015-12-31": {
        "Diluted EPS": -0.12,
        "Total Revenue": 772,
        "Gross Profit": 385,
        "Operating Income": 116,
        "EBIT": 214,
        "Net Income": -41
    },
    "2015-09-30": {
        "Diluted EPS": -0.06,
        "Total Revenue": 696,
        "Gross Profit": 324,
        "Operating Income": 53,
        "EBIT": 148,
        "Net Income": -23
    },
    "2015-06-30": {
        "Diluted EPS": 0.0,
        "Total Revenue": 723,
        "Gross Profit": 350,
        "Operating Income": 95,
        "EBIT": 191,
        "Net Income": 1
    },
    "2015-03-31": {
        "Diluted EPS": -0.09,
        "Total Revenue": 615,
        "Gross Profit": 252,
        "Operating Income": -3,
        "EBIT": 93,
        "Net Income": -34
    },
    "2014-12-31": {
        "Diluted EPS": 0.12,
        "Total Revenue": 802,
        "Gross Profit": 401,
        "Operating Income": 119,
        "EBIT": 230,
        "Net Income": 43
    },
    "2014-09-30": {
        "Diluted EPS": -0.02,
        "Total Revenue": 743,
        "Gross Profit": 342,
        "Operating Income": 73,
        "EBIT": 176,
        "Net Income": -7
    },
    "2014-06-30": {
        "Diluted EPS": 0.14,
        "Total Revenue": 781,
        "Gross Profit": 368,
        "Operating Income": 96,
        "EBIT": 197,
        "Net Income": 51
    },
    "2014-03-31": {
        "Diluted EPS": -0.27,
        "Total Revenue": 635,
        "Gross Profit": 254,
        "Operating Income": -6,
        "EBIT": 95,
        "Net Income": -97
    },
    "2013-12-31": {
        "Diluted EPS": 0.05,
        "Total Revenue": 806,
        "Gross Profit": 393,
        "Operating Income": 111,
        "EBIT": 220,
        "Net Income": 10
    },
    "2013-09-30": {
        "Diluted EPS": 0.01,
        "Total Revenue": 723,
        "Gross Profit": 327,
        "Operating Income": 74,
        "EBIT": 175,
        "Net Income": 4
    },
    "2013-06-30": {
        "Diluted EPS": 0.02,
        "Total Revenue": 767,
        "Gross Profit": 367,
        "Operating Income": 107,
        "EBIT": 206,
        "Net Income": 9
    },
    "2013-03-31": {
        "Diluted EPS": -0.22,
        "Total Revenue": 650,
        "Gross Profit": 264,
        "Operating Income": -2,
        "EBIT": 101,
        "Net Income": -74
    },
    "2012-12-31": {
        "Diluted EPS": -0.43,
        "Total Revenue": 803,
        "Gross Profit": 390,
        "Operating Income": 61,
        "EBIT": 170,
        "Net Income": -157
    },
    "2012-09-30": {
        "Diluted EPS": 0.05,
        "Total Revenue": 731,
        "Gross Profit": 341,
        "Operating Income": 117,
        "EBIT": 221,
        "Net Income": 17
    },
    "2012-06-30": {
        "Diluted EPS": -0.02,
        "Total Revenue": 761,
        "Gross Profit": 356,
        "Operating Income": 97,
        "EBIT": 200,
        "Net Income": -8
    },
    "2012-03-31": {
        "Diluted EPS": -0.14,
        "Total Revenue": 651,
        "Gross Profit": 257,
        "Operating Income": -9,
        "EBIT": 86,
        "Net Income": -44
    },
    "2011-12-31": {
        "Diluted EPS": 0.06,
        "Total Revenue": 816,
        "Gross Profit": 400,
        "Operating Income": 109,
        "EBIT": 220,
        "Net Income": 20
    },
    "2011-09-30": {
        "Diluted EPS": 0.01,
        "Total Revenue": 748,
        "Gross Profit": 340,
        "Operating Income": 71,
        "EBIT": 192,
        "Net Income": 3
    },
    "2011-06-30": {
        "Diluted EPS": 0.07,
        "Total Revenue": 789,
        "Gross Profit": 374,
        "Operating Income": 106,
        "EBIT": 212,
        "Net Income": 27
    },
    "2011-03-31": {
        "Diluted EPS": -0.03,
        "Total Revenue": 650,
        "Gross Profit": 259,
        "Operating Income": 16,
        "EBIT": 118,
        "Net Income": -10
    },
    "2010-12-31": {
        "Diluted EPS": 0.01,
        "Total Revenue": 793,
        "Gross Profit": 378,
        "Operating Income": 91,
        "EBIT": 201,
        "Net Income": -2
    },
    "2010-09-30": {
        "Diluted EPS": -0.1,
        "Total Revenue": 695,
        "Gross Profit": 314,
        "Operating Income": 42,
        "EBIT": 145,
        "Net Income": -35
    },
    "2010-06-30": {
        "Diluted EPS": -0.03,
        "Total Revenue": 701,
        "Gross Profit": 316,
        "Operating Income": 57,
        "EBIT": 163,
        "Net Income": -9
    },
    "2010-03-31": {
        "Diluted EPS": -0.14,
        "Total Revenue": 609,
        "Gross Profit": 230,
        "Operating Income": -3,
        "EBIT": 99,
        "Net Income": -48
    },
    "2009-12-31": {
        "Diluted EPS": -0.17,
        "Total Revenue": 763,
        "Gross Profit": 309,
        "Operating Income": -56,
        "EBIT": 56,
        "Net Income": -57
    },
    "2009-09-30": {
        "Diluted EPS": -0.1,
        "Total Revenue": 661,
        "Gross Profit": 262,
        "Operating Income": 28,
        "EBIT": 139,
        "Net Income": -34
    },
    "2009-06-30": {
        "Diluted EPS": -1.94,
        "Total Revenue": 692,
        "Gross Profit": 300,
        "Operating Income": -760,
        "EBIT": -645,
        "Net Income": -689
    },
    "2009-03-31": {
        "Diluted EPS": -0.25,
        "Total Revenue": 582,
        "Gross Profit": 203,
        "Operating Income": -27,
        "EBIT": 75,
        "Net Income": -88
    },
    "2023-06-30": {
        "Tax Effect Of Unusual Items": 0.0,
        "Tax Rate For Calcs": 0.032,
        "Normalized EBITDA": 135788000.0,
        "Total Unusual Items": 0.0,
        "Total Unusual Items Excluding Goodwill": 0.0,
        "Net Income From Continuing Operation Net Minority Interest": -39524000.0,
        "Reconciled Depreciation": 71138000.0,
        "Reconciled Cost Of Revenue": 259590000.0,
        "EBITDA": 135788000.0,
        "EBIT": 64650000.0,
        "Net Interest Income": -104733000.0,
        "Interest Expense": 104733000.0,
        "Normalized Income": -39524000.0,
        "Net Income From Continuing And Discontinued Operation": -37297000.0,
        "Total Expenses": 478381000.0,
        "Total Operating Income As Reported": 52439000.0,
        "Diluted Average Shares": 482373000.0,
        "Basic Average Shares": 482373000.0,
        "Diluted EPS": -0.08,
        "Basic EPS": -0.08,
        "Diluted NI Availto Com Stockholders": -37297000.0,
        "Net Income Common Stockholders": -37297000.0,
        "Net Income": -37297000.0,
        "Minority Interests": -718000.0,
        "Net Income Including Noncontrolling Interests": -36579000.0,
        "Net Income Discontinuous Operations": 2227000.0,
        "Net Income Continuous Operations": -38806000.0,
        "Tax Provision": -1277000.0,
        "Pretax Income": -40083000.0,
        "Other Income Expense": 12211000.0,
        "Other Non Operating Income Expenses": 12211000.0,
        "Special Income Charges": 0.0,
        "Other Special Charges": NaN,
        "Write Off": 0.0,
        "Net Non Operating Interest Income Expense": -104733000.0,
        "Interest Expense Non Operating": 104733000.0,
        "Operating Income": 52439000.0,
        "Operating Expense": 212155000.0,
        "Other Operating Expenses": 58339000.0,
        "Depreciation Amortization Depletion Income Statement": 64502000.0,
        "Depreciation And Amortization In Income Statement": 64502000.0,
        "Selling General And Administration": 89314000.0,
        "General And Administrative Expense": 89314000.0,
        "Other Gand A": 89314000.0,
        "Gross Profit": 264594000.0,
        "Cost Of Revenue": 266226000.0,
        "Total Revenue": 530820000.0,
        "Operating Revenue": 530820000.0
    },
    "2023-09-30": {
        "Tax Effect Of Unusual Items": 19085.0,
        "Tax Rate For Calcs": 0.005,
        "Normalized EBITDA": 110295000.0,
        "Total Unusual Items": 3817000.0,
        "Total Unusual Items Excluding Goodwill": 3817000.0,
        "Net Income From Continuing Operation Net Minority Interest": -51754000.0,
        "Reconciled Depreciation": 58047000.0,
        "Reconciled Cost Of Revenue": 271029000.0,
        "EBITDA": 114112000.0,
        "EBIT": 56065000.0,
        "Net Interest Income": -107391000.0,
        "Interest Expense": 107391000.0,
        "Normalized Income": -55551915.0,
        "Net Income From Continuing And Discontinued Operation": -263490000.0,
        "Total Expenses": 457269000.0,
        "Total Operating Income As Reported": 69517000.0,
        "Diluted Average Shares": 482945000.0,
        "Basic Average Shares": 482945000.0,
        "Diluted EPS": -0.55,
        "Basic EPS": -0.55,
        "Diluted NI Availto Com Stockholders": -263490000.0,
        "Net Income Common Stockholders": -263490000.0,
        "Net Income": -263490000.0,
        "Minority Interests": -672000.0,
        "Net Income Including Noncontrolling Interests": -262818000.0,
        "Net Income Discontinuous Operations": -211736000.0,
        "Net Income Continuous Operations": -51082000.0,
        "Tax Provision": -244000.0,
        "Pretax Income": -51326000.0,
        "Other Income Expense": -13452000.0,
        "Other Non Operating Income Expenses": -17269000.0,
        "Special Income Charges": 3817000.0,
        "Other Special Charges": -3817000.0,
        "Write Off": 0.0,
        "Net Non Operating Interest Income Expense": -107391000.0,
        "Interest Expense Non Operating": 107391000.0,
        "Operating Income": 69517000.0,
        "Operating Expense": 185892000.0,
        "Other Operating Expenses": 41110000.0,
        "Depreciation Amortization Depletion Income Statement": 57699000.0,
        "Depreciation And Amortization In Income Statement": 57699000.0,
        "Selling General And Administration": 87083000.0,
        "General And Administrative Expense": 87083000.0,
        "Other Gand A": 87083000.0,
        "Gross Profit": 255409000.0,
        "Cost Of Revenue": 271377000.0,
        "Total Revenue": 526786000.0,
        "Operating Revenue": 526786000.0
    },
    "2023-12-31": {
        "Tax Effect Of Unusual Items": 2497950.0,
        "Tax Rate For Calcs": 0.21,
        "Normalized EBITDA": 171302000.0,
        "Total Unusual Items": 11895000.0,
        "Total Unusual Items Excluding Goodwill": 11895000.0,
        "Net Income From Continuing Operation Net Minority Interest": 24160000.0,
        "Reconciled Depreciation": 56196000.0,
        "Reconciled Cost Of Revenue": 301703000.0,
        "EBITDA": 183197000.0,
        "EBIT": 127001000.0,
        "Net Interest Income": -106810000.0,
        "Interest Expense": 106810000.0,
        "Normalized Income": 14762950.0,
        "Net Income From Continuing And Discontinued Operation": 24777000.0,
        "Total Expenses": 507794000.0,
        "Total Operating Income As Reported": 124320000.0,
        "Diluted Average Shares": NaN,
        "Basic Average Shares": NaN,
        "Diluted EPS": NaN,
        "Basic EPS": NaN,
        "Diluted NI Availto Com Stockholders": 24777000.0,
        "Net Income Common Stockholders": 24777000.0,
        "Net Income": 24777000.0,
        "Minority Interests": -1226000.0,
        "Net Income Including Noncontrolling Interests": 26003000.0,
        "Net Income Discontinuous Operations": 617000.0,
        "Net Income Continuous Operations": 25386000.0,
        "Tax Provision": -5195000.0,
        "Pretax Income": 20191000.0,
        "Other Income Expense": 2681000.0,
        "Other Non Operating Income Expenses": -10957000.0,
        "Special Income Charges": 0.0,
        "Other Special Charges": 0.0,
        "Write Off": 0.0,
        "Net Non Operating Interest Income Expense": -106810000.0,
        "Interest Expense Non Operating": 106810000.0,
        "Operating Income": 124320000.0,
        "Operating Expense": 205314000.0,
        "Other Operating Expenses": -127780000.0,
        "Depreciation Amortization Depletion Income Statement": 55419000.0,
        "Depreciation And Amortization In Income Statement": 55419000.0,
        "Selling General And Administration": 277675000.0,
        "General And Administrative Expense": 277675000.0,
        "Other Gand A": 277675000.0,
        "Gross Profit": 329634000.0,
        "Cost Of Revenue": 302480000.0,
        "Total Revenue": 632114000.0,
        "Operating Revenue": 632114000.0
    },
    "2024-03-31": {
        "Tax Effect Of Unusual Items": -1005270.0,
        "Tax Rate For Calcs": 0.21,
        "Normalized EBITDA": 78336000.0,
        "Total Unusual Items": -4787000.0,
        "Total Unusual Items Excluding Goodwill": -4787000.0,
        "Net Income From Continuing Operation Net Minority Interest": -89247000.0,
        "Reconciled Depreciation": 54290000.0,
        "Reconciled Cost Of Revenue": 260837000.0,
        "EBITDA": 73549000.0,
        "EBIT": 19259000.0,
        "Net Interest Income": -107655000.0,
        "Interest Expense": 107655000.0,
        "Normalized Income": -85465270.0,
        "Net Income From Continuing And Discontinued Operation": -89667000.0,
        "Total Expenses": 449360000.0,
        "Total Operating Income As Reported": 32392000.0,
        "Diluted Average Shares": 483720000.0,
        "Basic Average Shares": 483720000.0,
        "Diluted EPS": -0.19,
        "Basic EPS": -0.19,
        "Diluted NI Availto Com Stockholders": -89667000.0,
        "Net Income Common Stockholders": -89667000.0,
        "Net Income": -89667000.0,
        "Minority Interests": -584000.0,
        "Net Income Including Noncontrolling Interests": -89083000.0,
        "Net Income Discontinuous Operations": -420000.0,
        "Net Income Continuous Operations": -88663000.0,
        "Tax Provision": 267000.0,
        "Pretax Income": -88396000.0,
        "Other Income Expense": -13133000.0,
        "Other Non Operating Income Expenses": -8346000.0,
        "Special Income Charges": -4787000.0,
        "Other Special Charges": 4787000.0,
        "Write Off": NaN,
        "Net Non Operating Interest Income Expense": -107655000.0,
        "Interest Expense Non Operating": 107655000.0,
        "Operating Income": 32392000.0,
        "Operating Expense": 188523000.0,
        "Other Operating Expenses": 41565000.0,
        "Depreciation Amortization Depletion Income Statement": 54290000.0,
        "Depreciation And Amortization In Income Statement": 54290000.0,
        "Selling General And Administration": 92668000.0,
        "General And Administrative Expense": 92668000.0,
        "Other Gand A": 92668000.0,
        "Gross Profit": 220915000.0,
        "Cost Of Revenue": 260837000.0,
        "Total Revenue": 481752000.0,
        "Operating Revenue": 481752000.0
    },
    "2024-06-30": {
        "Tax Effect Of Unusual Items": -867504.0,
        "Tax Rate For Calcs": 0.048,
        "Normalized EBITDA": 146668000.0,
        "Total Unusual Items": -18073000.0,
        "Total Unusual Items Excluding Goodwill": -18073000.0,
        "Net Income From Continuing Operation Net Minority Interest": -48849000.0,
        "Reconciled Depreciation": 71956000.0,
        "Reconciled Cost Of Revenue": 263552000.0,
        "EBITDA": 128595000.0,
        "EBIT": 56639000.0,
        "Net Interest Income": -107410000.0,
        "Interest Expense": 107410000.0,
        "Normalized Income": -31643504.0,
        "Net Income From Continuing And Discontinued Operation": -39170000.0,
        "Total Expenses": 483731000.0,
        "Total Operating Income As Reported": 56737000.0,
        "Diluted Average Shares": 488740000.0,
        "Basic Average Shares": 488740000.0,
        "Diluted EPS": -0.08,
        "Basic EPS": -0.08,
        "Diluted NI Availto Com Stockholders": -39170000.0,
        "Net Income Common Stockholders": -39170000.0,
        "Net Income": -39170000.0,
        "Minority Interests": -536000.0,
        "Net Income Including Noncontrolling Interests": -38634000.0,
        "Net Income Discontinuous Operations": 9679000.0,
        "Net Income Continuous Operations": -48313000.0,
        "Tax Provision": -2458000.0,
        "Pretax Income": -50771000.0,
        "Other Income Expense": -18171000.0,
        "Other Non Operating Income Expenses": -98000.0,
        "Special Income Charges": -18073000.0,
        "Other Special Charges": NaN,
        "Write Off": 18073000.0,
        "Net Non Operating Interest Income Expense": -107410000.0,
        "Interest Expense Non Operating": 107410000.0,
        "Operating Income": 74810000.0,
        "Operating Expense": 202106000.0,
        "Other Operating Expenses": 49326000.0,
        "Depreciation Amortization Depletion Income Statement": 53883000.0,
        "Depreciation And Amortization In Income Statement": 53883000.0,
        "Selling General And Administration": 98897000.0,
        "General And Administrative Expense": 98897000.0,
        "Other Gand A": 98897000.0,
        "Gross Profit": 276916000.0,
        "Cost Of Revenue": 281625000.0,
        "Total Revenue": 558541000.0,
        "Operating Revenue": 558541000.0
    }
}