{
    "2023-03-31": {
        "Tax Effect Of Unusual Items": NaN,
        "Tax Rate For Calcs": NaN,
        "Normalized EBITDA": NaN,
        "Total Unusual Items": NaN,
        "Total Unusual Items Excluding Goodwill": NaN,
        "Net Income From Continuing Operation Net Minority Interest": NaN,
        "Reconciled Depreciation": NaN,
        "Reconciled Cost Of Revenue": NaN,
        "EBITDA": NaN,
        "EBIT": NaN,
        "Net Interest Income": NaN,
        "Interest Expense": NaN,
        "Interest Income": NaN,
        "Normalized Income": NaN,
        "Net Income From Continuing And Discontinued Operation": NaN,
        "Total Expenses": NaN,
        "Total Operating Income As Reported": NaN,
        "Diluted Average Shares": NaN,
        "Basic Average Shares": NaN,
        "Diluted EPS": NaN,
        "Basic EPS": NaN,
        "Diluted NI Availto Com Stockholders": NaN,
        "Net Income Common Stockholders": NaN,
        "Net Income": NaN,
        "Net Income Including Noncontrolling Interests": NaN,
        "Net Income Continuous Operations": NaN,
        "Tax Provision": NaN,
        "Pretax Income": NaN,
        "Other Income Expense": NaN,
        "Special Income Charges": NaN,
        "Other Special Charges": NaN,
        "Restructuring And Mergern Acquisition": NaN,
        "Gain On Sale Of Security": 1847000.0,
        "Net Non Operating Interest Income Expense": NaN,
        "Interest Expense Non Operating": NaN,
        "Interest Income Non Operating": NaN,
        "Operating Income": NaN,
        "Operating Expense": NaN,
        "Depreciation Amortization Depletion Income Statement": NaN,
        "Depreciation And Amortization In Income Statement": NaN,
        "Selling General And Administration": NaN,
        "Selling And Marketing Expense": NaN,
        "General And Administrative Expense": 45078000.0,
        "Other Gand A": 38646000.0,
        "Salaries And Wages": 6432000.0,
        "Gross Profit": NaN,
        "Cost Of Revenue": NaN,
        "Total Revenue": NaN,
        "Operating Revenue": NaN
    },
    "2022-12-31": {
        "Tax Effect Of Unusual Items": NaN,
        "Tax Rate For Calcs": NaN,
        "Normalized EBITDA": NaN,
        "Total Unusual Items": NaN,
        "Total Unusual Items Excluding Goodwill": NaN,
        "Net Income From Continuing Operation Net Minority Interest": NaN,
        "Reconciled Depreciation": NaN,
        "Reconciled Cost Of Revenue": NaN,
        "EBITDA": NaN,
        "EBIT": NaN,
        "Net Interest Income": NaN,
        "Interest Expense": NaN,
        "Interest Income": NaN,
        "Normalized Income": NaN,
        "Net Income From Continuing And Discontinued Operation": NaN,
        "Total Expenses": NaN,
        "Total Operating Income As Reported": NaN,
        "Diluted Average Shares": NaN,
        "Basic Average Shares": NaN,
        "Diluted EPS": NaN,
        "Basic EPS": NaN,
        "Diluted NI Availto Com Stockholders": NaN,
        "Net Income Common Stockholders": NaN,
        "Net Income": NaN,
        "Net Income Including Noncontrolling Interests": NaN,
        "Net Income Continuous Operations": NaN,
        "Tax Provision": NaN,
        "Pretax Income": NaN,
        "Other Income Expense": NaN,
        "Special Income Charges": NaN,
        "Other Special Charges": -210000.0,
        "Restructuring And Mergern Acquisition": NaN,
        "Gain On Sale Of Security": NaN,
        "Net Non Operating Interest Income Expense": NaN,
        "Interest Expense Non Operating": NaN,
        "Interest Income Non Operating": NaN,
        "Operating Income": NaN,
        "Operating Expense": NaN,
        "Depreciation Amortization Depletion Income Statement": NaN,
        "Depreciation And Amortization In Income Statement": NaN,
        "Selling General And Administration": NaN,
        "Selling And Marketing Expense": 43892000.0,
        "General And Administrative Expense": 43892000.0,
        "Other Gand A": 43892000.0,
        "Salaries And Wages": NaN,
        "Gross Profit": NaN,
        "Cost Of Revenue": NaN,
        "Total Revenue": NaN,
        "Operating Revenue": NaN
    },
    "2022-09-30": {
        "Tax Effect Of Unusual Items": NaN,
        "Tax Rate For Calcs": NaN,
        "Normalized EBITDA": NaN,
        "Total Unusual Items": NaN,
        "Total Unusual Items Excluding Goodwill": NaN,
        "Net Income From Continuing Operation Net Minority Interest": NaN,
        "Reconciled Depreciation": NaN,
        "Reconciled Cost Of Revenue": NaN,
        "EBITDA": NaN,
        "EBIT": NaN,
        "Net Interest Income": NaN,
        "Interest Expense": NaN,
        "Interest Income": NaN,
        "Normalized Income": NaN,
        "Net Income From Continuing And Discontinued Operation": NaN,
        "Total Expenses": NaN,
        "Total Operating Income As Reported": NaN,
        "Diluted Average Shares": NaN,
        "Basic Average Shares": NaN,
        "Diluted EPS": NaN,
        "Basic EPS": NaN,
        "Diluted NI Availto Com Stockholders": NaN,
        "Net Income Common Stockholders": NaN,
        "Net Income": NaN,
        "Net Income Including Noncontrolling Interests": NaN,
        "Net Income Continuous Operations": NaN,
        "Tax Provision": NaN,
        "Pretax Income": NaN,
        "Other Income Expense": NaN,
        "Special Income Charges": NaN,
        "Other Special Charges": 670000.0,
        "Restructuring And Mergern Acquisition": NaN,
        "Gain On Sale Of Security": NaN,
        "Net Non Operating Interest Income Expense": NaN,
        "Interest Expense Non Operating": NaN,
        "Interest Income Non Operating": NaN,
        "Operating Income": NaN,
        "Operating Expense": NaN,
        "Depreciation Amortization Depletion Income Statement": NaN,
        "Depreciation And Amortization In Income Statement": NaN,
        "Selling General And Administration": NaN,
        "Selling And Marketing Expense": 39114000.0,
        "General And Administrative Expense": NaN,
        "Other Gand A": NaN,
        "Salaries And Wages": NaN,
        "Gross Profit": NaN,
        "Cost Of Revenue": NaN,
        "Total Revenue": NaN,
        "Operating Revenue": NaN
    },
    "2022-06-30": {
        "Tax Effect Of Unusual Items": 1695600.0,
        "Tax Rate For Calcs": 0.4,
        "Normalized EBITDA": 52553000.0,
        "Total Unusual Items": 4239000.0,
        "Total Unusual Items Excluding Goodwill": 4239000.0,
        "Net Income From Continuing Operation Net Minority Interest": 11164000.0,
        "Reconciled Depreciation": 23074000.0,
        "Reconciled Cost Of Revenue": 56511000.0,
        "EBITDA": 56792000.0,
        "EBIT": 33718000.0,
        "Net Interest Income": -14000000.0,
        "Interest Expense": 14000000.0,
        "Interest Income": NaN,
        "Normalized Income": 8620600.0,
        "Net Income From Continuing And Discontinued Operation": 11164000.0,
        "Total Expenses": 118971000.0,
        "Total Operating Income As Reported": 29566000.0,
        "Diluted Average Shares": 47029446.0,
        "Basic Average Shares": 46691142.0,
        "Diluted EPS": 0.24,
        "Basic EPS": 0.24,
        "Diluted NI Availto Com Stockholders": 11164000.0,
        "Net Income Common Stockholders": 11164000.0,
        "Net Income": 11164000.0,
        "Net Income Including Noncontrolling Interests": 11164000.0,
        "Net Income Continuous Operations": 11164000.0,
        "Tax Provision": 8554000.0,
        "Pretax Income": 19718000.0,
        "Other Income Expense": 4239000.0,
        "Special Income Charges": -11798000.0,
        "Gain On Sale Of Ppe": 87000.0,
        "Other Special Charges": 11885000.0,
        "Restructuring And Mergern Acquisition": NaN,
        "Gain On Sale Of Security": 16037000.0,
        "Net Non Operating Interest Income Expense": -14000000.0,
        "Interest Expense Non Operating": 14000000.0,
        "Interest Income Non Operating": NaN,
        "Operating Income": 29479000.0,
        "Operating Expense": 62457000.0,
        "Depreciation Amortization Depletion Income Statement": 23071000.0,
        "Depreciation And Amortization In Income Statement": 23071000.0,
        "Selling General And Administration": 39386000.0,
        "Selling And Marketing Expense": 39386000.0,
        "General And Administrative Expense": NaN,
        "Other Gand A": NaN,
        "Salaries And Wages": NaN,
        "Gross Profit": 91936000.0,
        "Cost Of Revenue": 56514000.0,
        "Total Revenue": 148450000.0,
        "Operating Revenue": 148450000.0
    },
    "2022-03-31": {
        "Diluted EPS": 0.02,
        "Total Revenue": 149,
        "Gross Profit": 92,
        "Operating Income": 29,
        "EBIT": 52,
        "Net Income": 1
    },
    "2021-12-31": {
        "Diluted EPS": 0.39,
        "Total Revenue": 147,
        "Gross Profit": 91,
        "Operating Income": 36,
        "EBIT": 59,
        "Net Income": 19
    },
    "2021-09-30": {
        "Diluted EPS": 0.28,
        "Total Revenue": 148,
        "Gross Profit": 91,
        "Operating Income": 29,
        "EBIT": 52,
        "Net Income": 13
    },
    "2021-06-30": {
        "Diluted EPS": -0.05,
        "Total Revenue": 148,
        "Gross Profit": 92,
        "Operating Income": 28,
        "EBIT": 51,
        "Net Income": -2
    },
    "2021-03-31": {
        "Diluted EPS": 0.41,
        "Total Revenue": 147,
        "Gross Profit": 90,
        "Operating Income": 26,
        "EBIT": 49,
        "Net Income": 19
    },
    "2020-12-31": {
        "Diluted EPS": -0.14,
        "Total Revenue": 144,
        "Gross Profit": 89,
        "Operating Income": 27,
        "EBIT": 50,
        "Net Income": -7
    },
    "2020-09-30": {
        "Diluted EPS": -0.11,
        "Total Revenue": 142,
        "Gross Profit": 88,
        "Operating Income": 26,
        "EBIT": 48,
        "Net Income": -5
    },
    "2020-06-30": {
        "Diluted EPS": 0.18,
        "Total Revenue": 141,
        "Gross Profit": 87,
        "Operating Income": 28,
        "EBIT": 48,
        "Net Income": 9
    },
    "2020-03-31": {
        "Diluted EPS": 0.2,
        "Total Revenue": 141,
        "Gross Profit": 85,
        "Operating Income": 26,
        "EBIT": 46,
        "Net Income": 9
    },
    "2019-12-31": {
        "Diluted EPS": 0.15,
        "Total Revenue": 140,
        "Gross Profit": 84,
        "Operating Income": 28,
        "EBIT": 49,
        "Net Income": 7
    },
    "2019-09-30": {
        "Diluted EPS": 0.3,
        "Total Revenue": 137,
        "Gross Profit": 82,
        "Operating Income": 26,
        "EBIT": 46,
        "Net Income": 14
    },
    "2019-06-30": {
        "Diluted EPS": 0.16,
        "Total Revenue": 135,
        "Gross Profit": 80,
        "Operating Income": 22,
        "EBIT": 42,
        "Net Income": 7
    },
    "2019-03-31": {
        "Diluted EPS": 0.2,
        "Total Revenue": 134,
        "Gross Profit": 80,
        "Operating Income": 24,
        "EBIT": 45,
        "Net Income": 9
    },
    "2018-12-31": {
        "Diluted EPS": 0.16,
        "Total Revenue": 132,
        "Gross Profit": 76,
        "Operating Income": 22,
        "EBIT": 44,
        "Net Income": 7
    },
    "2018-09-30": {
        "Diluted EPS": 0.18,
        "Total Revenue": 130,
        "Gross Profit": 76,
        "Operating Income": 22,
        "EBIT": 43,
        "Net Income": 8
    },
    "2018-06-30": {
        "Diluted EPS": 0.14,
        "Total Revenue": 129,
        "Gross Profit": 75,
        "Operating Income": 21,
        "EBIT": 42,
        "Net Income": 7
    },
    "2018-03-31": {
        "Diluted EPS": 0.15,
        "Total Revenue": 129,
        "Gross Profit": 74,
        "Operating Income": 21,
        "EBIT": 41,
        "Net Income": 7
    },
    "2017-12-31": {
        "Diluted EPS": -0.14,
        "Total Revenue": 125,
        "Gross Profit": 71,
        "Operating Income": 21,
        "EBIT": 40,
        "Net Income": -6
    },
    "2017-09-30": {
        "Diluted EPS": 0.08,
        "Total Revenue": 123,
        "Gross Profit": 69,
        "Operating Income": 18,
        "EBIT": 37,
        "Net Income": 4
    },
    "2017-06-30": {
        "Diluted EPS": 0.1,
        "Total Revenue": 120,
        "Gross Profit": 69,
        "Operating Income": 19,
        "EBIT": 38,
        "Net Income": 4
    },
    "2017-03-31": {
        "Diluted EPS": 0.09,
        "Total Revenue": 117,
        "Gross Profit": 67,
        "Operating Income": 19,
        "EBIT": 37,
        "Net Income": 4
    },
    "2016-12-31": {
        "Diluted EPS": 0.08,
        "Total Revenue": 116,
        "Gross Profit": 66,
        "Operating Income": 15,
        "EBIT": 35,
        "Net Income": 4
    },
    "2016-09-30": {
        "Diluted EPS": 0.08,
        "Total Revenue": 113,
        "Gross Profit": 64,
        "Operating Income": 16,
        "EBIT": 35,
        "Net Income": 3
    },
    "2016-06-30": {
        "Diluted EPS": 0.09,
        "Total Revenue": 110,
        "Gross Profit": 62,
        "Operating Income": 18,
        "EBIT": 37,
        "Net Income": 4
    },
    "2016-03-31": {
        "Diluted EPS": 0.08,
        "Total Revenue": 108,
        "Gross Profit": 61,
        "Operating Income": 16,
        "EBIT": 34,
        "Net Income": 3
    },
    "2015-12-31": {
        "Diluted EPS": 0.06,
        "Total Revenue": 105,
        "Gross Profit": 59,
        "Operating Income": 16,
        "EBIT": 34,
        "Net Income": 2
    },
    "2015-09-30": {
        "Diluted EPS": 0.07,
        "Total Revenue": 103,
        "Gross Profit": 58,
        "Operating Income": 16,
        "EBIT": 33,
        "Net Income": 3
    },
    "2015-06-30": {
        "Diluted EPS": 0.02,
        "Total Revenue": 99,
        "Gross Profit": 56,
        "Operating Income": 11,
        "EBIT": 28,
        "Net Income": 1
    },
    "2015-03-31": {
        "Diluted EPS": -0.04,
        "Total Revenue": 97,
        "Gross Profit": 56,
        "Operating Income": 10,
        "EBIT": 28,
        "Net Income": -2
    },
    "2014-12-31": {
        "Diluted EPS": -0.01,
        "Total Revenue": 97,
        "Gross Profit": 56,
        "Operating Income": 13,
        "EBIT": 30,
        "Net Income": 0
    },
    "2014-09-30": {
        "Diluted EPS": 0.0,
        "Total Revenue": 96,
        "Gross Profit": 55,
        "Operating Income": 14,
        "EBIT": 31,
        "Net Income": 0
    },
    "2014-06-30": {
        "Diluted EPS": 0.03,
        "Total Revenue": 95,
        "Gross Profit": 55,
        "Operating Income": 14,
        "EBIT": 33,
        "Net Income": 1
    },
    "2014-03-31": {
        "Diluted EPS": 0.0,
        "Total Revenue": 93,
        "Gross Profit": 54,
        "Operating Income": 13,
        "EBIT": 32,
        "Net Income": 0
    },
    "2013-12-31": {
        "Diluted EPS": 1.12,
        "Total Revenue": 90,
        "Gross Profit": 51,
        "Operating Income": 12,
        "EBIT": 30,
        "Net Income": 53
    },
    "2013-09-30": {
        "Diluted EPS": 0.05,
        "Total Revenue": 88,
        "Gross Profit": 50,
        "Operating Income": 13,
        "EBIT": 30,
        "Net Income": 2
    },
    "2013-06-30": {
        "Diluted EPS": 0.03,
        "Total Revenue": 86,
        "Gross Profit": 49,
        "Operating Income": 12,
        "EBIT": 29,
        "Net Income": 2
    },
    "2013-03-31": {
        "Diluted EPS": 0.01,
        "Total Revenue": 85,
        "Gross Profit": 47,
        "Operating Income": 10,
        "EBIT": 27,
        "Net Income": 0
    },
    "2012-12-31": {
        "Diluted EPS": 0.0,
        "Total Revenue": 83,
        "Gross Profit": 45,
        "Operating Income": 9,
        "EBIT": 27,
        "Net Income": 0
    },
    "2012-09-30": {
        "Diluted EPS": 0.0,
        "Total Revenue": 80,
        "Gross Profit": 43,
        "Operating Income": 8,
        "EBIT": 25,
        "Net Income": 0
    },
    "2012-06-30": {
        "Diluted EPS": -0.04,
        "Total Revenue": 78,
        "Gross Profit": 43,
        "Operating Income": 8,
        "EBIT": 25,
        "Net Income": -2
    },
    "2012-03-31": {
        "Diluted EPS": -0.05,
        "Total Revenue": 77,
        "Gross Profit": 43,
        "Operating Income": 6,
        "EBIT": 23,
        "Net Income": -2
    },
    "2011-12-31": {
        "Diluted EPS": 0.12,
        "Total Revenue": 79,
        "Gross Profit": 46,
        "Operating Income": 11,
        "EBIT": 11,
        "Net Income": 5
    },
    "2011-09-30": {
        "Diluted EPS": 0.01,
        "Total Revenue": 77,
        "Gross Profit": 44,
        "Operating Income": 10,
        "EBIT": 10,
        "Net Income": 0
    },
    "2011-06-30": {
        "Diluted EPS": 0.05,
        "Total Revenue": 76,
        "Gross Profit": 42,
        "Operating Income": 9,
        "EBIT": 9,
        "Net Income": 2
    },
    "2011-03-31": {
        "Diluted EPS": -0.01,
        "Total Revenue": 73,
        "Gross Profit": 42,
        "Operating Income": 7,
        "EBIT": 7,
        "Net Income": 0
    },
    "2010-12-31": {
        "Diluted EPS": 0.05,
        "Total Revenue": 69,
        "Gross Profit": 38,
        "Operating Income": 6,
        "EBIT": 6,
        "Net Income": 3
    },
    "2010-09-30": {
        "Diluted EPS": -0.01,
        "Total Revenue": 67,
        "Gross Profit": 36,
        "Operating Income": 4,
        "EBIT": 4,
        "Net Income": 0
    },
    "2010-06-30": {
        "Diluted EPS": -0.02,
        "Total Revenue": 64,
        "Gross Profit": 35,
        "Operating Income": 3,
        "EBIT": 3,
        "Net Income": -1
    },
    "2010-03-31": {
        "Diluted EPS": -0.01,
        "Total Revenue": 63,
        "Gross Profit": 35,
        "Operating Income": 3,
        "EBIT": 3,
        "Net Income": -1
    },
    "2009-12-31": {
        "Diluted EPS": -0.03,
        "Total Revenue": 63,
        "Gross Profit": 35,
        "Operating Income": 1,
        "EBIT": 1,
        "Net Income": -1
    },
    "2009-09-30": {
        "Diluted EPS": -0.07,
        "Total Revenue": 60,
        "Gross Profit": 34,
        "Operating Income": 0,
        "EBIT": 0,
        "Net Income": -3
    },
    "2009-06-30": {
        "Diluted EPS": -0.1,
        "Total Revenue": 58,
        "Gross Profit": 33,
        "Operating Income": -1,
        "EBIT": -1,
        "Net Income": -4
    },
    "2009-03-31": {
        "Diluted EPS": -0.19,
        "Total Revenue": 55,
        "Gross Profit": 31,
        "Operating Income": -5,
        "EBIT": -5,
        "Net Income": -8
    },
    "2023-06-30": {
        "Tax Effect Of Unusual Items": 242545800.0,
        "Tax Rate For Calcs": 0.21,
        "Normalized EBITDA": 27021000.0,
        "Total Unusual Items": 1154980000.0,
        "Total Unusual Items Excluding Goodwill": 1154980000.0,
        "Net Income From Continuing Operation Net Minority Interest": 1123863000.0,
        "Reconciled Depreciation": 52509000.0,
        "Reconciled Cost Of Revenue": 137504000.0,
        "EBITDA": 1182001000.0,
        "EBIT": 1129490000.0,
        "Net Interest Income": -21583000.0,
        "Interest Expense": 29958000.0,
        "Interest Income": 8375000.0,
        "Normalized Income": 211428800.0,
        "Net Income From Continuing And Discontinued Operation": 1123863000.0,
        "Total Expenses": 273671000.0,
        "Total Operating Income As Reported": -34604000.0,
        "Diluted Average Shares": 47526207.0,
        "Basic Average Shares": 47137822.0,
        "Diluted EPS": 23.65,
        "Basic EPS": 23.84,
        "Diluted NI Availto Com Stockholders": 1123863000.0,
        "Net Income Common Stockholders": 1123863000.0,
        "Net Income": 1123863000.0,
        "Net Income Including Noncontrolling Interests": 1123863000.0,
        "Net Income Continuous Operations": 1123863000.0,
        "Tax Provision": -24331000.0,
        "Pretax Income": 1099532000.0,
        "Other Income Expense": 1154980000.0,
        "Special Income Charges": 1154980000.0,
        "Other Special Charges": NaN,
        "Restructuring And Mergern Acquisition": -1154980000.0,
        "Gain On Sale Of Security": -1305000.0,
        "Net Non Operating Interest Income Expense": -21583000.0,
        "Interest Expense Non Operating": 29958000.0,
        "Interest Income Non Operating": 8375000.0,
        "Operating Income": -33865000.0,
        "Operating Expense": 136169000.0,
        "Depreciation Amortization Depletion Income Statement": 52511000.0,
        "Depreciation And Amortization In Income Statement": 52511000.0,
        "Selling General And Administration": 83658000.0,
        "Selling And Marketing Expense": NaN,
        "General And Administrative Expense": 83658000.0,
        "Other Gand A": 77640000.0,
        "Salaries And Wages": 6018000.0,
        "Gross Profit": 102304000.0,
        "Cost Of Revenue": 137502000.0,
        "Total Revenue": 239806000.0,
        "Operating Revenue": 239806000.0
    },
    "2023-09-30": {
        "Tax Effect Of Unusual Items": -1647634.321781,
        "Tax Rate For Calcs": 0.193657,
        "Normalized EBITDA": 49094000.0,
        "Total Unusual Items": -8508000.0,
        "Total Unusual Items Excluding Goodwill": -8508000.0,
        "Net Income From Continuing Operation Net Minority Interest": -56723000.0,
        "Reconciled Depreciation": 86734000.0,
        "Reconciled Cost Of Revenue": 173594000.0,
        "EBITDA": 40586000.0,
        "EBIT": -46148000.0,
        "Net Interest Income": -11631000.0,
        "Interest Expense": 24198000.0,
        "Interest Income": 12567000.0,
        "Normalized Income": -49862634.321781,
        "Net Income From Continuing And Discontinued Operation": -56723000.0,
        "Total Expenses": 325636000.0,
        "Total Operating Income As Reported": -50558000.0,
        "Diluted Average Shares": 47227338.0,
        "Basic Average Shares": 47227338.0,
        "Diluted EPS": -1.2,
        "Basic EPS": -1.2,
        "Diluted NI Availto Com Stockholders": -56723000.0,
        "Net Income Common Stockholders": -56723000.0,
        "Net Income": -56723000.0,
        "Net Income Including Noncontrolling Interests": -56723000.0,
        "Net Income Continuous Operations": -56723000.0,
        "Tax Provision": -13623000.0,
        "Pretax Income": -70346000.0,
        "Other Income Expense": -8508000.0,
        "Special Income Charges": -3683000.0,
        "Other Special Charges": NaN,
        "Restructuring And Mergern Acquisition": 3683000.0,
        "Gain On Sale Of Security": -4825000.0,
        "Net Non Operating Interest Income Expense": -11631000.0,
        "Interest Expense Non Operating": 24198000.0,
        "Interest Income Non Operating": 12567000.0,
        "Operating Income": -50207000.0,
        "Operating Expense": 152042000.0,
        "Depreciation Amortization Depletion Income Statement": 86734000.0,
        "Depreciation And Amortization In Income Statement": 86734000.0,
        "Selling General And Administration": 65308000.0,
        "Selling And Marketing Expense": 65308000.0,
        "General And Administrative Expense": 65308000.0,
        "Other Gand A": 65308000.0,
        "Salaries And Wages": NaN,
        "Gross Profit": 101835000.0,
        "Cost Of Revenue": 173594000.0,
        "Total Revenue": 275429000.0,
        "Operating Revenue": 275429000.0
    },
    "2023-12-31": {
        "Tax Effect Of Unusual Items": 53501490.0,
        "Tax Rate For Calcs": 0.21,
        "Normalized EBITDA": 27753000.0,
        "Total Unusual Items": 254769000.0,
        "Total Unusual Items Excluding Goodwill": 254769000.0,
        "Net Income From Continuing Operation Net Minority Interest": 200153000.0,
        "Reconciled Depreciation": 67806000.0,
        "Reconciled Cost Of Revenue": 174498000.0,
        "EBITDA": 282522000.0,
        "EBIT": 214716000.0,
        "Net Interest Income": -23505000.0,
        "Interest Expense": 34928000.0,
        "Interest Income": 11423000.0,
        "Normalized Income": -1114510.0,
        "Net Income From Continuing And Discontinued Operation": 200153000.0,
        "Total Expenses": 323576000.0,
        "Total Operating Income As Reported": -68478000.0,
        "Diluted Average Shares": 48037841.0,
        "Basic Average Shares": 47353291.0,
        "Diluted EPS": 4.17,
        "Basic EPS": 4.23,
        "Diluted NI Availto Com Stockholders": 200153000.0,
        "Net Income Common Stockholders": 200153000.0,
        "Net Income": 200153000.0,
        "Net Income Including Noncontrolling Interests": 200153000.0,
        "Net Income Continuous Operations": 200153000.0,
        "Tax Provision": -20365000.0,
        "Pretax Income": 179788000.0,
        "Other Income Expense": 254769000.0,
        "Special Income Charges": 237047000.0,
        "Other Special Charges": NaN,
        "Restructuring And Mergern Acquisition": -237047000.0,
        "Gain On Sale Of Security": 17722000.0,
        "Net Non Operating Interest Income Expense": -23505000.0,
        "Interest Expense Non Operating": 34928000.0,
        "Interest Income Non Operating": 11423000.0,
        "Operating Income": -51476000.0,
        "Operating Expense": 149078000.0,
        "Depreciation Amortization Depletion Income Statement": 67806000.0,
        "Depreciation And Amortization In Income Statement": 67806000.0,
        "Selling General And Administration": 81272000.0,
        "Selling And Marketing Expense": NaN,
        "General And Administrative Expense": NaN,
        "Other Gand A": NaN,
        "Salaries And Wages": NaN,
        "Gross Profit": 97602000.0,
        "Cost Of Revenue": 174498000.0,
        "Total Revenue": 272100000.0,
        "Operating Revenue": 272100000.0
    },
    "2024-03-31": {
        "Tax Effect Of Unusual Items": -4679923.881375,
        "Tax Rate For Calcs": 0.226532,
        "Normalized EBITDA": 30606000.0,
        "Total Unusual Items": -20659000.0,
        "Total Unusual Items Excluding Goodwill": -20659000.0,
        "Net Income From Continuing Operation Net Minority Interest": -65307000.0,
        "Reconciled Depreciation": 70891000.0,
        "Reconciled Cost Of Revenue": 168933000.0,
        "EBITDA": 9947000.0,
        "EBIT": -60944000.0,
        "Net Interest Income": -13423000.0,
        "Interest Expense": 23490000.0,
        "Interest Income": 10067000.0,
        "Normalized Income": -49327923.881375,
        "Net Income From Continuing And Discontinued Operation": -65307000.0,
        "Total Expenses": 316520000.0,
        "Total Operating Income As Reported": -59389000.0,
        "Diluted Average Shares": 47416268.0,
        "Basic Average Shares": 47416268.0,
        "Diluted EPS": -1.38,
        "Basic EPS": -1.38,
        "Diluted NI Availto Com Stockholders": -65307000.0,
        "Net Income Common Stockholders": -65307000.0,
        "Net Income": -65307000.0,
        "Net Income Including Noncontrolling Interests": -65307000.0,
        "Net Income Continuous Operations": -65307000.0,
        "Tax Provision": -19127000.0,
        "Pretax Income": -84434000.0,
        "Other Income Expense": -20659000.0,
        "Special Income Charges": -14507000.0,
        "Other Special Charges": NaN,
        "Restructuring And Mergern Acquisition": 14507000.0,
        "Gain On Sale Of Security": -6152000.0,
        "Net Non Operating Interest Income Expense": -13423000.0,
        "Interest Expense Non Operating": 23490000.0,
        "Interest Income Non Operating": 10067000.0,
        "Operating Income": -50352000.0,
        "Operating Expense": 147587000.0,
        "Depreciation Amortization Depletion Income Statement": 70891000.0,
        "Depreciation And Amortization In Income Statement": 70891000.0,
        "Selling General And Administration": 76696000.0,
        "Selling And Marketing Expense": NaN,
        "General And Administrative Expense": 76696000.0,
        "Other Gand A": 70131000.0,
        "Salaries And Wages": 6565000.0,
        "Gross Profit": 97235000.0,
        "Cost Of Revenue": 168933000.0,
        "Total Revenue": 266168000.0,
        "Operating Revenue": 266168000.0
    },
    "2024-06-30": {
        "Tax Effect Of Unusual Items": 3641129.979349,
        "Tax Rate For Calcs": 0.195392,
        "Normalized EBITDA": 44754000.0,
        "Total Unusual Items": 18635000.0,
        "Total Unusual Items Excluding Goodwill": 18635000.0,
        "Net Income From Continuing Operation Net Minority Interest": -32338000.0,
        "Reconciled Depreciation": 74039000.0,
        "Reconciled Cost Of Revenue": 156164000.0,
        "EBITDA": 63389000.0,
        "EBIT": -10650000.0,
        "Net Interest Income": -20721000.0,
        "Interest Expense": 29541000.0,
        "Interest Income": 8820000.0,
        "Normalized Income": -47331870.020651,
        "Net Income From Continuing And Discontinued Operation": -32338000.0,
        "Total Expenses": 298548000.0,
        "Total Operating Income As Reported": -47143000.0,
        "Diluted Average Shares": 47511613.0,
        "Basic Average Shares": 47511613.0,
        "Diluted EPS": -0.68,
        "Basic EPS": -0.68,
        "Diluted NI Availto Com Stockholders": -32338000.0,
        "Net Income Common Stockholders": -32338000.0,
        "Net Income": -32338000.0,
        "Net Income Including Noncontrolling Interests": -32338000.0,
        "Net Income Continuous Operations": -32338000.0,
        "Tax Provision": -7853000.0,
        "Pretax Income": -40191000.0,
        "Other Income Expense": 18635000.0,
        "Special Income Charges": 18635000.0,
        "Other Special Charges": -3332000.0,
        "Restructuring And Mergern Acquisition": -15303000.0,
        "Gain On Sale Of Security": NaN,
        "Net Non Operating Interest Income Expense": -20721000.0,
        "Interest Expense Non Operating": 29541000.0,
        "Interest Income Non Operating": 8820000.0,
        "Operating Income": -38105000.0,
        "Operating Expense": 142381000.0,
        "Depreciation Amortization Depletion Income Statement": 74036000.0,
        "Depreciation And Amortization In Income Statement": 74036000.0,
        "Selling General And Administration": 68345000.0,
        "Selling And Marketing Expense": NaN,
        "General And Administrative Expense": NaN,
        "Other Gand A": NaN,
        "Salaries And Wages": NaN,
        "Gross Profit": 104276000.0,
        "Cost Of Revenue": 156167000.0,
        "Total Revenue": 260443000.0,
        "Operating Revenue": 260443000.0
    }
}