{
    "2023-03-31": {
        "Tax Effect Of Unusual Items": -1718892.0,
        "Tax Rate For Calcs": 0.266,
        "Normalized EBITDA": 55175000.0,
        "Total Unusual Items": -6462000.0,
        "Total Unusual Items Excluding Goodwill": -6462000.0,
        "Net Income From Continuing Operation Net Minority Interest": 29436000.0,
        "Reconciled Depreciation": 4904000.0,
        "Reconciled Cost Of Revenue": 483284000.0,
        "EBITDA": 48713000.0,
        "EBIT": 43809000.0,
        "Net Interest Income": -3690000.0,
        "Interest Expense": 3690000.0,
        "Normalized Income": 34179108.0,
        "Net Income From Continuing And Discontinued Operation": 29436000.0,
        "Total Expenses": 572448000.0,
        "Total Operating Income As Reported": 43797000.0,
        "Diluted Average Shares": 36560000.0,
        "Basic Average Shares": 35864000.0,
        "Diluted EPS": 0.81,
        "Basic EPS": 0.82,
        "Diluted NI Availto Com Stockholders": 29436000.0,
        "Net Income Common Stockholders": 29436000.0,
        "Net Income": 29436000.0,
        "Net Income Including Noncontrolling Interests": 29436000.0,
        "Net Income Continuous Operations": 29436000.0,
        "Tax Provision": 10683000.0,
        "Pretax Income": 40119000.0,
        "Other Income Expense": -6450000.0,
        "Other Non Operating Income Expenses": 12000.0,
        "Special Income Charges": -6462000.0,
        "Other Special Charges": 1125000.0,
        "Write Off": 4908000.0,
        "Impairment Of Capital Assets": 0.0,
        "Restructuring And Mergern Acquisition": 429000.0,
        "Net Non Operating Interest Income Expense": -3690000.0,
        "Interest Expense Non Operating": 3690000.0,
        "Operating Income": 50259000.0,
        "Operating Expense": 89164000.0,
        "Depreciation Amortization Depletion Income Statement": 4904000.0,
        "Depreciation And Amortization In Income Statement": 4904000.0,
        "Selling General And Administration": 84260000.0,
        "Gross Profit": 139423000.0,
        "Cost Of Revenue": 483284000.0,
        "Total Revenue": 622707000.0,
        "Operating Revenue": 622707000.0
    },
    "2022-12-31": {
        "Tax Effect Of Unusual Items": NaN,
        "Tax Rate For Calcs": NaN,
        "Normalized EBITDA": NaN,
        "Total Unusual Items": NaN,
        "Total Unusual Items Excluding Goodwill": NaN,
        "Net Income From Continuing Operation Net Minority Interest": NaN,
        "Reconciled Depreciation": NaN,
        "Reconciled Cost Of Revenue": NaN,
        "EBITDA": NaN,
        "EBIT": NaN,
        "Net Interest Income": NaN,
        "Interest Expense": NaN,
        "Normalized Income": NaN,
        "Net Income From Continuing And Discontinued Operation": NaN,
        "Total Expenses": NaN,
        "Total Operating Income As Reported": NaN,
        "Diluted Average Shares": NaN,
        "Basic Average Shares": NaN,
        "Diluted EPS": NaN,
        "Basic EPS": NaN,
        "Diluted NI Availto Com Stockholders": NaN,
        "Net Income Common Stockholders": NaN,
        "Net Income": NaN,
        "Net Income Including Noncontrolling Interests": NaN,
        "Net Income Continuous Operations": NaN,
        "Tax Provision": NaN,
        "Pretax Income": NaN,
        "Other Income Expense": NaN,
        "Other Non Operating Income Expenses": NaN,
        "Special Income Charges": NaN,
        "Other Special Charges": 1816000.0,
        "Write Off": NaN,
        "Impairment Of Capital Assets": 0.0,
        "Restructuring And Mergern Acquisition": NaN,
        "Net Non Operating Interest Income Expense": NaN,
        "Interest Expense Non Operating": NaN,
        "Operating Income": NaN,
        "Operating Expense": NaN,
        "Depreciation Amortization Depletion Income Statement": NaN,
        "Depreciation And Amortization In Income Statement": NaN,
        "Selling General And Administration": NaN,
        "Gross Profit": NaN,
        "Cost Of Revenue": NaN,
        "Total Revenue": NaN,
        "Operating Revenue": NaN
    },
    "2022-09-30": {
        "Tax Effect Of Unusual Items": NaN,
        "Tax Rate For Calcs": NaN,
        "Normalized EBITDA": NaN,
        "Total Unusual Items": NaN,
        "Total Unusual Items Excluding Goodwill": NaN,
        "Net Income From Continuing Operation Net Minority Interest": NaN,
        "Reconciled Depreciation": NaN,
        "Reconciled Cost Of Revenue": NaN,
        "EBITDA": NaN,
        "EBIT": NaN,
        "Net Interest Income": NaN,
        "Interest Expense": NaN,
        "Normalized Income": NaN,
        "Net Income From Continuing And Discontinued Operation": NaN,
        "Total Expenses": NaN,
        "Total Operating Income As Reported": NaN,
        "Diluted Average Shares": NaN,
        "Basic Average Shares": NaN,
        "Diluted EPS": NaN,
        "Basic EPS": NaN,
        "Diluted NI Availto Com Stockholders": NaN,
        "Net Income Common Stockholders": NaN,
        "Net Income": NaN,
        "Net Income Including Noncontrolling Interests": NaN,
        "Net Income Continuous Operations": NaN,
        "Tax Provision": NaN,
        "Pretax Income": NaN,
        "Other Income Expense": NaN,
        "Other Non Operating Income Expenses": NaN,
        "Special Income Charges": NaN,
        "Other Special Charges": NaN,
        "Write Off": NaN,
        "Impairment Of Capital Assets": 3856000.0,
        "Restructuring And Mergern Acquisition": NaN,
        "Net Non Operating Interest Income Expense": NaN,
        "Interest Expense Non Operating": NaN,
        "Operating Income": NaN,
        "Operating Expense": NaN,
        "Depreciation Amortization Depletion Income Statement": NaN,
        "Depreciation And Amortization In Income Statement": NaN,
        "Selling General And Administration": NaN,
        "Gross Profit": NaN,
        "Cost Of Revenue": NaN,
        "Total Revenue": NaN,
        "Operating Revenue": NaN
    },
    "2022-06-30": {
        "Tax Effect Of Unusual Items": -1143858.83051,
        "Tax Rate For Calcs": 0.286681,
        "Normalized EBITDA": 85480000.0,
        "Total Unusual Items": -3990000.0,
        "Total Unusual Items Excluding Goodwill": -3990000.0,
        "Net Income From Continuing Operation Net Minority Interest": 52894000.0,
        "Reconciled Depreciation": 3481000.0,
        "Reconciled Cost Of Revenue": 583156000.0,
        "EBITDA": 81490000.0,
        "EBIT": 78009000.0,
        "Net Interest Income": -3857000.0,
        "Interest Expense": 3857000.0,
        "Normalized Income": 55740141.16949,
        "Net Income From Continuing And Discontinued Operation": 52894000.0,
        "Total Expenses": 672646000.0,
        "Total Operating Income As Reported": 78837000.0,
        "Diluted Average Shares": 37757000.0,
        "Basic Average Shares": 37471000.0,
        "Diluted EPS": 1.4,
        "Basic EPS": 1.41,
        "Diluted NI Availto Com Stockholders": 52894000.0,
        "Net Income Common Stockholders": 52894000.0,
        "Net Income": 52894000.0,
        "Net Income Including Noncontrolling Interests": 52894000.0,
        "Net Income Continuous Operations": 52894000.0,
        "Tax Provision": 21258000.0,
        "Pretax Income": 74152000.0,
        "Other Income Expense": -2906000.0,
        "Other Non Operating Income Expenses": 1084000.0,
        "Special Income Charges": -3990000.0,
        "Other Special Charges": 1912000.0,
        "Write Off": 3192000.0,
        "Impairment Of Capital Assets": 0.0,
        "Restructuring And Mergern Acquisition": -1114000.0,
        "Net Non Operating Interest Income Expense": -3857000.0,
        "Interest Expense Non Operating": 3857000.0,
        "Operating Income": 80915000.0,
        "Operating Expense": 89490000.0,
        "Depreciation Amortization Depletion Income Statement": 3481000.0,
        "Depreciation And Amortization In Income Statement": 3481000.0,
        "Selling General And Administration": 86009000.0,
        "Gross Profit": 170405000.0,
        "Cost Of Revenue": 583156000.0,
        "Total Revenue": 753561000.0,
        "Operating Revenue": 753561000.0
    },
    "2023-06-30": {
        "Tax Effect Of Unusual Items": -1865688.0,
        "Tax Rate For Calcs": 0.296,
        "Normalized EBITDA": 44190000.0,
        "Total Unusual Items": -6303000.0,
        "Total Unusual Items Excluding Goodwill": -6303000.0,
        "Net Income From Continuing Operation Net Minority Interest": 21345000.0,
        "Reconciled Depreciation": 4432000.0,
        "Reconciled Cost Of Revenue": 417556000.0,
        "EBITDA": 37887000.0,
        "EBIT": 33455000.0,
        "Net Interest Income": -3149000.0,
        "Interest Expense": 3149000.0,
        "Normalized Income": 25782312.0,
        "Net Income From Continuing And Discontinued Operation": 21345000.0,
        "Total Expenses": 500926000.0,
        "Total Operating Income As Reported": 35189000.0,
        "Diluted Average Shares": 35524000.0,
        "Basic Average Shares": 35351000.0,
        "Diluted EPS": 0.6,
        "Basic EPS": 0.6,
        "Diluted NI Availto Com Stockholders": 21345000.0,
        "Net Income Common Stockholders": 21345000.0,
        "Net Income": 21345000.0,
        "Net Income Including Noncontrolling Interests": 21345000.0,
        "Net Income Continuous Operations": 21345000.0,
        "Tax Provision": 8961000.0,
        "Pretax Income": 30306000.0,
        "Other Income Expense": -6314000.0,
        "Other Non Operating Income Expenses": -11000.0,
        "Special Income Charges": -6303000.0,
        "Other Special Charges": 1723000.0,
        "Write Off": 3667000.0,
        "Impairment Of Capital Assets": 533000.0,
        "Restructuring And Mergern Acquisition": 913000.0,
        "Net Non Operating Interest Income Expense": -3149000.0,
        "Interest Expense Non Operating": 3149000.0,
        "Operating Income": 39769000.0,
        "Operating Expense": 83370000.0,
        "Depreciation Amortization Depletion Income Statement": 4432000.0,
        "Depreciation And Amortization In Income Statement": 4432000.0,
        "Selling General And Administration": 78938000.0,
        "Gross Profit": 123139000.0,
        "Cost Of Revenue": 417556000.0,
        "Total Revenue": 540695000.0,
        "Operating Revenue": 540695000.0
    },
    "2022-03-31": {
        "Diluted EPS": 1.63,
        "Total Revenue": 789,
        "Gross Profit": 175,
        "Operating Income": 91,
        "EBIT": 93,
        "Net Income": 62
    },
    "2021-12-31": {
        "Diluted EPS": 2.07,
        "Total Revenue": 641,
        "Gross Profit": 147,
        "Operating Income": 76,
        "EBIT": 79,
        "Net Income": 78
    },
    "2021-09-30": {
        "Diluted EPS": 0.62,
        "Total Revenue": 375,
        "Gross Profit": 84,
        "Operating Income": 26,
        "EBIT": 29,
        "Net Income": 23
    },
    "2021-06-30": {
        "Diluted EPS": 0.31,
        "Total Revenue": 332,
        "Gross Profit": 73,
        "Operating Income": 16,
        "EBIT": 18,
        "Net Income": 12
    },
    "2021-03-31": {
        "Diluted EPS": 0.53,
        "Total Revenue": 329,
        "Gross Profit": 71,
        "Operating Income": 21,
        "EBIT": 23,
        "Net Income": 19
    },
    "2020-12-31": {
        "Diluted EPS": 0.13,
        "Total Revenue": 216,
        "Gross Profit": 54,
        "Operating Income": 6,
        "EBIT": 8,
        "Net Income": 5
    },
    "2020-09-30": {
        "Diluted EPS": -0.04,
        "Total Revenue": 194,
        "Gross Profit": 48,
        "Operating Income": 0,
        "EBIT": 3,
        "Net Income": -1
    },
    "2020-06-30": {
        "Diluted EPS": -0.39,
        "Total Revenue": 217,
        "Gross Profit": 51,
        "Operating Income": -14,
        "EBIT": -10,
        "Net Income": -14
    },
    "2020-03-31": {
        "Diluted EPS": -0.06,
        "Total Revenue": 210,
        "Gross Profit": 50,
        "Operating Income": -1,
        "EBIT": 3,
        "Net Income": -2
    },
    "2019-12-31": {
        "Diluted EPS": -0.03,
        "Total Revenue": 215,
        "Gross Profit": 53,
        "Operating Income": 2,
        "EBIT": 7,
        "Net Income": -1
    },
    "2019-09-30": {
        "Diluted EPS": -0.09,
        "Total Revenue": 209,
        "Gross Profit": 51,
        "Operating Income": 0,
        "EBIT": 3,
        "Net Income": -3
    },
    "2019-06-30": {
        "Diluted EPS": -1.44,
        "Total Revenue": 203,
        "Gross Profit": 52,
        "Operating Income": -15,
        "EBIT": -12,
        "Net Income": -52
    },
    "2019-03-31": {
        "Diluted EPS": -0.05,
        "Total Revenue": 195,
        "Gross Profit": 48,
        "Operating Income": -3,
        "EBIT": 0,
        "Net Income": -2
    },
    "2018-12-31": {
        "Diluted EPS": -0.56,
        "Total Revenue": 201,
        "Gross Profit": 51,
        "Operating Income": -24,
        "EBIT": -21,
        "Net Income": -20
    },
    "2018-09-30": {
        "Diluted EPS": -0.01,
        "Total Revenue": 201,
        "Gross Profit": 52,
        "Operating Income": 3,
        "EBIT": 6,
        "Net Income": 0
    },
    "2018-06-30": {
        "Diluted EPS": 0.04,
        "Total Revenue": 205,
        "Gross Profit": 54,
        "Operating Income": 4,
        "EBIT": 7,
        "Net Income": 2
    },
    "2018-03-31": {
        "Diluted EPS": 0.05,
        "Total Revenue": 210,
        "Gross Profit": 54,
        "Operating Income": 4,
        "EBIT": 7,
        "Net Income": 2
    },
    "2017-12-31": {
        "Diluted EPS": 0.77,
        "Total Revenue": 220,
        "Gross Profit": 58,
        "Operating Income": -6,
        "EBIT": -3,
        "Net Income": 28
    },
    "2017-09-30": {
        "Diluted EPS": 0.19,
        "Total Revenue": 228,
        "Gross Profit": 60,
        "Operating Income": 8,
        "EBIT": 11,
        "Net Income": 7
    },
    "2017-06-30": {
        "Diluted EPS": 0.13,
        "Total Revenue": 209,
        "Gross Profit": 57,
        "Operating Income": 6,
        "EBIT": 9,
        "Net Income": 5
    },
    "2017-03-31": {
        "Diluted EPS": -0.08,
        "Total Revenue": 208,
        "Gross Profit": 53,
        "Operating Income": 3,
        "EBIT": 5,
        "Net Income": -2
    },
    "2016-12-31": {
        "Diluted EPS": 0.38,
        "Total Revenue": 223,
        "Gross Profit": 58,
        "Operating Income": 9,
        "EBIT": 13,
        "Net Income": -8
    },
    "2016-09-30": {
        "Diluted EPS": 0.22,
        "Total Revenue": 215,
        "Gross Profit": 58,
        "Operating Income": 9,
        "EBIT": 11,
        "Net Income": 14
    },
    "2016-06-30": {
        "Diluted EPS": -0.54,
        "Total Revenue": 199,
        "Gross Profit": 55,
        "Operating Income": -17,
        "EBIT": -14,
        "Net Income": -17
    },
    "2016-03-31": {
        "Diluted EPS": 0.09,
        "Total Revenue": 197,
        "Gross Profit": 51,
        "Operating Income": 5,
        "EBIT": 8,
        "Net Income": 19
    },
    "2015-12-31": {
        "Diluted EPS": -0.15,
        "Total Revenue": 193,
        "Gross Profit": 50,
        "Operating Income": 6,
        "EBIT": 8,
        "Net Income": -6
    },
    "2015-09-30": {
        "Diluted EPS": 0.16,
        "Total Revenue": 196,
        "Gross Profit": 51,
        "Operating Income": 7,
        "EBIT": 9,
        "Net Income": 5
    },
    "2015-06-30": {
        "Diluted EPS": 0.08,
        "Total Revenue": 193,
        "Gross Profit": 48,
        "Operating Income": 4,
        "EBIT": 7,
        "Net Income": 3
    },
    "2015-03-31": {
        "Diluted EPS": 0.05,
        "Total Revenue": 186,
        "Gross Profit": 47,
        "Operating Income": 4,
        "EBIT": 6,
        "Net Income": 3
    },
    "2014-12-31": {
        "Diluted EPS": -0.65,
        "Total Revenue": 188,
        "Gross Profit": 48,
        "Operating Income": -9,
        "EBIT": -6,
        "Net Income": -20
    },
    "2014-09-30": {
        "Diluted EPS": -0.24,
        "Total Revenue": 189,
        "Gross Profit": 47,
        "Operating Income": 2,
        "EBIT": 4,
        "Net Income": -8
    },
    "2014-06-30": {
        "Diluted EPS": -0.1,
        "Total Revenue": 123,
        "Gross Profit": 32,
        "Operating Income": -2,
        "EBIT": 0,
        "Net Income": -3
    },
    "2014-03-31": {
        "Diluted EPS": -0.03,
        "Total Revenue": 118,
        "Gross Profit": 30,
        "Operating Income": -1,
        "EBIT": 0,
        "Net Income": -1
    },
    "2013-12-31": {
        "Diluted EPS": -1.7,
        "Total Revenue": 109,
        "Gross Profit": 29,
        "Operating Income": -7,
        "EBIT": -6,
        "Net Income": -53
    },
    "2013-09-30": {
        "Diluted EPS": 0.03,
        "Total Revenue": 108,
        "Gross Profit": 28,
        "Operating Income": 1,
        "EBIT": 2,
        "Net Income": 1
    },
    "2013-06-30": {
        "Diluted EPS": -0.05,
        "Total Revenue": 111,
        "Gross Profit": 28,
        "Operating Income": -2,
        "EBIT": 0,
        "Net Income": -1
    },
    "2013-03-31": {
        "Diluted EPS": 0.04,
        "Total Revenue": 110,
        "Gross Profit": 29,
        "Operating Income": 0,
        "EBIT": 1,
        "Net Income": 1
    },
    "2012-12-31": {
        "Diluted EPS": -0.31,
        "Total Revenue": 112,
        "Gross Profit": 28,
        "Operating Income": -1,
        "EBIT": 2,
        "Net Income": -10
    },
    "2012-09-30": {
        "Diluted EPS": -0.57,
        "Total Revenue": 112,
        "Gross Profit": 27,
        "Operating Income": -1,
        "EBIT": 1,
        "Net Income": -18
    },
    "2012-06-30": {
        "Diluted EPS": -0.47,
        "Total Revenue": 109,
        "Gross Profit": 27,
        "Operating Income": -21,
        "EBIT": -19,
        "Net Income": -15
    },
    "2012-03-31": {
        "Diluted EPS": -0.02,
        "Total Revenue": 110,
        "Gross Profit": 29,
        "Operating Income": -1,
        "EBIT": 1,
        "Net Income": -1
    },
    "2011-12-31": {
        "Diluted EPS": 0.02,
        "Total Revenue": 125,
        "Gross Profit": 35,
        "Operating Income": 3,
        "EBIT": 6,
        "Net Income": 1
    },
    "2011-09-30": {
        "Diluted EPS": 0.06,
        "Total Revenue": 131,
        "Gross Profit": 36,
        "Operating Income": 4,
        "EBIT": 7,
        "Net Income": 2
    },
    "2011-06-30": {
        "Diluted EPS": 0.05,
        "Total Revenue": 126,
        "Gross Profit": 35,
        "Operating Income": 3,
        "EBIT": 5,
        "Net Income": 2
    },
    "2011-03-31": {
        "Diluted EPS": 0.01,
        "Total Revenue": 122,
        "Gross Profit": 33,
        "Operating Income": 1,
        "EBIT": 4,
        "Net Income": 0
    },
    "2010-12-31": {
        "Diluted EPS": -0.19,
        "Total Revenue": 114,
        "Gross Profit": 33,
        "Operating Income": -8,
        "EBIT": -5,
        "Net Income": -6
    },
    "2010-09-30": {
        "Diluted EPS": 0.03,
        "Total Revenue": 116,
        "Gross Profit": 32,
        "Operating Income": 3,
        "EBIT": 6,
        "Net Income": 1
    },
    "2010-06-30": {
        "Diluted EPS": 0.04,
        "Total Revenue": 118,
        "Gross Profit": 34,
        "Operating Income": 3,
        "EBIT": 7,
        "Net Income": 1
    },
    "2010-03-31": {
        "Diluted EPS": 0.04,
        "Total Revenue": 121,
        "Gross Profit": 34,
        "Operating Income": 2,
        "EBIT": 6,
        "Net Income": 1
    },
    "2009-12-31": {
        "Diluted EPS": 0.02,
        "Total Revenue": 124,
        "Gross Profit": 35,
        "Operating Income": 2,
        "EBIT": 7,
        "Net Income": 0
    },
    "2009-09-30": {
        "Diluted EPS": 0.03,
        "Total Revenue": 130,
        "Gross Profit": 35,
        "Operating Income": 4,
        "EBIT": 7,
        "Net Income": 1
    },
    "2009-06-30": {
        "Diluted EPS": 0.07,
        "Total Revenue": 149,
        "Gross Profit": 40,
        "Operating Income": 4,
        "EBIT": 8,
        "Net Income": 2
    },
    "2009-03-31": {
        "Diluted EPS": 0.1,
        "Total Revenue": 175,
        "Gross Profit": 44,
        "Operating Income": 7,
        "EBIT": 10,
        "Net Income": 3
    },
    "2023-09-30": {
        "Tax Effect Of Unusual Items": -990927.0,
        "Tax Rate For Calcs": 0.343,
        "Normalized EBITDA": 27598000.0,
        "Total Unusual Items": -2889000.0,
        "Total Unusual Items Excluding Goodwill": -2889000.0,
        "Net Income From Continuing Operation Net Minority Interest": 12812000.0,
        "Reconciled Depreciation": 4540000.0,
        "Reconciled Cost Of Revenue": 344932000.0,
        "EBITDA": 24709000.0,
        "EBIT": 20169000.0,
        "Net Interest Income": -669000.0,
        "Interest Expense": 669000.0,
        "Normalized Income": 14710073.0,
        "Net Income From Continuing And Discontinued Operation": 12812000.0,
        "Total Expenses": 419099000.0,
        "Total Operating Income As Reported": 20303000.0,
        "Diluted Average Shares": 35152000.0,
        "Basic Average Shares": 34954000.0,
        "Diluted EPS": 0.36,
        "Basic EPS": 0.37,
        "Diluted NI Availto Com Stockholders": 12812000.0,
        "Net Income Common Stockholders": 12812000.0,
        "Net Income": 12812000.0,
        "Net Income Including Noncontrolling Interests": 12812000.0,
        "Net Income Continuous Operations": 12812000.0,
        "Tax Provision": 6688000.0,
        "Pretax Income": 19500000.0,
        "Other Income Expense": -3023000.0,
        "Other Non Operating Income Expenses": -134000.0,
        "Special Income Charges": -2889000.0,
        "Other Special Charges": NaN,
        "Write Off": 2541000.0,
        "Impairment Of Capital Assets": 186000.0,
        "Restructuring And Mergern Acquisition": 348000.0,
        "Net Non Operating Interest Income Expense": -669000.0,
        "Interest Expense Non Operating": 669000.0,
        "Operating Income": 23192000.0,
        "Operating Expense": 74167000.0,
        "Depreciation Amortization Depletion Income Statement": 4540000.0,
        "Depreciation And Amortization In Income Statement": 4540000.0,
        "Selling General And Administration": 69627000.0,
        "Gross Profit": 97359000.0,
        "Cost Of Revenue": 344932000.0,
        "Total Revenue": 442291000.0,
        "Operating Revenue": 442291000.0
    },
    "2023-12-31": {
        "Tax Effect Of Unusual Items": -1524024.057368,
        "Tax Rate For Calcs": 0.303107,
        "Normalized EBITDA": 23054000.0,
        "Total Unusual Items": -5028000.0,
        "Total Unusual Items Excluding Goodwill": -5028000.0,
        "Net Income From Continuing Operation Net Minority Interest": 9038000.0,
        "Reconciled Depreciation": 4471000.0,
        "Reconciled Cost Of Revenue": 323546000.0,
        "EBITDA": 18026000.0,
        "EBIT": 13555000.0,
        "Net Interest Income": -586000.0,
        "Interest Expense": 586000.0,
        "Normalized Income": 12541975.942632,
        "Net Income From Continuing And Discontinued Operation": 9038000.0,
        "Total Expenses": 395583000.0,
        "Total Operating Income As Reported": 13424000.0,
        "Diluted Average Shares": 34685000.0,
        "Basic Average Shares": 34481000.0,
        "Diluted EPS": 0.26,
        "Basic EPS": 0.26,
        "Diluted NI Availto Com Stockholders": 9038000.0,
        "Net Income Common Stockholders": 9038000.0,
        "Net Income": 9038000.0,
        "Net Income Including Noncontrolling Interests": 9038000.0,
        "Net Income Continuous Operations": 9038000.0,
        "Tax Provision": 3931000.0,
        "Pretax Income": 12969000.0,
        "Other Income Expense": -4897000.0,
        "Other Non Operating Income Expenses": 131000.0,
        "Special Income Charges": -5028000.0,
        "Other Special Charges": 0.0,
        "Write Off": 4165000.0,
        "Impairment Of Capital Assets": NaN,
        "Restructuring And Mergern Acquisition": 863000.0,
        "Net Non Operating Interest Income Expense": -586000.0,
        "Interest Expense Non Operating": 586000.0,
        "Operating Income": 18452000.0,
        "Operating Expense": 72037000.0,
        "Depreciation Amortization Depletion Income Statement": 4471000.0,
        "Depreciation And Amortization In Income Statement": 4471000.0,
        "Selling General And Administration": 67566000.0,
        "Gross Profit": 90489000.0,
        "Cost Of Revenue": 323546000.0,
        "Total Revenue": 414035000.0,
        "Operating Revenue": 414035000.0
    },
    "2024-03-31": {
        "Tax Effect Of Unusual Items": -1750140.0,
        "Tax Rate For Calcs": 0.27,
        "Normalized EBITDA": 15275000.0,
        "Total Unusual Items": -6482000.0,
        "Total Unusual Items Excluding Goodwill": -6482000.0,
        "Net Income From Continuing Operation Net Minority Interest": 2692000.0,
        "Reconciled Depreciation": 4642000.0,
        "Reconciled Cost Of Revenue": 301877000.0,
        "EBITDA": 8793000.0,
        "EBIT": 4151000.0,
        "Net Interest Income": -462000.0,
        "Interest Expense": 462000.0,
        "Normalized Income": 7423860.0,
        "Net Income From Continuing And Discontinued Operation": 2692000.0,
        "Total Expenses": 369771000.0,
        "Total Operating Income As Reported": 2921000.0,
        "Diluted Average Shares": 34597000.0,
        "Basic Average Shares": 34216000.0,
        "Diluted EPS": 0.08,
        "Basic EPS": 0.08,
        "Diluted NI Availto Com Stockholders": 2692000.0,
        "Net Income Common Stockholders": 2692000.0,
        "Net Income": 2692000.0,
        "Net Income Including Noncontrolling Interests": 2692000.0,
        "Net Income Continuous Operations": 2692000.0,
        "Tax Provision": 997000.0,
        "Pretax Income": 3689000.0,
        "Other Income Expense": -5252000.0,
        "Other Non Operating Income Expenses": 1230000.0,
        "Special Income Charges": -6482000.0,
        "Other Special Charges": 3650000.0,
        "Write Off": 1894000.0,
        "Impairment Of Capital Assets": NaN,
        "Restructuring And Mergern Acquisition": 938000.0,
        "Net Non Operating Interest Income Expense": -462000.0,
        "Interest Expense Non Operating": 462000.0,
        "Operating Income": 9403000.0,
        "Operating Expense": 67894000.0,
        "Depreciation Amortization Depletion Income Statement": 4642000.0,
        "Depreciation And Amortization In Income Statement": 4642000.0,
        "Selling General And Administration": 63252000.0,
        "Gross Profit": 77297000.0,
        "Cost Of Revenue": 301877000.0,
        "Total Revenue": 379174000.0,
        "Operating Revenue": 379174000.0
    }
}