{
    "2023-06-30": {
        "Tax Effect Of Unusual Items": 0.0,
        "Tax Rate For Calcs": 0.251687,
        "Normalized EBITDA": 70092000.0,
        "Total Unusual Items": NaN,
        "Total Unusual Items Excluding Goodwill": NaN,
        "Net Income From Continuing Operation Net Minority Interest": 51445000.0,
        "Reconciled Depreciation": NaN,
        "Reconciled Cost Of Revenue": 668979000.0,
        "EBIT": 70092000.0,
        "Normalized Income": 51445000.0,
        "Net Income From Continuing And Discontinued Operation": 51445000.0,
        "Total Expenses": 774099000.0,
        "Diluted Average Shares": 32247396.0,
        "Basic Average Shares": 32025186.0,
        "Diluted EPS": 1.6,
        "Basic EPS": 1.61,
        "Diluted NI Availto Com Stockholders": 51445000.0,
        "Net Income Common Stockholders": 51445000.0,
        "Net Income": 51445000.0,
        "Net Income Including Noncontrolling Interests": 51445000.0,
        "Net Income Continuous Operations": 51445000.0,
        "Tax Provision": 17303000.0,
        "Pretax Income": 68748000.0,
        "Other Income Expense": -1344000.0,
        "Other Non Operating Income Expenses": -1344000.0,
        "Special Income Charges": NaN,
        "Write Off": NaN,
        "Operating Income": 70092000.0,
        "Operating Expense": 105120000.0,
        "Selling General And Administration": 105120000.0,
        "Gross Profit": 175212000.0,
        "Cost Of Revenue": 668979000.0,
        "Total Revenue": 844191000.0,
        "Operating Revenue": 844191000.0
    },
    "2023-03-31": {
        "Tax Effect Of Unusual Items": 0.0,
        "Tax Rate For Calcs": 0.243087,
        "Normalized EBITDA": 42511000.0,
        "Total Unusual Items": NaN,
        "Total Unusual Items Excluding Goodwill": NaN,
        "Net Income From Continuing Operation Net Minority Interest": 33311000.0,
        "Reconciled Depreciation": 3292000.0,
        "Reconciled Cost Of Revenue": 612166000.0,
        "EBIT": 42511000.0,
        "Normalized Income": 33311000.0,
        "Net Income From Continuing And Discontinued Operation": 33311000.0,
        "Total Expenses": 710479000.0,
        "Diluted Average Shares": 32117082.0,
        "Basic Average Shares": 31914414.0,
        "Diluted EPS": 1.04,
        "Basic EPS": 1.04,
        "Diluted NI Availto Com Stockholders": 33311000.0,
        "Net Income Common Stockholders": 33311000.0,
        "Net Income": 33311000.0,
        "Net Income Including Noncontrolling Interests": 33311000.0,
        "Net Income Continuous Operations": 33311000.0,
        "Tax Provision": 10698000.0,
        "Pretax Income": 44009000.0,
        "Other Income Expense": 1498000.0,
        "Other Non Operating Income Expenses": 1498000.0,
        "Special Income Charges": NaN,
        "Write Off": NaN,
        "Operating Income": 42511000.0,
        "Operating Expense": 98313000.0,
        "Selling General And Administration": 98313000.0,
        "Gross Profit": 140824000.0,
        "Cost Of Revenue": 612166000.0,
        "Total Revenue": 752990000.0,
        "Operating Revenue": 752990000.0
    },
    "2022-12-31": {
        "Tax Effect Of Unusual Items": -2273376.0,
        "Tax Rate For Calcs": 0.224,
        "Normalized EBITDA": 127802000.0,
        "Total Unusual Items": -10149000.0,
        "Total Unusual Items Excluding Goodwill": -10149000.0,
        "Net Income From Continuing Operation Net Minority Interest": 79489000.0,
        "Reconciled Depreciation": 3016000.0,
        "Reconciled Cost Of Revenue": 952223000.0,
        "EBIT": 117653000.0,
        "Normalized Income": 87364624.0,
        "Net Income From Continuing And Discontinued Operation": 79489000.0,
        "Total Expenses": 1061480000.0,
        "Diluted Average Shares": 32195308.0,
        "Basic Average Shares": 31772786.0,
        "Diluted EPS": 2.47,
        "Basic EPS": 2.5,
        "Diluted NI Availto Com Stockholders": 79489000.0,
        "Net Income Common Stockholders": 79489000.0,
        "Net Income": 79489000.0,
        "Net Income Including Noncontrolling Interests": 79489000.0,
        "Net Income Continuous Operations": 79489000.0,
        "Tax Provision": 22913000.0,
        "Pretax Income": 102402000.0,
        "Other Income Expense": -15251000.0,
        "Other Non Operating Income Expenses": -5102000.0,
        "Special Income Charges": -10149000.0,
        "Write Off": 10149000.0,
        "Operating Income": 117653000.0,
        "Operating Expense": 109257000.0,
        "Selling General And Administration": 109257000.0,
        "Gross Profit": 226910000.0,
        "Cost Of Revenue": 952223000.0,
        "Total Revenue": 1179133000.0,
        "Operating Revenue": 1179133000.0
    },
    "2022-09-30": {
        "Tax Effect Of Unusual Items": 0.0,
        "Tax Rate For Calcs": 0.160402,
        "Normalized EBITDA": 177725000.0,
        "Total Unusual Items": 0.0,
        "Total Unusual Items Excluding Goodwill": 0.0,
        "Net Income From Continuing Operation Net Minority Interest": 144473000.0,
        "Reconciled Depreciation": 2855000.0,
        "Reconciled Cost Of Revenue": 855879000.0,
        "EBIT": 177725000.0,
        "Normalized Income": 144473000.0,
        "Net Income From Continuing And Discontinued Operation": 144473000.0,
        "Total Expenses": 966566000.0,
        "Diluted Average Shares": 32570335.0,
        "Basic Average Shares": 32196589.0,
        "Diluted EPS": 4.44,
        "Basic EPS": 4.49,
        "Diluted NI Availto Com Stockholders": 144473000.0,
        "Net Income Common Stockholders": 144473000.0,
        "Net Income": 144473000.0,
        "Net Income Including Noncontrolling Interests": 144473000.0,
        "Net Income Continuous Operations": 144473000.0,
        "Tax Provision": 27601000.0,
        "Pretax Income": 172074000.0,
        "Other Income Expense": -5651000.0,
        "Other Non Operating Income Expenses": -5651000.0,
        "Special Income Charges": 0.0,
        "Write Off": 0.0,
        "Operating Income": 177725000.0,
        "Operating Expense": 110687000.0,
        "Selling General And Administration": 110687000.0,
        "Gross Profit": 288412000.0,
        "Cost Of Revenue": 855879000.0,
        "Total Revenue": 1144291000.0,
        "Operating Revenue": 1144291000.0
    },
    "2022-06-30": {
        "Tax Effect Of Unusual Items": 0.0,
        "Tax Rate For Calcs": 0.257,
        "Normalized EBITDA": 222637000.0,
        "Total Unusual Items": 0.0,
        "Total Unusual Items Excluding Goodwill": 0.0,
        "Net Income From Continuing Operation Net Minority Interest": 158668000.0,
        "Reconciled Depreciation": 2746000.0,
        "Reconciled Cost Of Revenue": 837093000.0,
        "EBIT": 219891000.0,
        "Normalized Income": 158668000.0,
        "Net Income From Continuing And Discontinued Operation": 158668000.0,
        "Total Expenses": 946251000.0,
        "Diluted Average Shares": 33227383.0,
        "Basic Average Shares": 32839402.0,
        "Diluted EPS": 4.78,
        "Basic EPS": 4.83,
        "Diluted NI Availto Com Stockholders": 158668000.0,
        "Net Income Common Stockholders": 158668000.0,
        "Net Income": 158668000.0,
        "Net Income Including Noncontrolling Interests": 158668000.0,
        "Net Income Continuous Operations": 158668000.0,
        "Tax Provision": 54980000.0,
        "Pretax Income": 213648000.0,
        "Other Income Expense": -6243000.0,
        "Other Non Operating Income Expenses": -6243000.0,
        "Special Income Charges": 0.0,
        "Write Off": 0.0,
        "Operating Income": 219891000.0,
        "Operating Expense": 109158000.0,
        "Selling General And Administration": 109158000.0,
        "Gross Profit": 329049000.0,
        "Cost Of Revenue": 837093000.0,
        "Total Revenue": 1166142000.0,
        "Operating Revenue": 1166142000.0
    },
    "2022-03-31": {
        "Diluted EPS": 4.2,
        "Total Revenue": NaN,
        "Gross Profit": 306,
        "Operating Income": 205,
        "EBIT": 207,
        "Net Income": 142
    },
    "2021-12-31": {
        "Diluted EPS": 4.69,
        "Total Revenue": NaN,
        "Gross Profit": 354,
        "Operating Income": 231,
        "EBIT": 234,
        "Net Income": 165
    },
    "2021-09-30": {
        "Diluted EPS": 3.31,
        "Total Revenue": 958,
        "Gross Profit": 269,
        "Operating Income": 179,
        "EBIT": 182,
        "Net Income": 114
    },
    "2021-06-30": {
        "Diluted EPS": 3.47,
        "Total Revenue": NaN,
        "Gross Profit": 271,
        "Operating Income": 172,
        "EBIT": 174,
        "Net Income": 118
    },
    "2021-03-31": {
        "Diluted EPS": 3.0,
        "Total Revenue": NaN,
        "Gross Profit": 242,
        "Operating Income": 150,
        "EBIT": 153,
        "Net Income": 102
    },
    "2020-12-31": {
        "Diluted EPS": 2.72,
        "Total Revenue": 988,
        "Gross Profit": 238,
        "Operating Income": 139,
        "EBIT": 142,
        "Net Income": 92
    },
    "2020-09-30": {
        "Diluted EPS": 1.48,
        "Total Revenue": 794,
        "Gross Profit": 165,
        "Operating Income": 79,
        "EBIT": 82,
        "Net Income": 50
    },
    "2020-06-30": {
        "Diluted EPS": 1.15,
        "Total Revenue": 776,
        "Gross Profit": 153,
        "Operating Income": 67,
        "EBIT": 70,
        "Net Income": 38
    },
    "2020-03-31": {
        "Diluted EPS": 0.78,
        "Total Revenue": 603,
        "Gross Profit": 118,
        "Operating Income": 44,
        "EBIT": 48,
        "Net Income": 26
    },
    "2019-12-31": {
        "Diluted EPS": 1.68,
        "Total Revenue": 793,
        "Gross Profit": 160,
        "Operating Income": 73,
        "EBIT": 77,
        "Net Income": 53
    },
    "2019-09-30": {
        "Diluted EPS": 0.87,
        "Total Revenue": 590,
        "Gross Profit": 116,
        "Operating Income": 43,
        "EBIT": 47,
        "Net Income": 27
    },
    "2019-06-30": {
        "Diluted EPS": 0.51,
        "Total Revenue": 620,
        "Gross Profit": 115,
        "Operating Income": 40,
        "EBIT": 43,
        "Net Income": 15
    },
    "2019-03-31": {
        "Diluted EPS": 0.56,
        "Total Revenue": 533,
        "Gross Profit": 99,
        "Operating Income": 30,
        "EBIT": 33,
        "Net Income": 17
    },
    "2018-12-31": {
        "Diluted EPS": 0.84,
        "Total Revenue": 652,
        "Gross Profit": 116,
        "Operating Income": 44,
        "EBIT": 47,
        "Net Income": 26
    },
    "2018-09-30": {
        "Diluted EPS": 0.56,
        "Total Revenue": 562,
        "Gross Profit": 100,
        "Operating Income": 30,
        "EBIT": 33,
        "Net Income": 17
    },
    "2018-06-30": {
        "Diluted EPS": 1.1,
        "Total Revenue": 532,
        "Gross Profit": 104,
        "Operating Income": 40,
        "EBIT": 43,
        "Net Income": 33
    },
    "2018-03-31": {
        "Diluted EPS": 0.67,
        "Total Revenue": 402,
        "Gross Profit": 81,
        "Operating Income": 25,
        "EBIT": 28,
        "Net Income": 20
    },
    "2017-12-31": {
        "Diluted EPS": 0.6,
        "Total Revenue": 524,
        "Gross Profit": 97,
        "Operating Income": 34,
        "EBIT": 36,
        "Net Income": 17
    },
    "2017-09-30": {
        "Diluted EPS": 0.37,
        "Total Revenue": 380,
        "Gross Profit": 66,
        "Operating Income": 20,
        "EBIT": 22,
        "Net Income": 9
    },
    "2017-06-30": {
        "Diluted EPS": 0.66,
        "Total Revenue": 292,
        "Gross Profit": 56,
        "Operating Income": 22,
        "EBIT": 23,
        "Net Income": 15
    },
    "2017-03-31": {
        "Diluted EPS": 0.4,
        "Total Revenue": 228,
        "Gross Profit": 45,
        "Operating Income": 12,
        "EBIT": 13,
        "Net Income": 9
    },
    "2016-12-31": {
        "Diluted EPS": 0.7,
        "Total Revenue": 297,
        "Gross Profit": 56,
        "Operating Income": 22,
        "EBIT": 23,
        "Net Income": 15
    },
    "2016-09-30": {
        "Diluted EPS": 0.63,
        "Total Revenue": 253,
        "Gross Profit": 50,
        "Operating Income": 19,
        "EBIT": 21,
        "Net Income": 13
    },
    "2016-06-30": {
        "Diluted EPS": 0.62,
        "Total Revenue": 260,
        "Gross Profit": 50,
        "Operating Income": 19,
        "EBIT": 20,
        "Net Income": 13
    },
    "2016-03-31": {
        "Diluted EPS": 0.38,
        "Total Revenue": 184,
        "Gross Profit": 37,
        "Operating Income": 12,
        "EBIT": 13,
        "Net Income": 8
    },
    "2015-12-31": {
        "Diluted EPS": 0.62,
        "Total Revenue": 206,
        "Gross Profit": 38,
        "Operating Income": 20,
        "EBIT": 21,
        "Net Income": 13
    },
    "2015-09-30": {
        "Diluted EPS": 0.5,
        "Total Revenue": 183,
        "Gross Profit": 38,
        "Operating Income": 16,
        "EBIT": 17,
        "Net Income": 10
    },
    "2015-06-30": {
        "Diluted EPS": 0.46,
        "Total Revenue": 189,
        "Gross Profit": 37,
        "Operating Income": 14,
        "EBIT": 15,
        "Net Income": 9
    },
    "2015-03-31": {
        "Diluted EPS": 0.3,
        "Total Revenue": 156,
        "Gross Profit": 30,
        "Operating Income": 9,
        "EBIT": 10,
        "Net Income": 6
    },
    "2014-12-31": {
        "Diluted EPS": 0.34,
        "Total Revenue": 141,
        "Gross Profit": 29,
        "Operating Income": 11,
        "EBIT": 12,
        "Net Income": 7
    },
    "2014-09-30": {
        "Diluted EPS": 0.19,
        "Total Revenue": 92,
        "Gross Profit": 19,
        "Operating Income": 6,
        "EBIT": 7,
        "Net Income": 4
    },
    "2014-06-30": {
        "Diluted EPS": 0.3,
        "Total Revenue": 80,
        "Gross Profit": 20,
        "Operating Income": 8,
        "EBIT": 9,
        "Net Income": 5
    },
    "2014-03-31": {
        "Diluted EPS": 0.2,
        "Total Revenue": 50,
        "Gross Profit": 12,
        "Operating Income": 5,
        "EBIT": 6,
        "Net Income": 3
    },
    "2013-12-31": {
        "Diluted EPS": 0.18,
        "Total Revenue": 64,
        "Gross Profit": -34,
        "Operating Income": 5,
        "EBIT": 5,
        "Net Income": 3
    },
    "2013-09-30": {
        "Diluted EPS": 0.14,
        "Total Revenue": 41,
        "Gross Profit": 10,
        "Operating Income": 4,
        "EBIT": 4,
        "Net Income": 2
    },
    "2013-06-30": {
        "Diluted EPS": 0.32,
        "Total Revenue": 41,
        "Gross Profit": 11,
        "Operating Income": 6,
        "EBIT": 6,
        "Net Income": 4
    },
    "2013-03-31": {
        "Diluted EPS": 0.0,
        "Total Revenue": 25,
        "Gross Profit": 6,
        "Operating Income": 3,
        "EBIT": 3,
        "Net Income": 3
    },
    "2012-12-31": {
        "Diluted EPS": 0.0,
        "Total Revenue": NaN,
        "Gross Profit": NaN,
        "Operating Income": NaN,
        "EBIT": NaN,
        "Net Income": NaN
    }
}