{
    "2023-03-31": {
        "Tax Effect Of Unusual Items": 0.0,
        "Tax Rate For Calcs": 0.249,
        "Normalized EBITDA": 37500000.0,
        "Net Income From Continuing Operation Net Minority Interest": 15458000.0,
        "Reconciled Depreciation": 4347000.0,
        "Reconciled Cost Of Revenue": 17508000.0,
        "EBITDA": 37500000.0,
        "EBIT": 33153000.0,
        "Net Interest Income": -12566000.0,
        "Interest Expense": 12566000.0,
        "Interest Income": 0.0,
        "Normalized Income": 15458000.0,
        "Net Income From Continuing And Discontinued Operation": 15458000.0,
        "Total Expenses": 57457000.0,
        "Total Operating Income As Reported": 33997000.0,
        "Diluted Average Shares": 19884657.0,
        "Basic Average Shares": 19847280.0,
        "Diluted EPS": 0.78,
        "Basic EPS": 0.78,
        "Diluted NI Availto Com Stockholders": 15437000.0,
        "Net Income Common Stockholders": 15437000.0,
        "Otherunder Preferred Stock Dividend": 21000.0,
        "Net Income": 15458000.0,
        "Net Income Including Noncontrolling Interests": 15458000.0,
        "Net Income Discontinuous Operations": NaN,
        "Net Income Continuous Operations": 15458000.0,
        "Tax Provision": 5129000.0,
        "Pretax Income": 20587000.0,
        "Other Income Expense": -844000.0,
        "Other Non Operating Income Expenses": -844000.0,
        "Net Non Operating Interest Income Expense": -12566000.0,
        "Interest Expense Non Operating": 12566000.0,
        "Interest Income Non Operating": 0.0,
        "Operating Income": 33997000.0,
        "Operating Expense": 39949000.0,
        "Research And Development": 1904000.0,
        "Selling General And Administration": 38045000.0,
        "Selling And Marketing Expense": 16893000.0,
        "General And Administrative Expense": 21152000.0,
        "Other Gand A": 21152000.0,
        "Salaries And Wages": NaN,
        "Gross Profit": 73946000.0,
        "Cost Of Revenue": 17508000.0,
        "Total Revenue": 91454000.0,
        "Operating Revenue": 91454000.0
    },
    "2022-12-31": {
        "Tax Effect Of Unusual Items": NaN,
        "Tax Rate For Calcs": NaN,
        "Normalized EBITDA": NaN,
        "Net Income From Continuing Operation Net Minority Interest": NaN,
        "Reconciled Depreciation": NaN,
        "Reconciled Cost Of Revenue": NaN,
        "EBITDA": NaN,
        "EBIT": NaN,
        "Net Interest Income": NaN,
        "Interest Expense": NaN,
        "Interest Income": NaN,
        "Normalized Income": NaN,
        "Net Income From Continuing And Discontinued Operation": NaN,
        "Total Expenses": NaN,
        "Total Operating Income As Reported": NaN,
        "Diluted Average Shares": NaN,
        "Basic Average Shares": NaN,
        "Diluted EPS": NaN,
        "Basic EPS": NaN,
        "Diluted NI Availto Com Stockholders": NaN,
        "Net Income Common Stockholders": NaN,
        "Otherunder Preferred Stock Dividend": NaN,
        "Net Income": NaN,
        "Net Income Including Noncontrolling Interests": NaN,
        "Net Income Discontinuous Operations": 0.0,
        "Net Income Continuous Operations": NaN,
        "Tax Provision": NaN,
        "Pretax Income": NaN,
        "Other Income Expense": NaN,
        "Other Non Operating Income Expenses": NaN,
        "Net Non Operating Interest Income Expense": NaN,
        "Interest Expense Non Operating": NaN,
        "Interest Income Non Operating": NaN,
        "Operating Income": NaN,
        "Operating Expense": NaN,
        "Research And Development": NaN,
        "Selling General And Administration": NaN,
        "Selling And Marketing Expense": NaN,
        "General And Administrative Expense": NaN,
        "Other Gand A": NaN,
        "Salaries And Wages": NaN,
        "Gross Profit": NaN,
        "Cost Of Revenue": NaN,
        "Total Revenue": NaN,
        "Operating Revenue": NaN
    },
    "2022-09-30": {
        "Tax Effect Of Unusual Items": NaN,
        "Tax Rate For Calcs": NaN,
        "Normalized EBITDA": NaN,
        "Net Income From Continuing Operation Net Minority Interest": NaN,
        "Reconciled Depreciation": NaN,
        "Reconciled Cost Of Revenue": NaN,
        "EBITDA": NaN,
        "EBIT": NaN,
        "Net Interest Income": NaN,
        "Interest Expense": NaN,
        "Interest Income": NaN,
        "Normalized Income": NaN,
        "Net Income From Continuing And Discontinued Operation": NaN,
        "Total Expenses": NaN,
        "Total Operating Income As Reported": NaN,
        "Diluted Average Shares": NaN,
        "Basic Average Shares": NaN,
        "Diluted EPS": NaN,
        "Basic EPS": NaN,
        "Diluted NI Availto Com Stockholders": NaN,
        "Net Income Common Stockholders": NaN,
        "Otherunder Preferred Stock Dividend": NaN,
        "Net Income": NaN,
        "Net Income Including Noncontrolling Interests": NaN,
        "Net Income Discontinuous Operations": 0.0,
        "Net Income Continuous Operations": NaN,
        "Tax Provision": NaN,
        "Pretax Income": NaN,
        "Other Income Expense": NaN,
        "Other Non Operating Income Expenses": NaN,
        "Net Non Operating Interest Income Expense": NaN,
        "Interest Expense Non Operating": NaN,
        "Interest Income Non Operating": NaN,
        "Operating Income": NaN,
        "Operating Expense": NaN,
        "Research And Development": NaN,
        "Selling General And Administration": NaN,
        "Selling And Marketing Expense": NaN,
        "General And Administrative Expense": NaN,
        "Other Gand A": NaN,
        "Salaries And Wages": NaN,
        "Gross Profit": NaN,
        "Cost Of Revenue": NaN,
        "Total Revenue": NaN,
        "Operating Revenue": NaN
    },
    "2022-06-30": {
        "Tax Effect Of Unusual Items": 0.0,
        "Tax Rate For Calcs": 0.263,
        "Normalized EBITDA": 46426000.0,
        "Net Income From Continuing Operation Net Minority Interest": 22274000.0,
        "Reconciled Depreciation": 3858000.0,
        "Reconciled Cost Of Revenue": 15587000.0,
        "EBITDA": 46426000.0,
        "EBIT": 42568000.0,
        "Net Interest Income": -12359000.0,
        "Interest Expense": 12359000.0,
        "Interest Income": NaN,
        "Normalized Income": 22274000.0,
        "Net Income From Continuing And Discontinued Operation": 22274000.0,
        "Total Expenses": 52172000.0,
        "Total Operating Income As Reported": 40991000.0,
        "Diluted Average Shares": 19968340.0,
        "Basic Average Shares": 19928316.0,
        "Diluted EPS": 1.1,
        "Basic EPS": 1.1,
        "Diluted NI Availto Com Stockholders": 22274000.0,
        "Net Income Common Stockholders": 22274000.0,
        "Otherunder Preferred Stock Dividend": NaN,
        "Net Income": 22274000.0,
        "Net Income Including Noncontrolling Interests": 22274000.0,
        "Net Income Discontinuous Operations": 0.0,
        "Net Income Continuous Operations": 22274000.0,
        "Tax Provision": 7935000.0,
        "Pretax Income": 30209000.0,
        "Other Income Expense": 1577000.0,
        "Other Non Operating Income Expenses": 1577000.0,
        "Net Non Operating Interest Income Expense": -12359000.0,
        "Interest Expense Non Operating": 12359000.0,
        "Interest Income Non Operating": NaN,
        "Operating Income": 40991000.0,
        "Operating Expense": 36585000.0,
        "Research And Development": 2741000.0,
        "Selling General And Administration": 33844000.0,
        "Selling And Marketing Expense": 16394000.0,
        "General And Administrative Expense": 17450000.0,
        "Other Gand A": 17450000.0,
        "Salaries And Wages": NaN,
        "Gross Profit": 77576000.0,
        "Cost Of Revenue": 15587000.0,
        "Total Revenue": 93163000.0,
        "Operating Revenue": 93163000.0
    },
    "2022-03-31": {
        "Diluted EPS": 0.92,
        "Total Revenue": 89,
        "Gross Profit": 74,
        "Operating Income": 39,
        "EBIT": 43,
        "Net Income": 18
    },
    "2021-12-31": {
        "Diluted EPS": 0.31,
        "Total Revenue": 89,
        "Gross Profit": 74,
        "Operating Income": 21,
        "EBIT": 24,
        "Net Income": 7
    },
    "2021-09-30": {
        "Diluted EPS": 1.37,
        "Total Revenue": 89,
        "Gross Profit": 75,
        "Operating Income": 51,
        "EBIT": 67,
        "Net Income": 27
    },
    "2021-06-30": {
        "Diluted EPS": 1.38,
        "Total Revenue": 88,
        "Gross Profit": 73,
        "Operating Income": 52,
        "EBIT": 100,
        "Net Income": 28
    },
    "2021-03-31": {
        "Diluted EPS": 2.38,
        "Total Revenue": 87,
        "Gross Profit": 73,
        "Operating Income": 52,
        "EBIT": 69,
        "Net Income": 47
    },
    "2020-12-31": {
        "Diluted EPS": 0.0,
        "Total Revenue": NaN,
        "Gross Profit": NaN,
        "Operating Income": NaN,
        "EBIT": NaN,
        "Net Income": NaN
    },
    "2020-09-30": {
        "Diluted EPS": 0.0,
        "Total Revenue": 170,
        "Gross Profit": 132,
        "Operating Income": 63,
        "EBIT": 83,
        "Net Income": 59
    },
    "2020-06-30": {
        "Diluted EPS": 0.0,
        "Total Revenue": NaN,
        "Gross Profit": NaN,
        "Operating Income": NaN,
        "EBIT": NaN,
        "Net Income": NaN
    },
    "2019-12-31": {
        "Diluted EPS": 0.0,
        "Total Revenue": NaN,
        "Gross Profit": NaN,
        "Operating Income": NaN,
        "EBIT": NaN,
        "Net Income": NaN
    },
    "2018-12-31": {
        "Diluted EPS": 0.0,
        "Total Revenue": NaN,
        "Gross Profit": NaN,
        "Operating Income": NaN,
        "EBIT": NaN,
        "Net Income": NaN
    },
    "2023-06-30": {
        "Tax Effect Of Unusual Items": 0.0,
        "Tax Rate For Calcs": 0.227,
        "Normalized EBITDA": 44413000.0,
        "Net Income From Continuing Operation Net Minority Interest": 21058000.0,
        "Reconciled Depreciation": 4342000.0,
        "Reconciled Cost Of Revenue": 17246000.0,
        "EBITDA": 44413000.0,
        "EBIT": 40071000.0,
        "Net Interest Income": -12156000.0,
        "Interest Expense": 12817000.0,
        "Interest Income": 661000.0,
        "Normalized Income": 21058000.0,
        "Net Income From Continuing And Discontinued Operation": 21058000.0,
        "Total Expenses": 53950000.0,
        "Total Operating Income As Reported": 38842000.0,
        "Diluted Average Shares": 19662201.0,
        "Basic Average Shares": 19654922.0,
        "Diluted EPS": 1.07,
        "Basic EPS": 1.07,
        "Diluted NI Availto Com Stockholders": 21043000.0,
        "Net Income Common Stockholders": 21043000.0,
        "Otherunder Preferred Stock Dividend": 15000.0,
        "Net Income": 21058000.0,
        "Net Income Including Noncontrolling Interests": 21058000.0,
        "Net Income Continuous Operations": 21058000.0,
        "Tax Provision": 6196000.0,
        "Pretax Income": 27254000.0,
        "Other Income Expense": 568000.0,
        "Other Non Operating Income Expenses": 568000.0,
        "Net Non Operating Interest Income Expense": -12156000.0,
        "Interest Expense Non Operating": 12817000.0,
        "Interest Income Non Operating": 661000.0,
        "Operating Income": 38842000.0,
        "Operating Expense": 36704000.0,
        "Research And Development": 1765000.0,
        "Selling General And Administration": 34939000.0,
        "Selling And Marketing Expense": 17507000.0,
        "General And Administrative Expense": 17432000.0,
        "Other Gand A": 17432000.0,
        "Salaries And Wages": 4277000.0,
        "Gross Profit": 75546000.0,
        "Cost Of Revenue": 17246000.0,
        "Total Revenue": 92792000.0,
        "Operating Revenue": 92790000.0
    },
    "2023-09-30": {
        "Tax Effect Of Unusual Items": 0.0,
        "Tax Rate For Calcs": 0.239,
        "Normalized EBITDA": 48523000.0,
        "Net Income From Continuing Operation Net Minority Interest": 24007000.0,
        "Reconciled Depreciation": 4364000.0,
        "Reconciled Cost Of Revenue": 16853000.0,
        "EBITDA": 48523000.0,
        "EBIT": 44159000.0,
        "Net Interest Income": -11096000.0,
        "Interest Expense": 12615000.0,
        "Interest Income": 1519000.0,
        "Normalized Income": 24007000.0,
        "Net Income From Continuing And Discontinued Operation": 24007000.0,
        "Total Expenses": 51647000.0,
        "Total Operating Income As Reported": 38915000.0,
        "Diluted Average Shares": 19647855.0,
        "Basic Average Shares": 19627188.0,
        "Diluted EPS": 1.22,
        "Basic EPS": 1.22,
        "Diluted NI Availto Com Stockholders": 23995000.0,
        "Net Income Common Stockholders": 23995000.0,
        "Otherunder Preferred Stock Dividend": 12000.0,
        "Net Income": 24007000.0,
        "Net Income Including Noncontrolling Interests": 24007000.0,
        "Net Income Continuous Operations": 24007000.0,
        "Tax Provision": 7537000.0,
        "Pretax Income": 31544000.0,
        "Other Income Expense": 3725000.0,
        "Other Non Operating Income Expenses": 3725000.0,
        "Net Non Operating Interest Income Expense": -11096000.0,
        "Interest Expense Non Operating": 12615000.0,
        "Interest Income Non Operating": 1519000.0,
        "Operating Income": 38915000.0,
        "Operating Expense": 34794000.0,
        "Research And Development": 1677000.0,
        "Selling General And Administration": 33117000.0,
        "Selling And Marketing Expense": 15319000.0,
        "General And Administrative Expense": 17798000.0,
        "Other Gand A": 17798000.0,
        "Salaries And Wages": NaN,
        "Gross Profit": 73709000.0,
        "Cost Of Revenue": 16853000.0,
        "Total Revenue": 90562000.0,
        "Operating Revenue": 90559000.0
    },
    "2023-12-31": {
        "Tax Effect Of Unusual Items": 0.0,
        "Tax Rate For Calcs": 0.294672,
        "Normalized EBITDA": 35516000.0,
        "Net Income From Continuing Operation Net Minority Interest": 16772000.0,
        "Reconciled Depreciation": 4368000.0,
        "Reconciled Cost Of Revenue": 16712000.0,
        "EBITDA": 35516000.0,
        "EBIT": 31148000.0,
        "Net Interest Income": -5838000.0,
        "Interest Expense": 7369000.0,
        "Interest Income": 1531000.0,
        "Normalized Income": 16772000.0,
        "Net Income From Continuing And Discontinued Operation": 16772000.0,
        "Total Expenses": 52279000.0,
        "Total Operating Income As Reported": 35475000.0,
        "Diluted Average Shares": 19215638.0,
        "Basic Average Shares": 19206993.0,
        "Diluted EPS": 0.87,
        "Basic EPS": 0.87,
        "Diluted NI Availto Com Stockholders": 16765000.0,
        "Net Income Common Stockholders": 16765000.0,
        "Otherunder Preferred Stock Dividend": 7000.0,
        "Net Income": 16772000.0,
        "Net Income Including Noncontrolling Interests": 16772000.0,
        "Net Income Continuous Operations": 16772000.0,
        "Tax Provision": 7007000.0,
        "Pretax Income": 23779000.0,
        "Other Income Expense": -5858000.0,
        "Other Non Operating Income Expenses": -5858000.0,
        "Net Non Operating Interest Income Expense": -5838000.0,
        "Interest Expense Non Operating": 7369000.0,
        "Interest Income Non Operating": 1531000.0,
        "Operating Income": 35475000.0,
        "Operating Expense": 35567000.0,
        "Research And Development": 2381000.0,
        "Selling General And Administration": 33186000.0,
        "Selling And Marketing Expense": 15365000.0,
        "General And Administrative Expense": 17821000.0,
        "Other Gand A": 17821000.0,
        "Salaries And Wages": NaN,
        "Gross Profit": 71042000.0,
        "Cost Of Revenue": 16712000.0,
        "Total Revenue": 87754000.0,
        "Operating Revenue": 87751000.0
    },
    "2024-03-31": {
        "Tax Effect Of Unusual Items": 0.0,
        "Tax Rate For Calcs": 0.273,
        "Normalized EBITDA": 47259000.0,
        "Net Income From Continuing Operation Net Minority Interest": 26370000.0,
        "Reconciled Depreciation": 4767000.0,
        "Reconciled Cost Of Revenue": 17048000.0,
        "EBITDA": 47259000.0,
        "EBIT": 42492000.0,
        "Net Interest Income": -5276000.0,
        "Interest Expense": 6199000.0,
        "Interest Income": 923000.0,
        "Normalized Income": 26370000.0,
        "Net Income From Continuing And Discontinued Operation": 26370000.0,
        "Total Expenses": 50479000.0,
        "Total Operating Income As Reported": 37667000.0,
        "Diluted Average Shares": 19233736.0,
        "Basic Average Shares": 19220340.0,
        "Diluted EPS": 1.37,
        "Basic EPS": 1.37,
        "Diluted NI Availto Com Stockholders": 26360000.0,
        "Net Income Common Stockholders": 26360000.0,
        "Otherunder Preferred Stock Dividend": 10000.0,
        "Net Income": 26370000.0,
        "Net Income Including Noncontrolling Interests": 26370000.0,
        "Net Income Continuous Operations": 26370000.0,
        "Tax Provision": 9923000.0,
        "Pretax Income": 36293000.0,
        "Other Income Expense": 3902000.0,
        "Other Non Operating Income Expenses": 3902000.0,
        "Net Non Operating Interest Income Expense": -5276000.0,
        "Interest Expense Non Operating": 6199000.0,
        "Interest Income Non Operating": 923000.0,
        "Operating Income": 37667000.0,
        "Operating Expense": 33431000.0,
        "Research And Development": 1905000.0,
        "Selling General And Administration": 31526000.0,
        "Selling And Marketing Expense": 12558000.0,
        "General And Administrative Expense": 18968000.0,
        "Other Gand A": 18968000.0,
        "Salaries And Wages": NaN,
        "Gross Profit": 71098000.0,
        "Cost Of Revenue": 17048000.0,
        "Total Revenue": 88146000.0,
        "Operating Revenue": 88146000.0
    },
    "2024-06-30": {
        "Tax Effect Of Unusual Items": 0.0,
        "Tax Rate For Calcs": 0.265,
        "Normalized EBITDA": 46300000.0,
        "Net Income From Continuing Operation Net Minority Interest": 23874000.0,
        "Reconciled Depreciation": 5163000.0,
        "Reconciled Cost Of Revenue": 17122000.0,
        "EBITDA": 46300000.0,
        "EBIT": 41137000.0,
        "Net Interest Income": -8064000.0,
        "Interest Expense": 8657000.0,
        "Interest Income": 593000.0,
        "Normalized Income": 23874000.0,
        "Net Income From Continuing And Discontinued Operation": 23874000.0,
        "Total Expenses": 47619000.0,
        "Total Operating Income As Reported": 39881000.0,
        "Diluted Average Shares": 19287479.0,
        "Basic Average Shares": 19249116.0,
        "Diluted EPS": 1.24,
        "Basic EPS": 1.24,
        "Diluted NI Availto Com Stockholders": 23874000.0,
        "Net Income Common Stockholders": 23874000.0,
        "Otherunder Preferred Stock Dividend": 0.0,
        "Net Income": 23874000.0,
        "Net Income Including Noncontrolling Interests": 23874000.0,
        "Net Income Continuous Operations": 23874000.0,
        "Tax Provision": 8606000.0,
        "Pretax Income": 32480000.0,
        "Other Income Expense": 663000.0,
        "Other Non Operating Income Expenses": 663000.0,
        "Net Non Operating Interest Income Expense": -8064000.0,
        "Interest Expense Non Operating": 8657000.0,
        "Interest Income Non Operating": 593000.0,
        "Operating Income": 39881000.0,
        "Operating Expense": 30497000.0,
        "Research And Development": 1643000.0,
        "Selling General And Administration": 28854000.0,
        "Selling And Marketing Expense": 11718000.0,
        "General And Administrative Expense": 17136000.0,
        "Other Gand A": 17136000.0,
        "Salaries And Wages": NaN,
        "Gross Profit": 70378000.0,
        "Cost Of Revenue": 17122000.0,
        "Total Revenue": 87500000.0,
        "Operating Revenue": 87499000.0
    }
}