{
    "2023-03-31": {
        "Tax Effect Of Unusual Items": -2644379482.5,
        "Tax Rate For Calcs": 0.1995,
        "Normalized EBITDA": 110615434000.0,
        "Total Unusual Items": -13255035000.0,
        "Total Unusual Items Excluding Goodwill": -13255035000.0,
        "Net Income From Continuing Operation Net Minority Interest": 58367987000.0,
        "Reconciled Cost Of Revenue": 377085577000.0,
        "EBITDA": 97360399000.0,
        "EBIT": 97360399000.0,
        "Net Interest Income": -10058212000.0,
        "Interest Expense": 20451345000.0,
        "Interest Income": 10393133000.0,
        "Normalized Income": 68978642517.5,
        "Net Income From Continuing And Discontinued Operation": 58367987000.0,
        "Total Expenses": 628249596000.0,
        "Total Operating Income As Reported": 96769483000.0,
        "Diluted Average Shares": 184751436.0,
        "Basic Average Shares": 184751436.0,
        "Diluted EPS": 315.92,
        "Basic EPS": 315.92,
        "Diluted NI Availto Com Stockholders": 58367987000.0,
        "Net Income Common Stockholders": 58367987000.0,
        "Net Income": 58367987000.0,
        "Minority Interests": -3193432000.0,
        "Net Income Including Noncontrolling Interests": 61561419000.0,
        "Net Income Continuous Operations": 61561419000.0,
        "Tax Provision": 15347635000.0,
        "Pretax Income": 76909054000.0,
        "Other Income Expense": -16813897000.0,
        "Other Non Operating Income Expenses": 259908000.0,
        "Special Income Charges": 180693000.0,
        "Gain On Sale Of Ppe": 156047000.0,
        "Other Special Charges": -24646000.0,
        "Earnings From Equity Interest": -3818770000.0,
        "Gain On Sale Of Security": -13435728000.0,
        "Net Non Operating Interest Income Expense": -10058212000.0,
        "Interest Expense Non Operating": 20451345000.0,
        "Interest Income Non Operating": 10393133000.0,
        "Operating Income": 103781163000.0,
        "Operating Expense": 251164019000.0,
        "Other Operating Expenses": 80256424000.0,
        "Selling General And Administration": 170907595000.0,
        "Selling And Marketing Expense": 138549179000.0,
        "General And Administrative Expense": 32358416000.0,
        "Other Gand A": 32358416000.0,
        "Gross Profit": 354945182000.0,
        "Cost Of Revenue": 377085577000.0,
        "Total Revenue": 732030759000.0,
        "Operating Revenue": 722522393000.0
    },
    "2022-12-31": {
        "Tax Effect Of Unusual Items": -306009015.215162,
        "Tax Rate For Calcs": 0.016762,
        "Normalized EBITDA": 95052706000.0,
        "Total Unusual Items": -18255995000.0,
        "Total Unusual Items Excluding Goodwill": -18255995000.0,
        "Net Income From Continuing Operation Net Minority Interest": 46852947000.0,
        "Reconciled Cost Of Revenue": 413276088000.0,
        "EBITDA": 76796711000.0,
        "EBIT": 76796711000.0,
        "Net Interest Income": -17482033000.0,
        "Interest Expense": 22818844000.0,
        "Interest Income": 5336811000.0,
        "Normalized Income": 64802932984.784836,
        "Net Income From Continuing And Discontinued Operation": 46852947000.0,
        "Total Expenses": 676203008000.0,
        "Total Operating Income As Reported": 75152316000.0,
        "Diluted Average Shares": 184751436.0,
        "Basic Average Shares": 184751436.0,
        "Diluted EPS": 253.6,
        "Basic EPS": 253.6,
        "Diluted NI Availto Com Stockholders": 46852947000.0,
        "Net Income Common Stockholders": 46852947000.0,
        "Net Income": 46852947000.0,
        "Minority Interests": -6220137000.0,
        "Net Income Including Noncontrolling Interests": 53073084000.0,
        "Net Income Continuous Operations": 53073084000.0,
        "Tax Provision": 904783000.0,
        "Pretax Income": 53977867000.0,
        "Other Income Expense": -20698690000.0,
        "Other Non Operating Income Expenses": 638229000.0,
        "Special Income Charges": -7556102000.0,
        "Gain On Sale Of Ppe": -5521874000.0,
        "Other Special Charges": -156263000.0,
        "Earnings From Equity Interest": -3080924000.0,
        "Gain On Sale Of Security": -10699893000.0,
        "Net Non Operating Interest Income Expense": -17482033000.0,
        "Interest Expense Non Operating": 22818844000.0,
        "Interest Income Non Operating": 5336811000.0,
        "Operating Income": 92158590000.0,
        "Operating Expense": 262926920000.0,
        "Other Operating Expenses": 71155340000.0,
        "Selling General And Administration": 191771580000.0,
        "Selling And Marketing Expense": 140451357000.0,
        "General And Administrative Expense": 51320223000.0,
        "Other Gand A": 51320223000.0,
        "Gross Profit": 355085510000.0,
        "Cost Of Revenue": 413276088000.0,
        "Total Revenue": 768361598000.0,
        "Operating Revenue": 768361598000.0
    },
    "2022-09-30": {
        "Tax Effect Of Unusual Items": -709907200.0,
        "Tax Rate For Calcs": 0.4,
        "Normalized EBITDA": 34365045000.0,
        "Total Unusual Items": -1774768000.0,
        "Total Unusual Items Excluding Goodwill": -1774768000.0,
        "Net Income From Continuing Operation Net Minority Interest": 17226082000.0,
        "Reconciled Cost Of Revenue": 391714494000.0,
        "EBITDA": 32590277000.0,
        "EBIT": 32590277000.0,
        "Net Interest Income": -18694897000.0,
        "Interest Expense": 23375161000.0,
        "Interest Income": 4680264000.0,
        "Normalized Income": 18290942800.0,
        "Net Income From Continuing And Discontinued Operation": 17226082000.0,
        "Total Expenses": 651692387000.0,
        "Total Operating Income As Reported": 34860198000.0,
        "Diluted Average Shares": 184751436.0,
        "Basic Average Shares": 184751436.0,
        "Diluted EPS": 93.2,
        "Basic EPS": 93.2,
        "Diluted NI Availto Com Stockholders": 17226082000.0,
        "Net Income Common Stockholders": 17226082000.0,
        "Net Income": 17226082000.0,
        "Minority Interests": -2174103000.0,
        "Net Income Including Noncontrolling Interests": 19400185000.0,
        "Net Income Continuous Operations": 19400185000.0,
        "Tax Provision": -10185069000.0,
        "Pretax Income": 9215116000.0,
        "Other Income Expense": -4503135000.0,
        "Other Non Operating Income Expenses": 767070000.0,
        "Special Income Charges": 6347841000.0,
        "Gain On Sale Of Ppe": 1693339000.0,
        "Other Special Charges": -4654502000.0,
        "Earnings From Equity Interest": -3495437000.0,
        "Gain On Sale Of Security": -8122609000.0,
        "Net Non Operating Interest Income Expense": -18694897000.0,
        "Interest Expense Non Operating": 23375161000.0,
        "Interest Income Non Operating": 4680264000.0,
        "Operating Income": 32413148000.0,
        "Operating Expense": 259977893000.0,
        "Other Operating Expenses": 72682545000.0,
        "Selling General And Administration": 187295348000.0,
        "Selling And Marketing Expense": 132334847000.0,
        "General And Administrative Expense": 54960501000.0,
        "Other Gand A": 54960501000.0,
        "Gross Profit": 292391041000.0,
        "Cost Of Revenue": 391714494000.0,
        "Total Revenue": 684105535000.0,
        "Operating Revenue": 684105535000.0
    },
    "2022-06-30": {
        "Tax Effect Of Unusual Items": 260748400.0,
        "Tax Rate For Calcs": 0.4,
        "Normalized EBITDA": 950955000.0,
        "Total Unusual Items": 651871000.0,
        "Total Unusual Items Excluding Goodwill": 651871000.0,
        "Net Income From Continuing Operation Net Minority Interest": -10455142000.0,
        "Reconciled Cost Of Revenue": 333194474000.0,
        "EBITDA": 1602826000.0,
        "EBIT": 1602826000.0,
        "Net Interest Income": -10512883000.0,
        "Interest Expense": 17018053000.0,
        "Interest Income": 6505170000.0,
        "Normalized Income": -10846264600.0,
        "Net Income From Continuing And Discontinued Operation": -10455142000.0,
        "Total Expenses": 560811987000.0,
        "Total Operating Income As Reported": 11845848000.0,
        "Diluted Average Shares": 184751436.0,
        "Basic Average Shares": 184751436.0,
        "Diluted EPS": -56.6,
        "Basic EPS": -56.6,
        "Diluted NI Availto Com Stockholders": -10455142000.0,
        "Net Income Common Stockholders": -10455142000.0,
        "Net Income": -10455142000.0,
        "Minority Interests": -3060295000.0,
        "Net Income Including Noncontrolling Interests": -7394847000.0,
        "Net Income Continuous Operations": -7394847000.0,
        "Tax Provision": -8020380000.0,
        "Pretax Income": -15415227000.0,
        "Other Income Expense": -2593241000.0,
        "Other Non Operating Income Expenses": 591954000.0,
        "Special Income Charges": -1434529000.0,
        "Gain On Sale Of Ppe": 44982000.0,
        "Other Special Charges": 1479511000.0,
        "Earnings From Equity Interest": -3837066000.0,
        "Gain On Sale Of Security": 2086400000.0,
        "Net Non Operating Interest Income Expense": -10512883000.0,
        "Interest Expense Non Operating": 17018053000.0,
        "Interest Income Non Operating": 6505170000.0,
        "Operating Income": -2309103000.0,
        "Operating Expense": 227617513000.0,
        "Other Operating Expenses": 73210154000.0,
        "Selling General And Administration": 154407359000.0,
        "Selling And Marketing Expense": 108715375000.0,
        "General And Administrative Expense": 45691984000.0,
        "Other Gand A": 45691984000.0,
        "Gross Profit": 225308410000.0,
        "Cost Of Revenue": 333194474000.0,
        "Total Revenue": 558502884000.0,
        "Operating Revenue": 558502884000.0
    },
    "2022-03-31": {
        "Diluted EPS": 0.42,
        "Total Revenue": 841,
        "Gross Profit": 388,
        "Operating Income": 116,
        "EBIT": 116,
        "Net Income": 77
    },
    "2021-12-31": {
        "Diluted EPS": 0.47,
        "Total Revenue": 965,
        "Gross Profit": 457,
        "Operating Income": 148,
        "EBIT": 148,
        "Net Income": 87
    },
    "2021-09-30": {
        "Diluted EPS": 0.3,
        "Total Revenue": 810,
        "Gross Profit": 380,
        "Operating Income": 93,
        "EBIT": 93,
        "Net Income": 55
    },
    "2021-06-30": {
        "Diluted EPS": 0.14,
        "Total Revenue": 658,
        "Gross Profit": 309,
        "Operating Income": 51,
        "EBIT": 51,
        "Net Income": 27
    },
    "2021-03-31": {
        "Diluted EPS": 0.49,
        "Total Revenue": 797,
        "Gross Profit": 405,
        "Operating Income": 138,
        "EBIT": 138,
        "Net Income": 90
    },
    "2020-12-31": {
        "Diluted EPS": 0.4,
        "Total Revenue": 862,
        "Gross Profit": 423,
        "Operating Income": 118,
        "EBIT": 118,
        "Net Income": 70
    },
    "2020-09-30": {
        "Diluted EPS": 0.09,
        "Total Revenue": 557,
        "Gross Profit": 247,
        "Operating Income": 37,
        "EBIT": 37,
        "Net Income": 16
    },
    "2020-06-30": {
        "Diluted EPS": -0.02,
        "Total Revenue": 382,
        "Gross Profit": 161,
        "Operating Income": -11,
        "EBIT": -11,
        "Net Income": -4
    },
    "2020-03-31": {
        "Diluted EPS": 0.21,
        "Total Revenue": 613,
        "Gross Profit": 305,
        "Operating Income": 84,
        "EBIT": 84,
        "Net Income": 43
    },
    "2019-12-31": {
        "Diluted EPS": 0.51,
        "Total Revenue": 724,
        "Gross Profit": 380,
        "Operating Income": 119,
        "EBIT": 119,
        "Net Income": 70
    },
    "2019-09-30": {
        "Diluted EPS": 0.07,
        "Total Revenue": 546,
        "Gross Profit": 265,
        "Operating Income": 53,
        "EBIT": 53,
        "Net Income": 12
    },
    "2019-06-30": {
        "Diluted EPS": 0.15,
        "Total Revenue": 566,
        "Gross Profit": 267,
        "Operating Income": 42,
        "EBIT": 42,
        "Net Income": 27
    },
    "2019-03-31": {
        "Diluted EPS": 0.26,
        "Total Revenue": 715,
        "Gross Profit": 368,
        "Operating Income": 113,
        "EBIT": 113,
        "Net Income": 73
    },
    "2018-12-31": {
        "Diluted EPS": 0.52,
        "Total Revenue": 873,
        "Gross Profit": 444,
        "Operating Income": 139,
        "EBIT": 139,
        "Net Income": 97
    },
    "2018-09-30": {
        "Diluted EPS": 0.18,
        "Total Revenue": 583,
        "Gross Profit": 287,
        "Operating Income": 67,
        "EBIT": 67,
        "Net Income": 32
    },
    "2018-06-30": {
        "Diluted EPS": 1.44,
        "Total Revenue": 595,
        "Gross Profit": 297,
        "Operating Income": 398,
        "EBIT": 398,
        "Net Income": 265
    },
    "2018-03-31": {
        "Diluted EPS": 0.52,
        "Total Revenue": 803,
        "Gross Profit": 449,
        "Operating Income": 153,
        "EBIT": 153,
        "Net Income": 96
    },
    "2017-12-31": {
        "Diluted EPS": 0.45,
        "Total Revenue": 726,
        "Gross Profit": 395,
        "Operating Income": 130,
        "EBIT": 130,
        "Net Income": 81
    },
    "2017-09-30": {
        "Diluted EPS": 0.17,
        "Total Revenue": 631,
        "Gross Profit": 321,
        "Operating Income": 64,
        "EBIT": 64,
        "Net Income": 31
    },
    "2017-06-30": {
        "Diluted EPS": 0.07,
        "Total Revenue": 518,
        "Gross Profit": 263,
        "Operating Income": 31,
        "EBIT": 31,
        "Net Income": 13
    },
    "2017-03-31": {
        "Diluted EPS": 0.38,
        "Total Revenue": 673,
        "Gross Profit": 369,
        "Operating Income": 116,
        "EBIT": 116,
        "Net Income": 70
    },
    "2016-12-31": {
        "Diluted EPS": 0.35,
        "Total Revenue": 450,
        "Gross Profit": 247,
        "Operating Income": 93,
        "EBIT": 93,
        "Net Income": 64
    },
    "2016-09-30": {
        "Diluted EPS": 0.1,
        "Total Revenue": 535,
        "Gross Profit": 265,
        "Operating Income": 43,
        "EBIT": 43,
        "Net Income": 18
    },
    "2016-06-30": {
        "Diluted EPS": 0.05,
        "Total Revenue": 462,
        "Gross Profit": 227,
        "Operating Income": 20,
        "EBIT": 20,
        "Net Income": 9
    },
    "2016-03-31": {
        "Diluted EPS": 0.34,
        "Total Revenue": 580,
        "Gross Profit": 323,
        "Operating Income": 94,
        "EBIT": 94,
        "Net Income": 62
    },
    "2015-12-31": {
        "Diluted EPS": 0.29,
        "Total Revenue": 633,
        "Gross Profit": 358,
        "Operating Income": 129,
        "EBIT": 129,
        "Net Income": 54
    },
    "2015-09-30": {
        "Diluted EPS": 0.17,
        "Total Revenue": 521,
        "Gross Profit": 270,
        "Operating Income": 55,
        "EBIT": 55,
        "Net Income": 31
    },
    "2015-06-30": {
        "Diluted EPS": 0.16,
        "Total Revenue": 503,
        "Gross Profit": 266,
        "Operating Income": 49,
        "EBIT": 49,
        "Net Income": 30
    },
    "2015-03-31": {
        "Diluted EPS": 0.38,
        "Total Revenue": 613,
        "Gross Profit": 348,
        "Operating Income": 109,
        "EBIT": 109,
        "Net Income": 69
    },
    "2014-12-31": {
        "Diluted EPS": 0.37,
        "Total Revenue": 661,
        "Gross Profit": 365,
        "Operating Income": 100,
        "EBIT": 100,
        "Net Income": 70
    },
    "2014-09-30": {
        "Diluted EPS": 0.14,
        "Total Revenue": 527,
        "Gross Profit": 270,
        "Operating Income": 46,
        "EBIT": 46,
        "Net Income": 26
    },
    "2014-06-30": {
        "Diluted EPS": 0.2,
        "Total Revenue": 475,
        "Gross Profit": 239,
        "Operating Income": 65,
        "EBIT": 65,
        "Net Income": 42
    },
    "2014-03-31": {
        "Diluted EPS": 0.4,
        "Total Revenue": 607,
        "Gross Profit": 337,
        "Operating Income": 102,
        "EBIT": 102,
        "Net Income": 74
    },
    "2013-12-31": {
        "Diluted EPS": 0.49,
        "Total Revenue": 723,
        "Gross Profit": 420,
        "Operating Income": 156,
        "EBIT": 156,
        "Net Income": 90
    },
    "2013-09-30": {
        "Diluted EPS": 0.26,
        "Total Revenue": 545,
        "Gross Profit": 290,
        "Operating Income": 68,
        "EBIT": 68,
        "Net Income": 41
    },
    "2013-06-30": {
        "Diluted EPS": 0.2,
        "Total Revenue": 503,
        "Gross Profit": 252,
        "Operating Income": 37,
        "EBIT": 37,
        "Net Income": 32
    },
    "2013-03-31": {
        "Diluted EPS": 0.54,
        "Total Revenue": 644,
        "Gross Profit": 369,
        "Operating Income": 122,
        "EBIT": 122,
        "Net Income": 85
    },
    "2012-12-31": {
        "Diluted EPS": 0.6,
        "Total Revenue": 695,
        "Gross Profit": 378,
        "Operating Income": 94,
        "EBIT": 94,
        "Net Income": 95
    },
    "2012-09-30": {
        "Diluted EPS": 0.23,
        "Total Revenue": 506,
        "Gross Profit": 265,
        "Operating Income": 70,
        "EBIT": 70,
        "Net Income": 36
    },
    "2012-06-30": {
        "Diluted EPS": 0.16,
        "Total Revenue": 443,
        "Gross Profit": 218,
        "Operating Income": 40,
        "EBIT": 40,
        "Net Income": 23
    },
    "2012-03-31": {
        "Diluted EPS": 0.52,
        "Total Revenue": 576,
        "Gross Profit": 323,
        "Operating Income": 125,
        "EBIT": 125,
        "Net Income": 82
    },
    "2011-12-31": {
        "Diluted EPS": 0.56,
        "Total Revenue": 608,
        "Gross Profit": 298,
        "Operating Income": 48,
        "EBIT": 48,
        "Net Income": 87
    },
    "2011-09-30": {
        "Diluted EPS": 0.28,
        "Total Revenue": 422,
        "Gross Profit": 216,
        "Operating Income": 62,
        "EBIT": 62,
        "Net Income": 42
    },
    "2011-06-30": {
        "Diluted EPS": 0.14,
        "Total Revenue": 409,
        "Gross Profit": 203,
        "Operating Income": 43,
        "EBIT": 43,
        "Net Income": 22
    },
    "2011-03-31": {
        "Diluted EPS": 0.44,
        "Total Revenue": 505,
        "Gross Profit": 281,
        "Operating Income": 111,
        "EBIT": 111,
        "Net Income": 69
    },
    "2010-12-31": {
        "Diluted EPS": 0.48,
        "Total Revenue": 536,
        "Gross Profit": 244,
        "Operating Income": 9,
        "EBIT": 9,
        "Net Income": 83
    },
    "2010-09-30": {
        "Diluted EPS": 0.24,
        "Total Revenue": 399,
        "Gross Profit": 205,
        "Operating Income": 61,
        "EBIT": 61,
        "Net Income": 45
    },
    "2010-06-30": {
        "Diluted EPS": 0.16,
        "Total Revenue": 330,
        "Gross Profit": 172,
        "Operating Income": 50,
        "EBIT": 50,
        "Net Income": 30
    },
    "2010-03-31": {
        "Diluted EPS": 0.4,
        "Total Revenue": 407,
        "Gross Profit": 232,
        "Operating Income": 91,
        "EBIT": 91,
        "Net Income": 69
    },
    "2009-12-31": {
        "Diluted EPS": 0.4,
        "Total Revenue": 457,
        "Gross Profit": 280,
        "Operating Income": 143,
        "EBIT": 143,
        "Net Income": 70
    },
    "2009-09-30": {
        "Diluted EPS": 0.51,
        "Total Revenue": 315,
        "Gross Profit": 163,
        "Operating Income": 49,
        "EBIT": 49,
        "Net Income": 33
    },
    "2009-06-30": {
        "Diluted EPS": 0.35,
        "Total Revenue": 298,
        "Gross Profit": 144,
        "Operating Income": 27,
        "EBIT": 27,
        "Net Income": 56
    },
    "2009-03-31": {
        "Diluted EPS": 0.0,
        "Total Revenue": 368,
        "Gross Profit": 196,
        "Operating Income": 70,
        "EBIT": 70,
        "Net Income": 59
    },
    "2023-06-30": {
        "Tax Effect Of Unusual Items": -3617708130.0,
        "Tax Rate For Calcs": 0.27,
        "Normalized EBITDA": 20105072000.0,
        "Total Unusual Items": -13398919000.0,
        "Total Unusual Items Excluding Goodwill": -13398919000.0,
        "Net Income From Continuing Operation Net Minority Interest": -3943498000.0,
        "Reconciled Cost Of Revenue": 324826384000.0,
        "EBITDA": 6706153000.0,
        "EBIT": 6706153000.0,
        "Net Interest Income": -5541635000.0,
        "Interest Expense": 19000454000.0,
        "Interest Income": 13458819000.0,
        "Normalized Income": 5837712870.0,
        "Net Income From Continuing And Discontinued Operation": -3943498000.0,
        "Total Expenses": 561827805000.0,
        "Total Operating Income As Reported": 10077994000.0,
        "Diluted Average Shares": 184751436.0,
        "Basic Average Shares": 184751436.0,
        "Diluted EPS": -21.34,
        "Basic EPS": -21.34,
        "Diluted NI Availto Com Stockholders": -3943498000.0,
        "Net Income Common Stockholders": -3943498000.0,
        "Net Income": -3943498000.0,
        "Minority Interests": -344586000.0,
        "Net Income Including Noncontrolling Interests": -3598912000.0,
        "Net Income Continuous Operations": -3598912000.0,
        "Tax Provision": -8695389000.0,
        "Pretax Income": -12294301000.0,
        "Other Income Expense": -19166564000.0,
        "Other Non Operating Income Expenses": 412265000.0,
        "Special Income Charges": 219812000.0,
        "Gain On Sale Of Ppe": 111169000.0,
        "Other Special Charges": -108643000.0,
        "Earnings From Equity Interest": -6179910000.0,
        "Gain On Sale Of Security": -13618731000.0,
        "Net Non Operating Interest Income Expense": -5541635000.0,
        "Interest Expense Non Operating": 19000454000.0,
        "Interest Income Non Operating": 13458819000.0,
        "Operating Income": 12413898000.0,
        "Operating Expense": 237001421000.0,
        "Other Operating Expenses": 67715194000.0,
        "Selling General And Administration": 169286227000.0,
        "Selling And Marketing Expense": 116809785000.0,
        "General And Administrative Expense": 52476442000.0,
        "Other Gand A": 52476442000.0,
        "Gross Profit": 249415319000.0,
        "Cost Of Revenue": 324826384000.0,
        "Total Revenue": 574241703000.0,
        "Operating Revenue": 574241703000.0
    },
    "2023-09-30": {
        "Tax Effect Of Unusual Items": -5357781990.0,
        "Tax Rate For Calcs": 0.27,
        "Normalized EBITDA": 49652738000.0,
        "Total Unusual Items": -19843637000.0,
        "Total Unusual Items Excluding Goodwill": -19843637000.0,
        "Net Income From Continuing Operation Net Minority Interest": 9498817000.0,
        "Reconciled Cost Of Revenue": 368362236000.0,
        "EBITDA": 29809101000.0,
        "EBIT": 29809101000.0,
        "Net Interest Income": -10814962000.0,
        "Interest Expense": 21375537000.0,
        "Interest Income": 10560575000.0,
        "Normalized Income": 23984672010.0,
        "Net Income From Continuing And Discontinued Operation": 9498817000.0,
        "Total Expenses": 636508367000.0,
        "Total Operating Income As Reported": 56134930000.0,
        "Diluted Average Shares": 184751436.0,
        "Basic Average Shares": 184751436.0,
        "Diluted EPS": 51.42,
        "Basic EPS": 51.42,
        "Diluted NI Availto Com Stockholders": 9498817000.0,
        "Net Income Common Stockholders": 9498817000.0,
        "Net Income": 9498817000.0,
        "Minority Interests": -3161322000.0,
        "Net Income Including Noncontrolling Interests": 12660139000.0,
        "Net Income Continuous Operations": 12660139000.0,
        "Tax Provision": -4226575000.0,
        "Pretax Income": 8433564000.0,
        "Other Income Expense": -30920013000.0,
        "Other Non Operating Income Expenses": 632851000.0,
        "Special Income Charges": 270173000.0,
        "Gain On Sale Of Ppe": 248496000.0,
        "Other Special Charges": -21677000.0,
        "Earnings From Equity Interest": -11709227000.0,
        "Gain On Sale Of Security": -20113810000.0,
        "Net Non Operating Interest Income Expense": -10814962000.0,
        "Interest Expense Non Operating": 21375537000.0,
        "Interest Income Non Operating": 10560575000.0,
        "Operating Income": 50168539000.0,
        "Operating Expense": 268146131000.0,
        "Other Operating Expenses": 83357583000.0,
        "Selling General And Administration": 184788548000.0,
        "Selling And Marketing Expense": 122158327000.0,
        "General And Administrative Expense": 62630221000.0,
        "Other Gand A": 62630221000.0,
        "Gross Profit": 318314670000.0,
        "Cost Of Revenue": 368362236000.0,
        "Total Revenue": 686676906000.0,
        "Operating Revenue": 686676906000.0
    },
    "2023-12-31": {
        "Tax Effect Of Unusual Items": -11209155570.0,
        "Tax Rate For Calcs": 0.27,
        "Normalized EBITDA": 87820974000.0,
        "Total Unusual Items": -41515391000.0,
        "Total Unusual Items Excluding Goodwill": -41515391000.0,
        "Net Income From Continuing Operation Net Minority Interest": 41729422000.0,
        "Reconciled Cost Of Revenue": 308337770000.0,
        "EBITDA": 46305583000.0,
        "EBIT": 46305583000.0,
        "Net Interest Income": -11205748000.0,
        "Interest Expense": 16195712000.0,
        "Interest Income": 4989964000.0,
        "Normalized Income": 72035657430.0,
        "Net Income From Continuing And Discontinued Operation": 41729422000.0,
        "Total Expenses": 488963279000.0,
        "Total Operating Income As Reported": 76984560000.0,
        "Diluted Average Shares": 184751436.0,
        "Basic Average Shares": 184751436.0,
        "Diluted EPS": 225.8,
        "Basic EPS": 225.8,
        "Diluted NI Availto Com Stockholders": 41729422000.0,
        "Net Income Common Stockholders": 41729422000.0,
        "Net Income": 41729422000.0,
        "Minority Interests": -6073375000.0,
        "Net Income Including Noncontrolling Interests": 47802797000.0,
        "Net Income Continuous Operations": 47802797000.0,
        "Tax Provision": -17692926000.0,
        "Pretax Income": 30109871000.0,
        "Other Income Expense": -42327800000.0,
        "Other Non Operating Income Expenses": -3302559000.0,
        "Special Income Charges": -7794991000.0,
        "Gain On Sale Of Ppe": 337882000.0,
        "Other Special Charges": 8132873000.0,
        "Earnings From Equity Interest": 2490150000.0,
        "Gain On Sale Of Security": -33720400000.0,
        "Net Non Operating Interest Income Expense": -11205748000.0,
        "Interest Expense Non Operating": 16195712000.0,
        "Interest Income Non Operating": 4989964000.0,
        "Operating Income": 83643419000.0,
        "Operating Expense": 180625509000.0,
        "Other Operating Expenses": 38230499000.0,
        "Selling General And Administration": 142395010000.0,
        "Selling And Marketing Expense": 92603518000.0,
        "General And Administrative Expense": 49791492000.0,
        "Other Gand A": 49791492000.0,
        "Gross Profit": 264268928000.0,
        "Cost Of Revenue": 308337770000.0,
        "Total Revenue": 572606698000.0,
        "Operating Revenue": 572606698000.0
    }
}