{
    "2023-03-31": {
        "Tax Effect Of Unusual Items": 1973580.0,
        "Tax Rate For Calcs": 0.21,
        "Normalized EBITDA": 6181000.0,
        "Total Unusual Items": 9398000.0,
        "Total Unusual Items Excluding Goodwill": 9398000.0,
        "Net Income From Continuing Operation Net Minority Interest": -24586000.0,
        "Reconciled Depreciation": 22708000.0,
        "Reconciled Cost Of Revenue": 175764000.0,
        "EBITDA": 15579000.0,
        "EBIT": -7129000.0,
        "Net Interest Income": -7389000.0,
        "Interest Expense": 6749000.0,
        "Normalized Income": -32010420.0,
        "Net Income From Continuing And Discontinued Operation": -24586000.0,
        "Total Expenses": 196490000.0,
        "Diluted Average Shares": 300950000.0,
        "Basic Average Shares": 300950000.0,
        "Diluted EPS": -0.08,
        "Basic EPS": -0.08,
        "Diluted NI Availto Com Stockholders": -24586000.0,
        "Net Income Common Stockholders": -24586000.0,
        "Net Income": -24586000.0,
        "Net Income Including Noncontrolling Interests": -24586000.0,
        "Net Income Continuous Operations": -24586000.0,
        "Tax Provision": 10708000.0,
        "Pretax Income": -13878000.0,
        "Other Income Expense": 2703000.0,
        "Other Non Operating Income Expenses": -6695000.0,
        "Special Income Charges": -9000.0,
        "Gain On Sale Of Ppe": -9000.0,
        "Other Special Charges": 56000.0,
        "Write Off": NaN,
        "Gain On Sale Of Security": 9407000.0,
        "Net Non Operating Interest Income Expense": -7389000.0,
        "Total Other Finance Cost": 640000.0,
        "Interest Expense Non Operating": 6749000.0,
        "Operating Income": -9192000.0,
        "Operating Expense": 20726000.0,
        "Other Operating Expenses": 8643000.0,
        "Research And Development": NaN,
        "Selling General And Administration": 12083000.0,
        "General And Administrative Expense": 12083000.0,
        "Other Gand A": 12083000.0,
        "Gross Profit": 11534000.0,
        "Cost Of Revenue": 175764000.0,
        "Total Revenue": 187298000.0,
        "Operating Revenue": 187298000.0
    },
    "2022-12-31": {
        "Tax Effect Of Unusual Items": NaN,
        "Tax Rate For Calcs": NaN,
        "Normalized EBITDA": NaN,
        "Total Unusual Items": NaN,
        "Total Unusual Items Excluding Goodwill": NaN,
        "Net Income From Continuing Operation Net Minority Interest": NaN,
        "Reconciled Depreciation": NaN,
        "Reconciled Cost Of Revenue": NaN,
        "EBITDA": NaN,
        "EBIT": NaN,
        "Net Interest Income": NaN,
        "Interest Expense": NaN,
        "Normalized Income": NaN,
        "Net Income From Continuing And Discontinued Operation": NaN,
        "Total Expenses": NaN,
        "Diluted Average Shares": NaN,
        "Basic Average Shares": NaN,
        "Diluted EPS": NaN,
        "Basic EPS": NaN,
        "Diluted NI Availto Com Stockholders": NaN,
        "Net Income Common Stockholders": NaN,
        "Net Income": NaN,
        "Net Income Including Noncontrolling Interests": NaN,
        "Net Income Continuous Operations": NaN,
        "Tax Provision": NaN,
        "Pretax Income": NaN,
        "Other Income Expense": NaN,
        "Other Non Operating Income Expenses": NaN,
        "Special Income Charges": NaN,
        "Gain On Sale Of Ppe": NaN,
        "Other Special Charges": NaN,
        "Write Off": -1651000.0,
        "Gain On Sale Of Security": NaN,
        "Net Non Operating Interest Income Expense": NaN,
        "Total Other Finance Cost": NaN,
        "Interest Expense Non Operating": NaN,
        "Operating Income": NaN,
        "Operating Expense": NaN,
        "Other Operating Expenses": NaN,
        "Research And Development": NaN,
        "Selling General And Administration": NaN,
        "General And Administrative Expense": NaN,
        "Other Gand A": NaN,
        "Gross Profit": NaN,
        "Cost Of Revenue": NaN,
        "Total Revenue": NaN,
        "Operating Revenue": NaN
    },
    "2022-09-30": {
        "Tax Effect Of Unusual Items": NaN,
        "Tax Rate For Calcs": NaN,
        "Normalized EBITDA": NaN,
        "Total Unusual Items": NaN,
        "Total Unusual Items Excluding Goodwill": NaN,
        "Net Income From Continuing Operation Net Minority Interest": NaN,
        "Reconciled Depreciation": NaN,
        "Reconciled Cost Of Revenue": NaN,
        "EBITDA": NaN,
        "EBIT": NaN,
        "Net Interest Income": NaN,
        "Interest Expense": NaN,
        "Normalized Income": NaN,
        "Net Income From Continuing And Discontinued Operation": NaN,
        "Total Expenses": NaN,
        "Diluted Average Shares": 278105000.0,
        "Basic Average Shares": 278105000.0,
        "Diluted EPS": -0.21,
        "Basic EPS": -0.21,
        "Diluted NI Availto Com Stockholders": NaN,
        "Net Income Common Stockholders": NaN,
        "Net Income": NaN,
        "Net Income Including Noncontrolling Interests": NaN,
        "Net Income Continuous Operations": NaN,
        "Tax Provision": NaN,
        "Pretax Income": NaN,
        "Other Income Expense": NaN,
        "Other Non Operating Income Expenses": NaN,
        "Special Income Charges": NaN,
        "Gain On Sale Of Ppe": NaN,
        "Other Special Charges": NaN,
        "Write Off": 0.0,
        "Gain On Sale Of Security": NaN,
        "Net Non Operating Interest Income Expense": NaN,
        "Total Other Finance Cost": NaN,
        "Interest Expense Non Operating": NaN,
        "Operating Income": NaN,
        "Operating Expense": NaN,
        "Other Operating Expenses": NaN,
        "Research And Development": 9249000.0,
        "Selling General And Administration": NaN,
        "General And Administrative Expense": NaN,
        "Other Gand A": NaN,
        "Gross Profit": NaN,
        "Cost Of Revenue": NaN,
        "Total Revenue": NaN,
        "Operating Revenue": NaN
    },
    "2022-06-30": {
        "Tax Effect Of Unusual Items": -25205200.0,
        "Tax Rate For Calcs": 0.4,
        "Normalized EBITDA": 29720000.0,
        "Total Unusual Items": -63013000.0,
        "Total Unusual Items Excluding Goodwill": -63013000.0,
        "Net Income From Continuing Operation Net Minority Interest": -77434000.0,
        "Reconciled Depreciation": 27965000.0,
        "Reconciled Cost Of Revenue": 178644000.0,
        "EBITDA": -33293000.0,
        "EBIT": -61258000.0,
        "Net Interest Income": -5170000.0,
        "Interest Expense": 4674000.0,
        "Normalized Income": -39626200.0,
        "Net Income From Continuing And Discontinued Operation": -77434000.0,
        "Total Expenses": 196739000.0,
        "Diluted Average Shares": 278040000.0,
        "Basic Average Shares": 278040000.0,
        "Diluted EPS": -0.28,
        "Basic EPS": -0.28,
        "Diluted NI Availto Com Stockholders": -77434000.0,
        "Net Income Common Stockholders": -77434000.0,
        "Net Income": -77434000.0,
        "Net Income Including Noncontrolling Interests": -77434000.0,
        "Net Income Continuous Operations": -77434000.0,
        "Tax Provision": 11502000.0,
        "Pretax Income": -65932000.0,
        "Other Income Expense": -68146000.0,
        "Other Non Operating Income Expenses": -5133000.0,
        "Special Income Charges": 303000.0,
        "Gain On Sale Of Ppe": 621000.0,
        "Other Special Charges": 318000.0,
        "Write Off": NaN,
        "Gain On Sale Of Security": -63316000.0,
        "Net Non Operating Interest Income Expense": -5170000.0,
        "Total Other Finance Cost": 496000.0,
        "Interest Expense Non Operating": 4674000.0,
        "Operating Income": 7384000.0,
        "Operating Expense": 18095000.0,
        "Other Operating Expenses": 8808000.0,
        "Research And Development": NaN,
        "Selling General And Administration": 9287000.0,
        "General And Administrative Expense": 9287000.0,
        "Other Gand A": 9287000.0,
        "Gross Profit": 25479000.0,
        "Cost Of Revenue": 178644000.0,
        "Total Revenue": 204123000.0,
        "Operating Revenue": 204123000.0
    },
    "2022-03-31": {
        "Diluted EPS": 0.03,
        "Total Revenue": 188,
        "Gross Profit": 55,
        "Operating Income": 2,
        "EBIT": 31,
        "Net Income": 8
    },
    "2021-12-31": {
        "Diluted EPS": -0.06,
        "Total Revenue": 208,
        "Gross Profit": 102,
        "Operating Income": 1,
        "EBIT": 40,
        "Net Income": -11
    },
    "2021-09-30": {
        "Diluted EPS": -0.21,
        "Total Revenue": 208,
        "Gross Profit": 43,
        "Operating Income": 8,
        "EBIT": 42,
        "Net Income": -55
    },
    "2021-06-30": {
        "Diluted EPS": 0.13,
        "Total Revenue": 215,
        "Gross Profit": 82,
        "Operating Income": 15,
        "EBIT": 50,
        "Net Income": 32
    },
    "2021-03-31": {
        "Diluted EPS": 0.01,
        "Total Revenue": 202,
        "Gross Profit": 94,
        "Operating Income": 29,
        "EBIT": 62,
        "Net Income": 2
    },
    "2020-12-31": {
        "Diluted EPS": 0.06,
        "Total Revenue": 228,
        "Gross Profit": 110,
        "Operating Income": 39,
        "EBIT": 78,
        "Net Income": 12
    },
    "2020-09-30": {
        "Diluted EPS": 0.11,
        "Total Revenue": 230,
        "Gross Profit": 117,
        "Operating Income": 49,
        "EBIT": 84,
        "Net Income": 27
    },
    "2020-06-30": {
        "Diluted EPS": -0.01,
        "Total Revenue": 154,
        "Gross Profit": 64,
        "Operating Income": -3,
        "EBIT": 28,
        "Net Income": -1
    },
    "2020-03-31": {
        "Diluted EPS": -0.05,
        "Total Revenue": 173,
        "Gross Profit": 54,
        "Operating Income": -4,
        "EBIT": 35,
        "Net Income": -12
    },
    "2019-12-31": {
        "Diluted EPS": -1.23,
        "Total Revenue": 195,
        "Gross Profit": 48,
        "Operating Income": -270,
        "EBIT": -219,
        "Net Income": -271
    },
    "2019-09-30": {
        "Diluted EPS": -0.06,
        "Total Revenue": 199,
        "Gross Profit": 59,
        "Operating Income": -8,
        "EBIT": 41,
        "Net Income": -14
    },
    "2019-06-30": {
        "Diluted EPS": -0.18,
        "Total Revenue": 162,
        "Gross Profit": 30,
        "Operating Income": -31,
        "EBIT": 15,
        "Net Income": -37
    },
    "2019-03-31": {
        "Diluted EPS": -0.09,
        "Total Revenue": 155,
        "Gross Profit": 23,
        "Operating Income": -36,
        "EBIT": 9,
        "Net Income": -19
    },
    "2018-12-31": {
        "Diluted EPS": 0.0,
        "Total Revenue": 144,
        "Gross Profit": 27,
        "Operating Income": -25,
        "EBIT": 16,
        "Net Income": 0
    },
    "2018-09-30": {
        "Diluted EPS": -0.29,
        "Total Revenue": 149,
        "Gross Profit": 32,
        "Operating Income": -23,
        "EBIT": 11,
        "Net Income": -53
    },
    "2018-06-30": {
        "Diluted EPS": 0.02,
        "Total Revenue": 170,
        "Gross Profit": 62,
        "Operating Income": 15,
        "EBIT": 48,
        "Net Income": 3
    },
    "2018-03-31": {
        "Diluted EPS": 0.01,
        "Total Revenue": 163,
        "Gross Profit": 64,
        "Operating Income": 13,
        "EBIT": 48,
        "Net Income": 1
    },
    "2017-12-31": {
        "Diluted EPS": 0.04,
        "Total Revenue": 215,
        "Gross Profit": 93,
        "Operating Income": 25,
        "EBIT": 73,
        "Net Income": 8
    },
    "2017-09-30": {
        "Diluted EPS": -0.09,
        "Total Revenue": 160,
        "Gross Profit": 58,
        "Operating Income": 4,
        "EBIT": 39,
        "Net Income": -17
    },
    "2017-06-30": {
        "Diluted EPS": -0.06,
        "Total Revenue": 150,
        "Gross Profit": 47,
        "Operating Income": -2,
        "EBIT": 31,
        "Net Income": -11
    },
    "2017-03-31": {
        "Diluted EPS": 0.1,
        "Total Revenue": 186,
        "Gross Profit": 71,
        "Operating Income": 13,
        "EBIT": 54,
        "Net Income": 19
    },
    "2016-12-31": {
        "Diluted EPS": -0.03,
        "Total Revenue": 65,
        "Gross Profit": 37,
        "Operating Income": 1,
        "EBIT": 25,
        "Net Income": -8
    },
    "2016-09-30": {
        "Diluted EPS": 0.42,
        "Total Revenue": 176,
        "Gross Profit": 71,
        "Operating Income": 28,
        "EBIT": 58,
        "Net Income": 70
    },
    "2016-06-30": {
        "Diluted EPS": 0.09,
        "Total Revenue": 182,
        "Gross Profit": 82,
        "Operating Income": 30,
        "EBIT": 70,
        "Net Income": 14
    },
    "2016-03-31": {
        "Diluted EPS": -0.14,
        "Total Revenue": 148,
        "Gross Profit": 47,
        "Operating Income": 0,
        "EBIT": 31,
        "Net Income": -20
    },
    "2015-12-31": {
        "Diluted EPS": -2.28,
        "Total Revenue": 80,
        "Gross Profit": 30,
        "Operating Income": -247,
        "EBIT": -226,
        "Net Income": -303
    },
    "2015-09-30": {
        "Diluted EPS": -0.11,
        "Total Revenue": 163,
        "Gross Profit": 42,
        "Operating Income": -7,
        "EBIT": 32,
        "Net Income": -14
    },
    "2015-06-30": {
        "Diluted EPS": -0.12,
        "Total Revenue": 166,
        "Gross Profit": 47,
        "Operating Income": -6,
        "EBIT": 36,
        "Net Income": -17
    },
    "2015-03-31": {
        "Diluted EPS": -0.32,
        "Total Revenue": 153,
        "Gross Profit": 38,
        "Operating Income": -15,
        "EBIT": 21,
        "Net Income": -33
    },
    "2014-12-31": {
        "Diluted EPS": -10.84,
        "Total Revenue": 141,
        "Gross Profit": 14,
        "Operating Income": NaN,
        "EBIT": NaN,
        "Net Income": NaN
    },
    "2014-09-30": {
        "Diluted EPS": 0.03,
        "Total Revenue": 171,
        "Gross Profit": 45,
        "Operating Income": -16,
        "EBIT": 30,
        "Net Income": 3
    },
    "2014-06-30": {
        "Diluted EPS": -0.42,
        "Total Revenue": 165,
        "Gross Profit": 46,
        "Operating Income": -19,
        "EBIT": 27,
        "Net Income": -43
    },
    "2014-03-31": {
        "Diluted EPS": -0.36,
        "Total Revenue": 160,
        "Gross Profit": 53,
        "Operating Income": -13,
        "EBIT": 32,
        "Net Income": -37
    },
    "2013-12-31": {
        "Diluted EPS": -5.98,
        "Total Revenue": 169,
        "Gross Profit": 67,
        "Operating Income": -791,
        "EBIT": -722,
        "Net Income": -582
    },
    "2013-09-30": {
        "Diluted EPS": -0.46,
        "Total Revenue": 201,
        "Gross Profit": 69,
        "Operating Income": -15,
        "EBIT": 49,
        "Net Income": -46
    },
    "2013-06-30": {
        "Diluted EPS": -0.35,
        "Total Revenue": 205,
        "Gross Profit": 62,
        "Operating Income": -50,
        "EBIT": 12,
        "Net Income": -35
    },
    "2013-03-31": {
        "Diluted EPS": 0.14,
        "Total Revenue": 172,
        "Gross Profit": 84,
        "Operating Income": 12,
        "EBIT": 66,
        "Net Income": 12
    },
    "2012-12-31": {
        "Diluted EPS": 0.42,
        "Total Revenue": 206,
        "Gross Profit": 267,
        "Operating Income": 36,
        "EBIT": 110,
        "Net Income": 38
    },
    "2012-09-30": {
        "Diluted EPS": -0.18,
        "Total Revenue": 231,
        "Gross Profit": 53,
        "Operating Income": 34,
        "EBIT": 87,
        "Net Income": -16
    },
    "2012-06-30": {
        "Diluted EPS": 0.26,
        "Total Revenue": 254,
        "Gross Profit": 62,
        "Operating Income": 42,
        "EBIT": 103,
        "Net Income": 23
    },
    "2012-03-31": {
        "Diluted EPS": 0.04,
        "Total Revenue": 205,
        "Gross Profit": 59,
        "Operating Income": 44,
        "EBIT": 97,
        "Net Income": 4
    },
    "2011-12-31": {
        "Diluted EPS": 0.12,
        "Total Revenue": 247,
        "Gross Profit": 80,
        "Operating Income": 62,
        "EBIT": 120,
        "Net Income": 11
    },
    "2011-09-30": {
        "Diluted EPS": 0.35,
        "Total Revenue": 344,
        "Gross Profit": 144,
        "Operating Income": 127,
        "EBIT": 186,
        "Net Income": 31
    },
    "2011-06-30": {
        "Diluted EPS": 0.43,
        "Total Revenue": 231,
        "Gross Profit": 96,
        "Operating Income": 79,
        "EBIT": 137,
        "Net Income": 39
    },
    "2011-03-31": {
        "Diluted EPS": 0.14,
        "Total Revenue": 200,
        "Gross Profit": 57,
        "Operating Income": 39,
        "EBIT": 89,
        "Net Income": 12
    },
    "2010-12-31": {
        "Diluted EPS": -0.07,
        "Total Revenue": 208,
        "Gross Profit": 75,
        "Operating Income": 63,
        "EBIT": 110,
        "Net Income": -5
    },
    "2010-09-30": {
        "Diluted EPS": -0.25,
        "Total Revenue": 119,
        "Gross Profit": 20,
        "Operating Income": 10,
        "EBIT": 48,
        "Net Income": -23
    },
    "2010-06-30": {
        "Diluted EPS": -0.57,
        "Total Revenue": 101,
        "Gross Profit": 12,
        "Operating Income": 2,
        "EBIT": 33,
        "Net Income": -51
    },
    "2010-03-31": {
        "Diluted EPS": -0.16,
        "Total Revenue": 88,
        "Gross Profit": 9,
        "Operating Income": -1,
        "EBIT": 28,
        "Net Income": -13
    },
    "2009-12-31": {
        "Diluted EPS": -0.42,
        "Total Revenue": 97,
        "Gross Profit": 14,
        "Operating Income": 6,
        "EBIT": 34,
        "Net Income": -27
    },
    "2009-09-30": {
        "Diluted EPS": -0.23,
        "Total Revenue": 90,
        "Gross Profit": 3,
        "Operating Income": -4,
        "EBIT": 25,
        "Net Income": -17
    },
    "2009-06-30": {
        "Diluted EPS": 0.17,
        "Total Revenue": 68,
        "Gross Profit": 0,
        "Operating Income": -9,
        "EBIT": 13,
        "Net Income": 12
    },
    "2009-03-31": {
        "Diluted EPS": 0.1,
        "Total Revenue": 45,
        "Gross Profit": 11,
        "Operating Income": -2,
        "EBIT": 7,
        "Net Income": 6
    },
    "2023-06-30": {
        "Tax Effect Of Unusual Items": -2722650.0,
        "Tax Rate For Calcs": 0.21,
        "Normalized EBITDA": 16305000.0,
        "Total Unusual Items": -12965000.0,
        "Total Unusual Items Excluding Goodwill": -12965000.0,
        "Net Income From Continuing Operation Net Minority Interest": -32412000.0,
        "Reconciled Depreciation": 19595000.0,
        "Reconciled Cost Of Revenue": 159232000.0,
        "EBITDA": 3340000.0,
        "EBIT": -16255000.0,
        "Net Interest Income": -6912000.0,
        "Interest Expense": 6291000.0,
        "Normalized Income": -22169650.0,
        "Net Income From Continuing And Discontinued Operation": -32412000.0,
        "Total Expenses": 171941000.0,
        "Diluted Average Shares": 333082000.0,
        "Basic Average Shares": 333082000.0,
        "Diluted EPS": -0.1,
        "Basic EPS": -0.1,
        "Diluted NI Availto Com Stockholders": -32412000.0,
        "Net Income Common Stockholders": -32412000.0,
        "Net Income": -32412000.0,
        "Net Income Including Noncontrolling Interests": -32412000.0,
        "Net Income Continuous Operations": -32412000.0,
        "Tax Provision": 9866000.0,
        "Pretax Income": -22546000.0,
        "Other Income Expense": -20928000.0,
        "Other Non Operating Income Expenses": -7963000.0,
        "Special Income Charges": -9670000.0,
        "Gain On Sale Of Ppe": -12631000.0,
        "Other Special Charges": -2961000.0,
        "Write Off": NaN,
        "Gain On Sale Of Security": -3295000.0,
        "Net Non Operating Interest Income Expense": -6912000.0,
        "Total Other Finance Cost": 621000.0,
        "Interest Expense Non Operating": 6291000.0,
        "Operating Income": 5294000.0,
        "Operating Expense": 12709000.0,
        "Other Operating Expenses": 2920000.0,
        "Research And Development": 10048000.0,
        "Selling General And Administration": 9789000.0,
        "General And Administrative Expense": 9789000.0,
        "Other Gand A": 9789000.0,
        "Gross Profit": 18003000.0,
        "Cost Of Revenue": 159232000.0,
        "Total Revenue": 177235000.0,
        "Operating Revenue": 177235000.0
    },
    "2023-09-30": {
        "Tax Effect Of Unusual Items": -175140.0,
        "Tax Rate For Calcs": 0.21,
        "Normalized EBITDA": 15405000.0,
        "Total Unusual Items": -834000.0,
        "Total Unusual Items Excluding Goodwill": -834000.0,
        "Net Income From Continuing Operation Net Minority Interest": -21109000.0,
        "Reconciled Depreciation": 22884000.0,
        "Reconciled Cost Of Revenue": 170787000.0,
        "EBITDA": 14571000.0,
        "EBIT": -8313000.0,
        "Net Interest Income": -7402000.0,
        "Interest Expense": 6699000.0,
        "Normalized Income": -20450140.0,
        "Net Income From Continuing And Discontinued Operation": -21109000.0,
        "Total Expenses": 192736000.0,
        "Diluted Average Shares": 356676000.0,
        "Basic Average Shares": 356676000.0,
        "Diluted EPS": -0.06,
        "Basic EPS": -0.06,
        "Diluted NI Availto Com Stockholders": -21109000.0,
        "Net Income Common Stockholders": -21109000.0,
        "Net Income": -21109000.0,
        "Net Income Including Noncontrolling Interests": -21109000.0,
        "Net Income Continuous Operations": -21109000.0,
        "Tax Provision": 6097000.0,
        "Pretax Income": -15012000.0,
        "Other Income Expense": -9457000.0,
        "Other Non Operating Income Expenses": -8623000.0,
        "Special Income Charges": 755000.0,
        "Gain On Sale Of Ppe": -19000.0,
        "Other Special Charges": -774000.0,
        "Write Off": NaN,
        "Gain On Sale Of Security": -1589000.0,
        "Net Non Operating Interest Income Expense": -7402000.0,
        "Total Other Finance Cost": 703000.0,
        "Interest Expense Non Operating": 6699000.0,
        "Operating Income": 1847000.0,
        "Operating Expense": 21949000.0,
        "Other Operating Expenses": 12437000.0,
        "Research And Development": 8680000.0,
        "Selling General And Administration": 9512000.0,
        "General And Administrative Expense": 9512000.0,
        "Other Gand A": 9512000.0,
        "Gross Profit": 23796000.0,
        "Cost Of Revenue": 170787000.0,
        "Total Revenue": 194583000.0,
        "Operating Revenue": 194583000.0
    },
    "2023-12-31": {
        "Tax Effect Of Unusual Items": -328230.0,
        "Tax Rate For Calcs": 0.21,
        "Normalized EBITDA": 25829000.0,
        "Total Unusual Items": -1563000.0,
        "Total Unusual Items Excluding Goodwill": -1563000.0,
        "Net Income From Continuing Operation Net Minority Interest": -25505000.0,
        "Reconciled Depreciation": 34635000.0,
        "Reconciled Cost Of Revenue": 226935000.0,
        "EBITDA": 24266000.0,
        "EBIT": -10369000.0,
        "Net Interest Income": -7396000.0,
        "Interest Expense": 6651000.0,
        "Normalized Income": -24270230.0,
        "Net Income From Continuing And Discontinued Operation": -25505000.0,
        "Total Expenses": 248111000.0,
        "Diluted Average Shares": NaN,
        "Basic Average Shares": NaN,
        "Diluted EPS": NaN,
        "Basic EPS": NaN,
        "Diluted NI Availto Com Stockholders": -25505000.0,
        "Net Income Common Stockholders": -25505000.0,
        "Net Income": -25505000.0,
        "Net Income Including Noncontrolling Interests": -25505000.0,
        "Net Income Continuous Operations": -25505000.0,
        "Tax Provision": 8485000.0,
        "Pretax Income": -17020000.0,
        "Other Income Expense": -23603000.0,
        "Other Non Operating Income Expenses": -22040000.0,
        "Special Income Charges": 34000.0,
        "Gain On Sale Of Ppe": 332000.0,
        "Other Special Charges": 298000.0,
        "Write Off": NaN,
        "Gain On Sale Of Security": -1597000.0,
        "Net Non Operating Interest Income Expense": -7396000.0,
        "Total Other Finance Cost": 745000.0,
        "Interest Expense Non Operating": 6651000.0,
        "Operating Income": 13979000.0,
        "Operating Expense": 21176000.0,
        "Other Operating Expenses": 10955000.0,
        "Research And Development": 25018000.0,
        "Selling General And Administration": 10221000.0,
        "General And Administrative Expense": 10221000.0,
        "Other Gand A": 10221000.0,
        "Gross Profit": 35155000.0,
        "Cost Of Revenue": 226935000.0,
        "Total Revenue": 262090000.0,
        "Operating Revenue": 262090000.0
    },
    "2024-03-31": {
        "Tax Effect Of Unusual Items": -4085200.0,
        "Tax Rate For Calcs": 0.4,
        "Normalized EBITDA": 36745000.0,
        "Total Unusual Items": -10213000.0,
        "Total Unusual Items Excluding Goodwill": -10213000.0,
        "Net Income From Continuing Operation Net Minority Interest": -29117000.0,
        "Reconciled Depreciation": 27297000.0,
        "Reconciled Cost Of Revenue": 173294000.0,
        "EBITDA": 26532000.0,
        "EBIT": -765000.0,
        "Net Interest Income": -12947000.0,
        "Interest Expense": 12328000.0,
        "Normalized Income": -22989200.0,
        "Net Income From Continuing And Discontinued Operation": -29117000.0,
        "Total Expenses": 202265000.0,
        "Diluted Average Shares": 384968000.0,
        "Basic Average Shares": 384968000.0,
        "Diluted EPS": -0.08,
        "Basic EPS": -0.08,
        "Diluted NI Availto Com Stockholders": -29117000.0,
        "Net Income Common Stockholders": -29117000.0,
        "Net Income": -29117000.0,
        "Net Income Including Noncontrolling Interests": -29117000.0,
        "Net Income Continuous Operations": -29117000.0,
        "Tax Provision": 16024000.0,
        "Pretax Income": -13093000.0,
        "Other Income Expense": -10941000.0,
        "Other Non Operating Income Expenses": -728000.0,
        "Special Income Charges": -9848000.0,
        "Gain On Sale Of Ppe": -3536000.0,
        "Other Special Charges": 6312000.0,
        "Write Off": NaN,
        "Gain On Sale Of Security": -365000.0,
        "Net Non Operating Interest Income Expense": -12947000.0,
        "Total Other Finance Cost": 619000.0,
        "Interest Expense Non Operating": 12328000.0,
        "Operating Income": 10795000.0,
        "Operating Expense": 28971000.0,
        "Other Operating Expenses": 14567000.0,
        "Research And Development": NaN,
        "Selling General And Administration": 14404000.0,
        "General And Administrative Expense": 14404000.0,
        "Other Gand A": 14404000.0,
        "Gross Profit": 39766000.0,
        "Cost Of Revenue": 173294000.0,
        "Total Revenue": 213060000.0,
        "Operating Revenue": 213060000.0
    }
}