{
    "2023-04-30": {
        "Tax Effect Of Unusual Items": 0.0,
        "Tax Rate For Calcs": 0.4,
        "Normalized EBITDA": 1207000.0,
        "Net Income From Continuing Operation Net Minority Interest": -309000.0,
        "Reconciled Depreciation": 1884000.0,
        "Reconciled Cost Of Revenue": 31408000.0,
        "EBITDA": 1207000.0,
        "EBIT": 1207000.0,
        "Net Interest Income": -759000.0,
        "Interest Expense": 759000.0,
        "Normalized Income": -309000.0,
        "Net Income From Continuing And Discontinued Operation": -309000.0,
        "Total Expenses": 38967000.0,
        "Total Operating Income As Reported": 832000.0,
        "Diluted Average Shares": 62587000.0,
        "Basic Average Shares": 62587000.0,
        "Diluted EPS": -0.004937,
        "Basic EPS": -0.004937,
        "Diluted NI Availto Com Stockholders": -309000.0,
        "Net Income Common Stockholders": -309000.0,
        "Net Income": -309000.0,
        "Net Income Including Noncontrolling Interests": -309000.0,
        "Net Income Continuous Operations": -309000.0,
        "Tax Provision": 757000.0,
        "Pretax Income": 448000.0,
        "Other Income Expense": 375000.0,
        "Other Non Operating Income Expenses": 375000.0,
        "Net Non Operating Interest Income Expense": -759000.0,
        "Interest Expense Non Operating": 759000.0,
        "Operating Income": 832000.0,
        "Operating Expense": 7559000.0,
        "Selling General And Administration": 7559000.0,
        "Gross Profit": 8391000.0,
        "Cost Of Revenue": 31408000.0,
        "Total Revenue": 39799000.0,
        "Operating Revenue": 39799000.0
    },
    "2023-01-31": {
        "Tax Effect Of Unusual Items": 0.0,
        "Tax Rate For Calcs": 0.4,
        "Normalized EBITDA": 5067000.0,
        "Net Income From Continuing Operation Net Minority Interest": 461000.0,
        "Reconciled Depreciation": 1917000.0,
        "Reconciled Cost Of Revenue": 28193000.0,
        "EBITDA": 5067000.0,
        "EBIT": 3150000.0,
        "Net Interest Income": -620000.0,
        "Interest Expense": 620000.0,
        "Normalized Income": 461000.0,
        "Net Income From Continuing And Discontinued Operation": 461000.0,
        "Total Expenses": 35300000.0,
        "Total Operating Income As Reported": 2718000.0,
        "Diluted Average Shares": 63726000.0,
        "Basic Average Shares": 62388000.0,
        "Diluted EPS": 0.01,
        "Basic EPS": 0.01,
        "Diluted NI Availto Com Stockholders": 461000.0,
        "Net Income Common Stockholders": 461000.0,
        "Net Income": 461000.0,
        "Net Income Including Noncontrolling Interests": 461000.0,
        "Net Income Continuous Operations": 461000.0,
        "Tax Provision": 2069000.0,
        "Pretax Income": 2530000.0,
        "Other Income Expense": 432000.0,
        "Other Non Operating Income Expenses": 432000.0,
        "Net Non Operating Interest Income Expense": -620000.0,
        "Interest Expense Non Operating": 620000.0,
        "Operating Income": 2718000.0,
        "Operating Expense": 7107000.0,
        "Selling General And Administration": 7107000.0,
        "Gross Profit": 9825000.0,
        "Cost Of Revenue": 28193000.0,
        "Total Revenue": 38018000.0,
        "Operating Revenue": 38018000.0
    },
    "2022-10-31": {
        "Tax Effect Of Unusual Items": 0.0,
        "Tax Rate For Calcs": 0.4,
        "Normalized EBITDA": -720000.0,
        "Net Income From Continuing Operation Net Minority Interest": -1156000.0,
        "Reconciled Depreciation": 1819000.0,
        "Reconciled Cost Of Revenue": 30610000.0,
        "EBITDA": -720000.0,
        "EBIT": -2539000.0,
        "Net Interest Income": -703000.0,
        "Interest Expense": 703000.0,
        "Normalized Income": -1156000.0,
        "Net Income From Continuing And Discontinued Operation": -1156000.0,
        "Total Expenses": 37441000.0,
        "Total Operating Income As Reported": -2684000.0,
        "Diluted Average Shares": 62204000.0,
        "Basic Average Shares": 62204000.0,
        "Diluted EPS": -0.02,
        "Basic EPS": -0.02,
        "Diluted NI Availto Com Stockholders": -1156000.0,
        "Net Income Common Stockholders": -1156000.0,
        "Net Income": -1156000.0,
        "Net Income Including Noncontrolling Interests": -1156000.0,
        "Net Income Continuous Operations": -1156000.0,
        "Tax Provision": -2086000.0,
        "Pretax Income": -3242000.0,
        "Other Income Expense": 145000.0,
        "Other Non Operating Income Expenses": 145000.0,
        "Net Non Operating Interest Income Expense": -703000.0,
        "Interest Expense Non Operating": 703000.0,
        "Operating Income": -2684000.0,
        "Operating Expense": 6831000.0,
        "Selling General And Administration": 6831000.0,
        "Gross Profit": 4147000.0,
        "Cost Of Revenue": 30610000.0,
        "Total Revenue": 34757000.0,
        "Operating Revenue": 34757000.0
    },
    "2022-07-31": {
        "Tax Effect Of Unusual Items": 0.0,
        "Tax Rate For Calcs": 0.310101,
        "Normalized EBITDA": 2785000.0,
        "Net Income From Continuing Operation Net Minority Interest": 1564000.0,
        "Reconciled Depreciation": 1590000.0,
        "Reconciled Cost Of Revenue": 27575000.0,
        "EBITDA": 2785000.0,
        "EBIT": 2785000.0,
        "Net Interest Income": -518000.0,
        "Interest Expense": 518000.0,
        "Normalized Income": 1564000.0,
        "Net Income From Continuing And Discontinued Operation": 1564000.0,
        "Total Expenses": 33957000.0,
        "Total Operating Income As Reported": 2735000.0,
        "Diluted Average Shares": 63333000.0,
        "Basic Average Shares": 61905000.0,
        "Diluted EPS": 0.02,
        "Basic EPS": 0.03,
        "Diluted NI Availto Com Stockholders": 1564000.0,
        "Net Income Common Stockholders": 1564000.0,
        "Net Income": 1564000.0,
        "Net Income Including Noncontrolling Interests": 1564000.0,
        "Net Income Continuous Operations": 1564000.0,
        "Tax Provision": 703000.0,
        "Pretax Income": 2267000.0,
        "Other Income Expense": 50000.0,
        "Other Non Operating Income Expenses": 50000.0,
        "Net Non Operating Interest Income Expense": -518000.0,
        "Interest Expense Non Operating": 518000.0,
        "Operating Income": 2735000.0,
        "Operating Expense": 6382000.0,
        "Selling General And Administration": 6382000.0,
        "Gross Profit": 9117000.0,
        "Cost Of Revenue": 27575000.0,
        "Total Revenue": 36692000.0,
        "Operating Revenue": 36692000.0
    },
    "2022-04-30": {
        "Diluted EPS": 1.64,
        "Total Revenue": 31,
        "Gross Profit": 7,
        "Operating Income": 1,
        "EBIT": 3,
        "Net Income": 116
    },
    "2022-01-31": {
        "Diluted EPS": 0.04,
        "Total Revenue": 32,
        "Gross Profit": 9,
        "Operating Income": 3,
        "EBIT": 5,
        "Net Income": 2
    },
    "2021-10-31": {
        "Diluted EPS": 0.06,
        "Total Revenue": 26,
        "Gross Profit": 9,
        "Operating Income": 4,
        "EBIT": 5,
        "Net Income": 4
    },
    "2021-07-31": {
        "Diluted EPS": 0.1,
        "Total Revenue": 31,
        "Gross Profit": 11,
        "Operating Income": 7,
        "EBIT": 8,
        "Net Income": 6
    },
    "2021-04-30": {
        "Diluted EPS": -0.02,
        "Total Revenue": 28,
        "Gross Profit": 8,
        "Operating Income": 3,
        "EBIT": 5,
        "Net Income": -2
    },
    "2021-01-31": {
        "Diluted EPS": 0.01,
        "Total Revenue": 22,
        "Gross Profit": 6,
        "Operating Income": 2,
        "EBIT": 3,
        "Net Income": 1
    },
    "2020-10-31": {
        "Diluted EPS": 0.01,
        "Total Revenue": 21,
        "Gross Profit": 6,
        "Operating Income": 2,
        "EBIT": 3,
        "Net Income": 1
    },
    "2020-07-31": {
        "Diluted EPS": 0.06,
        "Total Revenue": 25,
        "Gross Profit": 9,
        "Operating Income": 5,
        "EBIT": 6,
        "Net Income": 3
    },
    "2020-04-30": {
        "Diluted EPS": -0.1,
        "Total Revenue": 13,
        "Gross Profit": -1,
        "Operating Income": -5,
        "EBIT": -4,
        "Net Income": -5
    },
    "2020-01-31": {
        "Diluted EPS": -0.06,
        "Total Revenue": 14,
        "Gross Profit": 1,
        "Operating Income": -2,
        "EBIT": -1,
        "Net Income": -4
    },
    "2019-10-31": {
        "Diluted EPS": -0.03,
        "Total Revenue": 18,
        "Gross Profit": 3,
        "Operating Income": -1,
        "EBIT": 0,
        "Net Income": -2
    },
    "2019-07-31": {
        "Diluted EPS": -0.08,
        "Total Revenue": 15,
        "Gross Profit": 1,
        "Operating Income": -3,
        "EBIT": -3,
        "Net Income": -5
    },
    "2019-04-30": {
        "Diluted EPS": 0.0,
        "Total Revenue": 17,
        "Gross Profit": 4,
        "Operating Income": 0,
        "EBIT": 1,
        "Net Income": -1
    },
    "2019-01-31": {
        "Diluted EPS": -0.05,
        "Total Revenue": 14,
        "Gross Profit": 2,
        "Operating Income": -1,
        "EBIT": -1,
        "Net Income": -3
    },
    "2018-10-31": {
        "Diluted EPS": -0.05,
        "Total Revenue": 10,
        "Gross Profit": 0,
        "Operating Income": -2,
        "EBIT": -2,
        "Net Income": -1
    },
    "2018-07-31": {
        "Diluted EPS": -0.06,
        "Total Revenue": 13,
        "Gross Profit": 1,
        "Operating Income": -2,
        "EBIT": -1,
        "Net Income": -3
    },
    "2018-04-30": {
        "Diluted EPS": 0.09,
        "Total Revenue": 7,
        "Gross Profit": -2,
        "Operating Income": -6,
        "EBIT": -6,
        "Net Income": 3
    },
    "2018-01-31": {
        "Diluted EPS": -0.28,
        "Total Revenue": 7,
        "Gross Profit": -4,
        "Operating Income": -9,
        "EBIT": -8,
        "Net Income": -12
    },
    "2017-10-31": {
        "Diluted EPS": -0.31,
        "Total Revenue": 13,
        "Gross Profit": -3,
        "Operating Income": -8,
        "EBIT": -8,
        "Net Income": -14
    },
    "2017-07-31": {
        "Diluted EPS": -0.06,
        "Total Revenue": 27,
        "Gross Profit": 7,
        "Operating Income": 3,
        "EBIT": 3,
        "Net Income": -3
    },
    "2017-04-30": {
        "Diluted EPS": -0.11,
        "Total Revenue": 18,
        "Gross Profit": 6,
        "Operating Income": 18,
        "EBIT": 19,
        "Net Income": -6
    },
    "2017-01-31": {
        "Diluted EPS": -0.25,
        "Total Revenue": 11,
        "Gross Profit": 3,
        "Operating Income": -2,
        "EBIT": -1,
        "Net Income": -9
    },
    "2016-10-31": {
        "Diluted EPS": -0.16,
        "Total Revenue": 23,
        "Gross Profit": 8,
        "Operating Income": -4,
        "EBIT": -3,
        "Net Income": -5
    },
    "2016-07-31": {
        "Diluted EPS": -0.36,
        "Total Revenue": 6,
        "Gross Profit": 3,
        "Operating Income": -11,
        "EBIT": -10,
        "Net Income": -12
    },
    "2016-04-30": {
        "Diluted EPS": -0.34,
        "Total Revenue": 18,
        "Gross Profit": 9,
        "Operating Income": 48,
        "EBIT": 49,
        "Net Income": -12
    },
    "2016-01-31": {
        "Diluted EPS": -0.56,
        "Total Revenue": 7,
        "Gross Profit": 3,
        "Operating Income": -17,
        "EBIT": -16,
        "Net Income": -18
    },
    "2015-10-31": {
        "Diluted EPS": -0.49,
        "Total Revenue": 10,
        "Gross Profit": 5,
        "Operating Income": -14,
        "EBIT": -14,
        "Net Income": -15
    },
    "2015-07-31": {
        "Diluted EPS": -0.56,
        "Total Revenue": 10,
        "Gross Profit": 5,
        "Operating Income": -14,
        "EBIT": -14,
        "Net Income": -15
    },
    "2015-04-30": {
        "Diluted EPS": -0.46,
        "Total Revenue": 9,
        "Gross Profit": 5,
        "Operating Income": -12,
        "EBIT": -12,
        "Net Income": -13
    },
    "2015-01-31": {
        "Diluted EPS": -0.56,
        "Total Revenue": 6,
        "Gross Profit": 3,
        "Operating Income": -13,
        "EBIT": -13,
        "Net Income": -14
    },
    "2014-10-31": {
        "Diluted EPS": -0.49,
        "Total Revenue": 6,
        "Gross Profit": 2,
        "Operating Income": -12,
        "EBIT": -12,
        "Net Income": -13
    },
    "2014-07-31": {
        "Diluted EPS": -0.56,
        "Total Revenue": 5,
        "Gross Profit": 2,
        "Operating Income": -13,
        "EBIT": -13,
        "Net Income": -14
    },
    "2014-04-30": {
        "Diluted EPS": -0.42,
        "Total Revenue": 6,
        "Gross Profit": 3,
        "Operating Income": -11,
        "EBIT": -10,
        "Net Income": -11
    },
    "2014-01-31": {
        "Diluted EPS": -0.42,
        "Total Revenue": 4,
        "Gross Profit": 1,
        "Operating Income": -10,
        "EBIT": -9,
        "Net Income": -10
    },
    "2013-10-31": {
        "Diluted EPS": -0.35,
        "Total Revenue": 7,
        "Gross Profit": 3,
        "Operating Income": -8,
        "EBIT": -8,
        "Net Income": -8
    },
    "2013-07-31": {
        "Diluted EPS": -0.35,
        "Total Revenue": 5,
        "Gross Profit": 2,
        "Operating Income": -8,
        "EBIT": -7,
        "Net Income": -8
    },
    "2013-04-30": {
        "Diluted EPS": -0.42,
        "Total Revenue": 4,
        "Gross Profit": 1,
        "Operating Income": -8,
        "EBIT": -8,
        "Net Income": -8
    },
    "2013-01-31": {
        "Diluted EPS": -0.28,
        "Total Revenue": 7,
        "Gross Profit": 3,
        "Operating Income": -5,
        "EBIT": -5,
        "Net Income": -5
    },
    "2012-10-31": {
        "Diluted EPS": -0.56,
        "Total Revenue": 6,
        "Gross Profit": 2,
        "Operating Income": -7,
        "EBIT": -7,
        "Net Income": -9
    },
    "2012-07-31": {
        "Diluted EPS": -0.49,
        "Total Revenue": 4,
        "Gross Profit": 2,
        "Operating Income": -8,
        "EBIT": -7,
        "Net Income": -8
    },
    "2012-04-30": {
        "Diluted EPS": -0.7,
        "Total Revenue": 2,
        "Gross Profit": 1,
        "Operating Income": -11,
        "EBIT": -11,
        "Net Income": -11
    },
    "2012-01-31": {
        "Diluted EPS": -0.91,
        "Total Revenue": 3,
        "Gross Profit": 1,
        "Operating Income": -11,
        "EBIT": -11,
        "Net Income": -11
    },
    "2011-10-31": {
        "Diluted EPS": -1.12,
        "Total Revenue": 4,
        "Gross Profit": 1,
        "Operating Income": -12,
        "EBIT": -12,
        "Net Income": -12
    },
    "2011-07-31": {
        "Diluted EPS": -0.77,
        "Total Revenue": 6,
        "Gross Profit": 3,
        "Operating Income": -8,
        "EBIT": -8,
        "Net Income": -8
    },
    "2011-04-30": {
        "Diluted EPS": -1.05,
        "Total Revenue": 3,
        "Gross Profit": 1,
        "Operating Income": -10,
        "EBIT": -10,
        "Net Income": -10
    },
    "2011-01-31": {
        "Diluted EPS": -0.98,
        "Total Revenue": 3,
        "Gross Profit": 1,
        "Operating Income": -9,
        "EBIT": -9,
        "Net Income": -9
    },
    "2010-10-31": {
        "Diluted EPS": -0.91,
        "Total Revenue": 5,
        "Gross Profit": 2,
        "Operating Income": -8,
        "EBIT": -7,
        "Net Income": -8
    },
    "2010-07-31": {
        "Diluted EPS": -0.98,
        "Total Revenue": 3,
        "Gross Profit": 2,
        "Operating Income": -8,
        "EBIT": -7,
        "Net Income": -8
    },
    "2010-04-30": {
        "Diluted EPS": -1.12,
        "Total Revenue": 4,
        "Gross Profit": 2,
        "Operating Income": -8,
        "EBIT": -7,
        "Net Income": -8
    },
    "2010-01-31": {
        "Diluted EPS": -0.21,
        "Total Revenue": 10,
        "Gross Profit": 8,
        "Operating Income": -1,
        "EBIT": -1,
        "Net Income": -2
    },
    "2009-10-31": {
        "Diluted EPS": -0.42,
        "Total Revenue": 7,
        "Gross Profit": 3,
        "Operating Income": -3,
        "EBIT": -2,
        "Net Income": -3
    },
    "2009-07-31": {
        "Diluted EPS": -0.35,
        "Total Revenue": 7,
        "Gross Profit": 6,
        "Operating Income": -2,
        "EBIT": -2,
        "Net Income": -2
    },
    "2009-04-30": {
        "Diluted EPS": -0.7,
        "Total Revenue": 8,
        "Gross Profit": 4,
        "Operating Income": -3,
        "EBIT": -3,
        "Net Income": -4
    },
    "2009-01-31": {
        "Diluted EPS": -0.49,
        "Total Revenue": 7,
        "Gross Profit": 3,
        "Operating Income": -3,
        "EBIT": -3,
        "Net Income": -3
    },
    "2023-07-31": {
        "Tax Effect Of Unusual Items": 0.0,
        "Tax Rate For Calcs": 0.21903,
        "Normalized EBITDA": -1905000.0,
        "Net Income From Continuing Operation Net Minority Interest": -2093000.0,
        "Reconciled Depreciation": 2649000.0,
        "Reconciled Cost Of Revenue": 33626000.0,
        "EBITDA": -1905000.0,
        "EBIT": -1905000.0,
        "Net Interest Income": -775000.0,
        "Interest Expense": 775000.0,
        "Normalized Income": -2093000.0,
        "Net Income From Continuing And Discontinued Operation": -2093000.0,
        "Total Expenses": 39889000.0,
        "Total Operating Income As Reported": -2163000.0,
        "Diluted Average Shares": 62838000.0,
        "Basic Average Shares": 62838000.0,
        "Diluted EPS": -0.03,
        "Basic EPS": -0.03,
        "Diluted NI Availto Com Stockholders": -2093000.0,
        "Net Income Common Stockholders": -2093000.0,
        "Net Income": -2093000.0,
        "Net Income Including Noncontrolling Interests": -2093000.0,
        "Net Income Continuous Operations": -2093000.0,
        "Tax Provision": -587000.0,
        "Pretax Income": -2680000.0,
        "Other Income Expense": 258000.0,
        "Other Non Operating Income Expenses": 258000.0,
        "Net Non Operating Interest Income Expense": -775000.0,
        "Interest Expense Non Operating": 775000.0,
        "Operating Income": -2163000.0,
        "Operating Expense": 6263000.0,
        "Selling General And Administration": 6263000.0,
        "Gross Profit": 4100000.0,
        "Cost Of Revenue": 33626000.0,
        "Total Revenue": 37726000.0,
        "Operating Revenue": 37726000.0
    }
}