{
    "2023-03-31": {
        "Tax Effect Of Unusual Items": 1470.0,
        "Tax Rate For Calcs": 0.21,
        "Normalized EBITDA": -19567000.0,
        "Total Unusual Items": 7000.0,
        "Total Unusual Items Excluding Goodwill": 7000.0,
        "Net Income From Continuing Operation Net Minority Interest": -23749000.0,
        "Reconciled Depreciation": 4764000.0,
        "Reconciled Cost Of Revenue": 25966000.0,
        "EBITDA": -19560000.0,
        "EBIT": -24324000.0,
        "Net Interest Income": 2666000.0,
        "Interest Income": 2666000.0,
        "Normalized Income": -23754530.0,
        "Net Income From Continuing And Discontinued Operation": -23749000.0,
        "Total Expenses": 101586000.0,
        "Total Operating Income As Reported": -24324000.0,
        "Diluted Average Shares": 53643216.0,
        "Basic Average Shares": 53643216.0,
        "Diluted EPS": -0.44,
        "Basic EPS": -0.44,
        "Diluted NI Availto Com Stockholders": -23749000.0,
        "Net Income Common Stockholders": -23749000.0,
        "Net Income": -23749000.0,
        "Net Income Including Noncontrolling Interests": -23749000.0,
        "Net Income Continuous Operations": -23749000.0,
        "Tax Provision": 124000.0,
        "Pretax Income": -23625000.0,
        "Other Income Expense": -1967000.0,
        "Other Non Operating Income Expenses": -1974000.0,
        "Special Income Charges": NaN,
        "Restructuring And Mergern Acquisition": NaN,
        "Gain On Sale Of Security": 7000.0,
        "Net Non Operating Interest Income Expense": 2666000.0,
        "Interest Income Non Operating": 2666000.0,
        "Operating Income": -24324000.0,
        "Operating Expense": 75620000.0,
        "Research And Development": 24357000.0,
        "Selling General And Administration": 51263000.0,
        "Selling And Marketing Expense": 23231000.0,
        "General And Administrative Expense": 28032000.0,
        "Other Gand A": 28032000.0,
        "Gross Profit": 51296000.0,
        "Cost Of Revenue": 25966000.0,
        "Total Revenue": 77262000.0,
        "Operating Revenue": 77262000.0
    },
    "2022-12-31": {
        "Tax Effect Of Unusual Items": 3780.0,
        "Tax Rate For Calcs": 0.21,
        "Normalized EBITDA": -14640000.0,
        "Total Unusual Items": 18000.0,
        "Total Unusual Items Excluding Goodwill": 18000.0,
        "Net Income From Continuing Operation Net Minority Interest": -18329000.0,
        "Reconciled Depreciation": 4498000.0,
        "Reconciled Cost Of Revenue": 29490000.0,
        "EBITDA": -14622000.0,
        "EBIT": -19120000.0,
        "Net Interest Income": 1870000.0,
        "Interest Income": 1870000.0,
        "Normalized Income": -18343220.0,
        "Net Income From Continuing And Discontinued Operation": -18329000.0,
        "Total Expenses": 101504000.0,
        "Total Operating Income As Reported": -19120000.0,
        "Diluted Average Shares": 53524637.0,
        "Basic Average Shares": 53524637.0,
        "Diluted EPS": -0.34,
        "Basic EPS": -0.34,
        "Diluted NI Availto Com Stockholders": -18329000.0,
        "Net Income Common Stockholders": -18329000.0,
        "Net Income": -18329000.0,
        "Net Income Including Noncontrolling Interests": -18329000.0,
        "Net Income Continuous Operations": -18329000.0,
        "Tax Provision": 173000.0,
        "Pretax Income": -18156000.0,
        "Other Income Expense": -906000.0,
        "Other Non Operating Income Expenses": -924000.0,
        "Special Income Charges": NaN,
        "Restructuring And Mergern Acquisition": NaN,
        "Gain On Sale Of Security": 18000.0,
        "Net Non Operating Interest Income Expense": 1870000.0,
        "Interest Income Non Operating": 1870000.0,
        "Operating Income": -19120000.0,
        "Operating Expense": 72014000.0,
        "Research And Development": 23570000.0,
        "Selling General And Administration": 48444000.0,
        "Selling And Marketing Expense": 23668000.0,
        "General And Administrative Expense": 24776000.0,
        "Other Gand A": 24776000.0,
        "Gross Profit": 52894000.0,
        "Cost Of Revenue": 29490000.0,
        "Total Revenue": 82384000.0,
        "Operating Revenue": 82384000.0
    },
    "2022-09-30": {
        "Tax Effect Of Unusual Items": 5600.0,
        "Tax Rate For Calcs": 0.4,
        "Normalized EBITDA": -13029000.0,
        "Total Unusual Items": 14000.0,
        "Total Unusual Items Excluding Goodwill": 14000.0,
        "Net Income From Continuing Operation Net Minority Interest": -16939000.0,
        "Reconciled Depreciation": 4324000.0,
        "Reconciled Cost Of Revenue": 28301000.0,
        "EBITDA": -13015000.0,
        "EBIT": -17339000.0,
        "Net Interest Income": 1225000.0,
        "Interest Income": 1225000.0,
        "Normalized Income": -16947400.0,
        "Net Income From Continuing And Discontinued Operation": -16939000.0,
        "Total Expenses": 96698000.0,
        "Total Operating Income As Reported": -17339000.0,
        "Diluted Average Shares": 53489418.0,
        "Basic Average Shares": 53489418.0,
        "Diluted EPS": -0.32,
        "Basic EPS": -0.32,
        "Diluted NI Availto Com Stockholders": -16939000.0,
        "Net Income Common Stockholders": -16939000.0,
        "Net Income": -16939000.0,
        "Net Income Including Noncontrolling Interests": -16939000.0,
        "Net Income Continuous Operations": -16939000.0,
        "Tax Provision": 267000.0,
        "Pretax Income": -16672000.0,
        "Other Income Expense": -558000.0,
        "Other Non Operating Income Expenses": -572000.0,
        "Special Income Charges": NaN,
        "Restructuring And Mergern Acquisition": NaN,
        "Gain On Sale Of Security": 14000.0,
        "Net Non Operating Interest Income Expense": 1225000.0,
        "Interest Income Non Operating": 1225000.0,
        "Operating Income": -17339000.0,
        "Operating Expense": 68397000.0,
        "Research And Development": 22306000.0,
        "Selling General And Administration": 46091000.0,
        "Selling And Marketing Expense": 22261000.0,
        "General And Administrative Expense": 23830000.0,
        "Other Gand A": 23830000.0,
        "Gross Profit": 51058000.0,
        "Cost Of Revenue": 28301000.0,
        "Total Revenue": 79359000.0,
        "Operating Revenue": 79359000.0
    },
    "2022-06-30": {
        "Tax Effect Of Unusual Items": 108.157822,
        "Tax Rate For Calcs": 0.002253,
        "Normalized EBITDA": -18116000.0,
        "Total Unusual Items": 48000.0,
        "Total Unusual Items Excluding Goodwill": 48000.0,
        "Net Income From Continuing Operation Net Minority Interest": -21697000.0,
        "Reconciled Depreciation": 3651000.0,
        "Reconciled Cost Of Revenue": 27539000.0,
        "EBITDA": -18068000.0,
        "EBIT": -21719000.0,
        "Net Interest Income": 478000.0,
        "Interest Income": 478000.0,
        "Normalized Income": -21744891.842178,
        "Net Income From Continuing And Discontinued Operation": -21697000.0,
        "Total Expenses": 102353000.0,
        "Total Operating Income As Reported": -21719000.0,
        "Diluted Average Shares": 53249545.0,
        "Basic Average Shares": 53249545.0,
        "Diluted EPS": -0.41,
        "Basic EPS": -0.41,
        "Diluted NI Availto Com Stockholders": -21697000.0,
        "Net Income Common Stockholders": -21697000.0,
        "Net Income": -21697000.0,
        "Net Income Including Noncontrolling Interests": -21697000.0,
        "Net Income Continuous Operations": -21697000.0,
        "Tax Provision": -49000.0,
        "Pretax Income": -21746000.0,
        "Other Income Expense": -505000.0,
        "Other Non Operating Income Expenses": -553000.0,
        "Special Income Charges": NaN,
        "Restructuring And Mergern Acquisition": NaN,
        "Gain On Sale Of Security": 48000.0,
        "Net Non Operating Interest Income Expense": 478000.0,
        "Interest Income Non Operating": 478000.0,
        "Operating Income": -21719000.0,
        "Operating Expense": 74814000.0,
        "Research And Development": 22632000.0,
        "Selling General And Administration": 52182000.0,
        "Selling And Marketing Expense": 26950000.0,
        "General And Administrative Expense": 25232000.0,
        "Other Gand A": 25232000.0,
        "Gross Profit": 53095000.0,
        "Cost Of Revenue": 27539000.0,
        "Total Revenue": 80634000.0,
        "Operating Revenue": 80634000.0
    },
    "2022-03-31": {
        "Diluted EPS": -0.37,
        "Total Revenue": 79,
        "Gross Profit": 53,
        "Operating Income": -19,
        "EBIT": -15,
        "Net Income": -20
    },
    "2021-12-31": {
        "Diluted EPS": -0.31,
        "Total Revenue": 79,
        "Gross Profit": 52,
        "Operating Income": -15,
        "EBIT": -12,
        "Net Income": -16
    },
    "2021-09-30": {
        "Diluted EPS": -0.23,
        "Total Revenue": 76,
        "Gross Profit": 51,
        "Operating Income": -9,
        "EBIT": -5,
        "Net Income": -12
    },
    "2021-06-30": {
        "Diluted EPS": -0.04,
        "Total Revenue": 74,
        "Gross Profit": 50,
        "Operating Income": -5,
        "EBIT": -1,
        "Net Income": -2
    },
    "2021-03-31": {
        "Diluted EPS": -0.01,
        "Total Revenue": 67,
        "Gross Profit": 46,
        "Operating Income": -1,
        "EBIT": 2,
        "Net Income": -1
    },
    "2020-12-31": {
        "Diluted EPS": -0.05,
        "Total Revenue": 59,
        "Gross Profit": 40,
        "Operating Income": -3,
        "EBIT": 0,
        "Net Income": -4
    },
    "2020-09-30": {
        "Diluted EPS": -0.06,
        "Total Revenue": 53,
        "Gross Profit": 37,
        "Operating Income": -3,
        "EBIT": 0,
        "Net Income": -3
    },
    "2020-06-30": {
        "Diluted EPS": -0.15,
        "Total Revenue": 42,
        "Gross Profit": 27,
        "Operating Income": -11,
        "EBIT": -9,
        "Net Income": -7
    },
    "2020-03-31": {
        "Diluted EPS": -0.14,
        "Total Revenue": 38,
        "Gross Profit": 26,
        "Operating Income": -6,
        "EBIT": -4,
        "Net Income": -6
    },
    "2019-12-31": {
        "Diluted EPS": -0.11,
        "Total Revenue": 36,
        "Gross Profit": 23,
        "Operating Income": -6,
        "EBIT": -3,
        "Net Income": -5
    },
    "2019-09-30": {
        "Diluted EPS": -0.04,
        "Total Revenue": 34,
        "Gross Profit": 22,
        "Operating Income": -7,
        "EBIT": -4,
        "Net Income": -2
    },
    "2019-06-30": {
        "Diluted EPS": -0.19,
        "Total Revenue": 31,
        "Gross Profit": 20,
        "Operating Income": -7,
        "EBIT": -6,
        "Net Income": -8
    },
    "2019-03-31": {
        "Diluted EPS": -0.18,
        "Total Revenue": 26,
        "Gross Profit": 16,
        "Operating Income": -5,
        "EBIT": -4,
        "Net Income": -8
    },
    "2018-12-31": {
        "Diluted EPS": -0.07,
        "Total Revenue": 24,
        "Gross Profit": 13,
        "Operating Income": -2,
        "EBIT": -1,
        "Net Income": -4
    },
    "2018-09-30": {
        "Diluted EPS": -0.54,
        "Total Revenue": 21,
        "Gross Profit": 12,
        "Operating Income": -3,
        "EBIT": -2,
        "Net Income": -20
    },
    "2018-06-30": {
        "Diluted EPS": -0.4,
        "Total Revenue": 18,
        "Gross Profit": 11,
        "Operating Income": -5,
        "EBIT": -4,
        "Net Income": -14
    },
    "2018-03-31": {
        "Diluted EPS": -0.3,
        "Total Revenue": 14,
        "Gross Profit": 8,
        "Operating Income": -5,
        "EBIT": -2,
        "Net Income": -9
    },
    "2017-12-31": {
        "Diluted EPS": -1.3,
        "Total Revenue": 13,
        "Gross Profit": 7,
        "Operating Income": -4,
        "EBIT": -3,
        "Net Income": -32
    },
    "2017-09-30": {
        "Diluted EPS": -0.63,
        "Total Revenue": 12,
        "Gross Profit": 7,
        "Operating Income": -4,
        "EBIT": -4,
        "Net Income": -14
    },
    "2017-06-30": {
        "Diluted EPS": -0.19,
        "Total Revenue": 12,
        "Gross Profit": 7,
        "Operating Income": -4,
        "EBIT": 1,
        "Net Income": -4
    },
    "2017-03-31": {
        "Diluted EPS": -0.26,
        "Total Revenue": 12,
        "Gross Profit": 6,
        "Operating Income": -9,
        "EBIT": -7,
        "Net Income": -6
    },
    "2016-12-31": {
        "Diluted EPS": -0.55,
        "Total Revenue": 11,
        "Gross Profit": 4,
        "Operating Income": -19,
        "EBIT": -17,
        "Net Income": -15
    },
    "2016-09-30": {
        "Diluted EPS": -0.26,
        "Total Revenue": 12,
        "Gross Profit": 7,
        "Operating Income": -5,
        "EBIT": -2,
        "Net Income": -4
    },
    "2016-06-30": {
        "Diluted EPS": -0.77,
        "Total Revenue": 11,
        "Gross Profit": 5,
        "Operating Income": -7,
        "EBIT": -5,
        "Net Income": -10
    },
    "2016-03-31": {
        "Diluted EPS": -0.81,
        "Total Revenue": 7,
        "Gross Profit": 4,
        "Operating Income": -7,
        "EBIT": -6,
        "Net Income": -10
    },
    "2015-12-31": {
        "Diluted EPS": -0.41,
        "Total Revenue": 7,
        "Gross Profit": 4,
        "Operating Income": -4,
        "EBIT": -4,
        "Net Income": -5
    },
    "2015-09-30": {
        "Diluted EPS": -0.29,
        "Total Revenue": 7,
        "Gross Profit": 5,
        "Operating Income": -3,
        "EBIT": -3,
        "Net Income": -3
    },
    "2015-06-30": {
        "Diluted EPS": -0.27,
        "Total Revenue": 7,
        "Gross Profit": 5,
        "Operating Income": -3,
        "EBIT": -3,
        "Net Income": -3
    },
    "2015-03-31": {
        "Diluted EPS": -0.19,
        "Total Revenue": 7,
        "Gross Profit": 5,
        "Operating Income": -1,
        "EBIT": -1,
        "Net Income": -2
    },
    "2014-12-31": {
        "Diluted EPS": 1.14,
        "Total Revenue": 8,
        "Gross Profit": 6,
        "Operating Income": 0,
        "EBIT": 0,
        "Net Income": 0
    },
    "2014-09-30": {
        "Diluted EPS": 0.12,
        "Total Revenue": 7,
        "Gross Profit": 5,
        "Operating Income": 1,
        "EBIT": 2,
        "Net Income": 1
    },
    "2014-06-30": {
        "Diluted EPS": 0.13,
        "Total Revenue": 7,
        "Gross Profit": 4,
        "Operating Income": 0,
        "EBIT": 0,
        "Net Income": 1
    },
    "2014-03-31": {
        "Diluted EPS": -1.29,
        "Total Revenue": 6,
        "Gross Profit": 4,
        "Operating Income": 0,
        "EBIT": 0,
        "Net Income": -1
    },
    "2013-12-31": {
        "Diluted EPS": -0.56,
        "Total Revenue": 6,
        "Gross Profit": 4,
        "Operating Income": 0,
        "EBIT": 1,
        "Net Income": -1
    },
    "2013-09-30": {
        "Diluted EPS": -0.82,
        "Total Revenue": 6,
        "Gross Profit": 3,
        "Operating Income": 0,
        "EBIT": 0,
        "Net Income": -1
    },
    "2013-06-30": {
        "Diluted EPS": -0.79,
        "Total Revenue": 5,
        "Gross Profit": 3,
        "Operating Income": 0,
        "EBIT": 0,
        "Net Income": -1
    },
    "2013-03-31": {
        "Diluted EPS": -1.33,
        "Total Revenue": 5,
        "Gross Profit": 3,
        "Operating Income": -1,
        "EBIT": 0,
        "Net Income": -1
    },
    "2012-12-31": {
        "Diluted EPS": 0.0,
        "Total Revenue": NaN,
        "Gross Profit": NaN,
        "Operating Income": NaN,
        "EBIT": NaN,
        "Net Income": NaN
    },
    "2023-06-30": {
        "Tax Effect Of Unusual Items": -2296.470964,
        "Tax Rate For Calcs": 0.002718,
        "Normalized EBITDA": -20950000.0,
        "Total Unusual Items": -845000.0,
        "Total Unusual Items Excluding Goodwill": -845000.0,
        "Net Income From Continuing Operation Net Minority Interest": -24953000.0,
        "Reconciled Depreciation": 4981000.0,
        "Reconciled Cost Of Revenue": 25887000.0,
        "EBITDA": -21795000.0,
        "EBIT": -26776000.0,
        "Net Interest Income": 2871000.0,
        "Interest Income": 2871000.0,
        "Normalized Income": -24110296.470964,
        "Net Income From Continuing And Discontinued Operation": -24953000.0,
        "Total Expenses": 97077000.0,
        "Total Operating Income As Reported": -27624000.0,
        "Diluted Average Shares": 53846260.0,
        "Basic Average Shares": 53846260.0,
        "Diluted EPS": -0.46,
        "Basic EPS": -0.46,
        "Diluted NI Availto Com Stockholders": -24953000.0,
        "Net Income Common Stockholders": -24953000.0,
        "Net Income": -24953000.0,
        "Net Income Including Noncontrolling Interests": -24953000.0,
        "Net Income Continuous Operations": -24953000.0,
        "Tax Provision": -68000.0,
        "Pretax Income": -25021000.0,
        "Other Income Expense": -1116000.0,
        "Other Non Operating Income Expenses": -271000.0,
        "Special Income Charges": -848000.0,
        "Restructuring And Mergern Acquisition": 848000.0,
        "Gain On Sale Of Security": 3000.0,
        "Net Non Operating Interest Income Expense": 2871000.0,
        "Interest Income Non Operating": 2871000.0,
        "Operating Income": -26776000.0,
        "Operating Expense": 71190000.0,
        "Research And Development": 20233000.0,
        "Selling General And Administration": 50957000.0,
        "Selling And Marketing Expense": 21630000.0,
        "General And Administrative Expense": 29327000.0,
        "Other Gand A": 29327000.0,
        "Gross Profit": 44414000.0,
        "Cost Of Revenue": 25887000.0,
        "Total Revenue": 70301000.0,
        "Operating Revenue": 70301000.0
    },
    "2023-09-30": {
        "Tax Effect Of Unusual Items": 0.0,
        "Tax Rate For Calcs": 0.003395,
        "Normalized EBITDA": -23753000.0,
        "Total Unusual Items": 0.0,
        "Total Unusual Items Excluding Goodwill": 0.0,
        "Net Income From Continuing Operation Net Minority Interest": -23485000.0,
        "Reconciled Depreciation": 5030000.0,
        "Reconciled Cost Of Revenue": 24533000.0,
        "EBITDA": -23753000.0,
        "EBIT": -28783000.0,
        "Net Interest Income": 3171000.0,
        "Interest Income": 3171000.0,
        "Normalized Income": -23485000.0,
        "Net Income From Continuing And Discontinued Operation": -23485000.0,
        "Total Expenses": 95975000.0,
        "Total Operating Income As Reported": -28783000.0,
        "Diluted Average Shares": 54178759.0,
        "Basic Average Shares": 54178759.0,
        "Diluted EPS": -0.43,
        "Basic EPS": -0.43,
        "Diluted NI Availto Com Stockholders": -23485000.0,
        "Net Income Common Stockholders": -23485000.0,
        "Net Income": -23485000.0,
        "Net Income Including Noncontrolling Interests": -23485000.0,
        "Net Income Continuous Operations": -23485000.0,
        "Tax Provision": -80000.0,
        "Pretax Income": -23565000.0,
        "Other Income Expense": 2047000.0,
        "Other Non Operating Income Expenses": 2047000.0,
        "Special Income Charges": 0.0,
        "Restructuring And Mergern Acquisition": 0.0,
        "Gain On Sale Of Security": NaN,
        "Net Non Operating Interest Income Expense": 3171000.0,
        "Interest Income Non Operating": 3171000.0,
        "Operating Income": -28783000.0,
        "Operating Expense": 71442000.0,
        "Research And Development": 19000000.0,
        "Selling General And Administration": 52442000.0,
        "Selling And Marketing Expense": 18474000.0,
        "General And Administrative Expense": 33968000.0,
        "Other Gand A": 33968000.0,
        "Gross Profit": 42659000.0,
        "Cost Of Revenue": 24533000.0,
        "Total Revenue": 67192000.0,
        "Operating Revenue": 67192000.0
    },
    "2023-12-31": {
        "Tax Effect Of Unusual Items": -20532120.0,
        "Tax Rate For Calcs": 0.21,
        "Normalized EBITDA": 77961000.0,
        "Total Unusual Items": -97772000.0,
        "Total Unusual Items Excluding Goodwill": -97772000.0,
        "Net Income From Continuing Operation Net Minority Interest": -118097000.0,
        "Reconciled Depreciation": 5049000.0,
        "Reconciled Cost Of Revenue": 25613000.0,
        "EBITDA": -19811000.0,
        "EBIT": -24860000.0,
        "Net Interest Income": 3159000.0,
        "Interest Income": 3159000.0,
        "Normalized Income": -40857120.0,
        "Net Income From Continuing And Discontinued Operation": -118097000.0,
        "Total Expenses": 90429000.0,
        "Total Operating Income As Reported": -122632000.0,
        "Diluted Average Shares": NaN,
        "Basic Average Shares": NaN,
        "Diluted EPS": NaN,
        "Basic EPS": NaN,
        "Diluted NI Availto Com Stockholders": -118097000.0,
        "Net Income Common Stockholders": -118097000.0,
        "Net Income": -118097000.0,
        "Net Income Including Noncontrolling Interests": -118097000.0,
        "Net Income Continuous Operations": -118097000.0,
        "Tax Provision": 165000.0,
        "Pretax Income": -117932000.0,
        "Other Income Expense": -96231000.0,
        "Other Non Operating Income Expenses": 1541000.0,
        "Special Income Charges": -97772000.0,
        "Restructuring And Mergern Acquisition": 1472000.0,
        "Gain On Sale Of Security": 0.0,
        "Net Non Operating Interest Income Expense": 3159000.0,
        "Interest Income Non Operating": 3159000.0,
        "Operating Income": -24860000.0,
        "Operating Expense": 64816000.0,
        "Research And Development": 18276000.0,
        "Selling General And Administration": 46540000.0,
        "Selling And Marketing Expense": 19999000.0,
        "General And Administrative Expense": 26541000.0,
        "Other Gand A": 26541000.0,
        "Gross Profit": 39956000.0,
        "Cost Of Revenue": 25613000.0,
        "Total Revenue": 65569000.0,
        "Operating Revenue": 65569000.0
    }
}