{
    "2023-06-30": {
        "Tax Effect Of Unusual Items": 639989.0,
        "Tax Rate For Calcs": 0.259,
        "Normalized EBITDA": 338711000.0,
        "Total Unusual Items": 2471000.0,
        "Total Unusual Items Excluding Goodwill": 2471000.0,
        "Net Income From Continuing Operation Net Minority Interest": 221120000.0,
        "Reconciled Depreciation": 33881000.0,
        "Reconciled Cost Of Revenue": 67261000.0,
        "EBIT": 307301000.0,
        "Net Interest Income": -1450000.0,
        "Interest Expense": 8877000.0,
        "Interest Income": 7427000.0,
        "Normalized Income": 219288989.0,
        "Net Income From Continuing And Discontinued Operation": 221120000.0,
        "Total Expenses": 677233000.0,
        "Total Operating Income As Reported": 299328000.0,
        "Diluted Average Shares": 272996000.0,
        "Basic Average Shares": 269714000.0,
        "Diluted EPS": 0.81,
        "Basic EPS": 0.82,
        "Diluted NI Availto Com Stockholders": 221120000.0,
        "Net Income Common Stockholders": 221120000.0,
        "Net Income": 221120000.0,
        "Net Income Including Noncontrolling Interests": 221120000.0,
        "Net Income Continuous Operations": 221120000.0,
        "Tax Provision": 77304000.0,
        "Pretax Income": 298424000.0,
        "Other Income Expense": 546000.0,
        "Other Non Operating Income Expenses": -1925000.0,
        "Special Income Charges": -1041000.0,
        "Other Special Charges": 1041000.0,
        "Restructuring And Mergern Acquisition": 0.0,
        "Gain On Sale Of Security": 3512000.0,
        "Net Non Operating Interest Income Expense": -1450000.0,
        "Interest Expense Non Operating": 8877000.0,
        "Interest Income Non Operating": 7427000.0,
        "Operating Income": 299346000.0,
        "Operating Expense": 580393000.0,
        "Depreciation Amortization Depletion Income Statement": 4302000.0,
        "Depreciation And Amortization In Income Statement": 4302000.0,
        "Amortization": 4302000.0,
        "Amortization Of Intangibles Income Statement": 4302000.0,
        "Research And Development": 354416000.0,
        "Selling General And Administration": 221675000.0,
        "Selling And Marketing Expense": 167070000.0,
        "General And Administrative Expense": 54605000.0,
        "Other Gand A": 54605000.0,
        "Gross Profit": 879739000.0,
        "Cost Of Revenue": 96840000.0,
        "Total Revenue": 976579000.0,
        "Operating Revenue": 976579000.0
    },
    "2023-03-31": {
        "Tax Effect Of Unusual Items": 0.0,
        "Tax Rate For Calcs": 0.247858,
        "Normalized EBITDA": 363755000.0,
        "Total Unusual Items": 0.0,
        "Total Unusual Items Excluding Goodwill": 0.0,
        "Net Income From Continuing Operation Net Minority Interest": 241804000.0,
        "Reconciled Depreciation": 33008000.0,
        "Reconciled Cost Of Revenue": 95731000.0,
        "EBIT": 330747000.0,
        "Net Interest Income": -9260000.0,
        "Interest Expense": 9260000.0,
        "Interest Income": NaN,
        "Normalized Income": 241804000.0,
        "Net Income From Continuing And Discontinued Operation": 241804000.0,
        "Total Expenses": 699227000.0,
        "Total Operating Income As Reported": 322463000.0,
        "Diluted Average Shares": 273159000.0,
        "Basic Average Shares": 269501000.0,
        "Diluted EPS": 0.89,
        "Basic EPS": 0.9,
        "Diluted NI Availto Com Stockholders": 241804000.0,
        "Net Income Common Stockholders": 241804000.0,
        "Net Income": 241804000.0,
        "Net Income Including Noncontrolling Interests": 241804000.0,
        "Net Income Continuous Operations": 241804000.0,
        "Tax Provision": 79683000.0,
        "Pretax Income": 321487000.0,
        "Other Income Expense": 8284000.0,
        "Other Non Operating Income Expenses": 8284000.0,
        "Special Income Charges": 0.0,
        "Other Special Charges": NaN,
        "Restructuring And Mergern Acquisition": 0.0,
        "Gain On Sale Of Security": NaN,
        "Net Non Operating Interest Income Expense": -9260000.0,
        "Interest Expense Non Operating": 9260000.0,
        "Interest Income Non Operating": NaN,
        "Operating Income": 322463000.0,
        "Operating Expense": 574755000.0,
        "Depreciation Amortization Depletion Income Statement": 4267000.0,
        "Depreciation And Amortization In Income Statement": 4267000.0,
        "Amortization": 4267000.0,
        "Amortization Of Intangibles Income Statement": 4267000.0,
        "Research And Development": 350295000.0,
        "Selling General And Administration": 220193000.0,
        "Selling And Marketing Expense": 166666000.0,
        "General And Administrative Expense": 53527000.0,
        "Other Gand A": 53527000.0,
        "Gross Profit": 897218000.0,
        "Cost Of Revenue": 124472000.0,
        "Total Revenue": 1021690000.0,
        "Operating Revenue": 1021690000.0
    },
    "2022-12-31": {
        "Tax Effect Of Unusual Items": -5200.0,
        "Tax Rate For Calcs": 0.4,
        "Normalized EBITDA": 224547000.0,
        "Total Unusual Items": -13000.0,
        "Total Unusual Items Excluding Goodwill": -13000.0,
        "Net Income From Continuing Operation Net Minority Interest": 240392000.0,
        "Reconciled Depreciation": 4927000.0,
        "Reconciled Cost Of Revenue": 93515000.0,
        "EBIT": 219607000.0,
        "Net Interest Income": -9082000.0,
        "Interest Expense": 9082000.0,
        "Interest Income": NaN,
        "Normalized Income": 240399800.0,
        "Net Income From Continuing And Discontinued Operation": 240392000.0,
        "Total Expenses": 688747000.0,
        "Total Operating Income As Reported": 211117000.0,
        "Diluted Average Shares": 272995000.0,
        "Basic Average Shares": 269710000.0,
        "Diluted EPS": 0.88,
        "Basic EPS": 0.89,
        "Diluted NI Availto Com Stockholders": 240392000.0,
        "Net Income Common Stockholders": 240392000.0,
        "Net Income": 240392000.0,
        "Net Income Including Noncontrolling Interests": 240392000.0,
        "Net Income Continuous Operations": 240392000.0,
        "Tax Provision": -29867000.0,
        "Pretax Income": 210525000.0,
        "Other Income Expense": 8477000.0,
        "Other Non Operating Income Expenses": 8490000.0,
        "Special Income Charges": -13000.0,
        "Other Special Charges": NaN,
        "Restructuring And Mergern Acquisition": 13000.0,
        "Gain On Sale Of Security": NaN,
        "Net Non Operating Interest Income Expense": -9082000.0,
        "Interest Expense Non Operating": 9082000.0,
        "Interest Income Non Operating": NaN,
        "Operating Income": 211130000.0,
        "Operating Expense": 595232000.0,
        "Depreciation Amortization Depletion Income Statement": 4927000.0,
        "Depreciation And Amortization In Income Statement": 4927000.0,
        "Amortization": 4927000.0,
        "Amortization Of Intangibles Income Statement": 4927000.0,
        "Research And Development": 350423000.0,
        "Selling General And Administration": 239882000.0,
        "Selling And Marketing Expense": 171817000.0,
        "General And Administrative Expense": 68065000.0,
        "Other Gand A": 68065000.0,
        "Gross Profit": 806362000.0,
        "Cost Of Revenue": 93515000.0,
        "Total Revenue": 899877000.0,
        "Operating Revenue": 899877000.0
    },
    "2022-09-30": {
        "Tax Effect Of Unusual Items": -3654.0,
        "Tax Rate For Calcs": 0.261,
        "Normalized EBITDA": 285612000.0,
        "Total Unusual Items": -14000.0,
        "Total Unusual Items Excluding Goodwill": -14000.0,
        "Net Income From Continuing Operation Net Minority Interest": 186305000.0,
        "Reconciled Depreciation": 27863000.0,
        "Reconciled Cost Of Revenue": 63683000.0,
        "EBIT": 257735000.0,
        "Net Interest Income": -5463000.0,
        "Interest Expense": 5463000.0,
        "Interest Income": NaN,
        "Normalized Income": 186315346.0,
        "Net Income From Continuing And Discontinued Operation": 186305000.0,
        "Total Expenses": 641788000.0,
        "Total Operating Income As Reported": 260752000.0,
        "Diluted Average Shares": 274957000.0,
        "Basic Average Shares": 271131000.0,
        "Diluted EPS": 0.68,
        "Basic EPS": 0.69,
        "Diluted NI Availto Com Stockholders": 186305000.0,
        "Net Income Common Stockholders": 186305000.0,
        "Net Income": 186305000.0,
        "Net Income Including Noncontrolling Interests": 186305000.0,
        "Net Income Continuous Operations": 186305000.0,
        "Tax Provision": 65967000.0,
        "Pretax Income": 252272000.0,
        "Other Income Expense": -3031000.0,
        "Other Non Operating Income Expenses": -3017000.0,
        "Special Income Charges": -14000.0,
        "Other Special Charges": NaN,
        "Restructuring And Mergern Acquisition": 14000.0,
        "Gain On Sale Of Security": NaN,
        "Net Non Operating Interest Income Expense": -5463000.0,
        "Interest Expense Non Operating": 5463000.0,
        "Interest Income Non Operating": NaN,
        "Operating Income": 260766000.0,
        "Operating Expense": 554188000.0,
        "Depreciation Amortization Depletion Income Statement": 3946000.0,
        "Depreciation And Amortization In Income Statement": 3946000.0,
        "Amortization": 3946000.0,
        "Amortization Of Intangibles Income Statement": 3946000.0,
        "Research And Development": 323629000.0,
        "Selling General And Administration": 226613000.0,
        "Selling And Marketing Expense": 152925000.0,
        "General And Administrative Expense": 73688000.0,
        "Other Gand A": 73688000.0,
        "Gross Profit": 814954000.0,
        "Cost Of Revenue": 87600000.0,
        "Total Revenue": 902554000.0,
        "Operating Revenue": 902554000.0
    },
    "2022-06-30": {
        "Tax Effect Of Unusual Items": -5030.7176,
        "Tax Rate For Calcs": 0.31442,
        "Normalized EBITDA": 281575000.0,
        "Total Unusual Items": -16000.0,
        "Total Unusual Items Excluding Goodwill": -16000.0,
        "Net Income From Continuing Operation Net Minority Interest": 186920000.0,
        "Reconciled Depreciation": 4633000.0,
        "Reconciled Cost Of Revenue": 92665000.0,
        "EBIT": 276926000.0,
        "Net Interest Income": -4281000.0,
        "Interest Expense": 4281000.0,
        "Interest Income": NaN,
        "Normalized Income": 186930969.2824,
        "Net Income From Continuing And Discontinued Operation": 186920000.0,
        "Total Expenses": 574617000.0,
        "Total Operating Income As Reported": 282888000.0,
        "Diluted Average Shares": 275172000.0,
        "Basic Average Shares": 271520000.0,
        "Diluted EPS": 0.68,
        "Basic EPS": 0.69,
        "Diluted NI Availto Com Stockholders": 186920000.0,
        "Net Income Common Stockholders": 186920000.0,
        "Net Income": 186920000.0,
        "Net Income Including Noncontrolling Interests": 186920000.0,
        "Net Income Continuous Operations": 186920000.0,
        "Tax Provision": 85725000.0,
        "Pretax Income": 272645000.0,
        "Other Income Expense": -5978000.0,
        "Other Non Operating Income Expenses": -5962000.0,
        "Special Income Charges": -16000.0,
        "Other Special Charges": NaN,
        "Restructuring And Mergern Acquisition": 16000.0,
        "Gain On Sale Of Security": NaN,
        "Net Non Operating Interest Income Expense": -4281000.0,
        "Interest Expense Non Operating": 4281000.0,
        "Interest Income Non Operating": NaN,
        "Operating Income": 282904000.0,
        "Operating Expense": 481952000.0,
        "Depreciation Amortization Depletion Income Statement": 4633000.0,
        "Depreciation And Amortization In Income Statement": 4633000.0,
        "Amortization": 4633000.0,
        "Amortization Of Intangibles Income Statement": 4633000.0,
        "Research And Development": 286597000.0,
        "Selling General And Administration": 190722000.0,
        "Selling And Marketing Expense": 139296000.0,
        "General And Administrative Expense": 51426000.0,
        "Other Gand A": 51426000.0,
        "Gross Profit": 764856000.0,
        "Cost Of Revenue": 92665000.0,
        "Total Revenue": 857521000.0,
        "Operating Revenue": 857521000.0
    },
    "2022-03-31": {
        "Diluted EPS": 0.85,
        "Total Revenue": 902,
        "Gross Profit": 804,
        "Operating Income": 319,
        "EBIT": 354,
        "Net Income": 235
    },
    "2021-12-31": {
        "Diluted EPS": 0.64,
        "Total Revenue": 773,
        "Gross Profit": 703,
        "Operating Income": 196,
        "EBIT": 231,
        "Net Income": 177
    },
    "2021-09-30": {
        "Diluted EPS": 0.63,
        "Total Revenue": 751,
        "Gross Profit": 674,
        "Operating Income": 194,
        "EBIT": 229,
        "Net Income": 176
    },
    "2021-06-30": {
        "Diluted EPS": 0.56,
        "Total Revenue": 728,
        "Gross Profit": 652,
        "Operating Income": 185,
        "EBIT": 221,
        "Net Income": 156
    },
    "2021-03-31": {
        "Diluted EPS": 0.67,
        "Total Revenue": 736,
        "Gross Profit": 652,
        "Operating Income": 204,
        "EBIT": 240,
        "Net Income": 187
    },
    "2020-12-31": {
        "Diluted EPS": 0.62,
        "Total Revenue": 760,
        "Gross Profit": 686,
        "Operating Income": 185,
        "EBIT": 224,
        "Net Income": 174
    },
    "2020-09-30": {
        "Diluted EPS": 0.58,
        "Total Revenue": 667,
        "Gross Profit": 584,
        "Operating Income": 169,
        "EBIT": 207,
        "Net Income": 162
    },
    "2020-06-30": {
        "Diluted EPS": 0.47,
        "Total Revenue": 638,
        "Gross Profit": 563,
        "Operating Income": 152,
        "EBIT": 189,
        "Net Income": 131
    },
    "2020-03-31": {
        "Diluted EPS": 0.44,
        "Total Revenue": 618,
        "Gross Profit": 543,
        "Operating Income": 139,
        "EBIT": 173,
        "Net Income": 124
    },
    "2019-12-31": {
        "Diluted EPS": 2.36,
        "Total Revenue": 600,
        "Gross Profit": 526,
        "Operating Income": 109,
        "EBIT": 141,
        "Net Income": 660
    },
    "2019-09-30": {
        "Diluted EPS": 0.36,
        "Total Revenue": 580,
        "Gross Profit": 519,
        "Operating Income": 121,
        "EBIT": 151,
        "Net Income": 102
    },
    "2019-06-30": {
        "Diluted EPS": 0.38,
        "Total Revenue": 580,
        "Gross Profit": 519,
        "Operating Income": 134,
        "EBIT": 165,
        "Net Income": 107
    },
    "2019-03-31": {
        "Diluted EPS": 0.43,
        "Total Revenue": 577,
        "Gross Profit": 506,
        "Operating Income": 128,
        "EBIT": 158,
        "Net Income": 121
    },
    "2018-12-31": {
        "Diluted EPS": 0.35,
        "Total Revenue": 570,
        "Gross Profit": 494,
        "Operating Income": 114,
        "EBIT": 144,
        "Net Income": 98
    },
    "2018-09-30": {
        "Diluted EPS": 0.35,
        "Total Revenue": 532,
        "Gross Profit": 472,
        "Operating Income": 104,
        "EBIT": 134,
        "Net Income": 99
    },
    "2018-06-30": {
        "Diluted EPS": 0.27,
        "Total Revenue": 518,
        "Gross Profit": 459,
        "Operating Income": 93,
        "EBIT": 123,
        "Net Income": 75
    },
    "2018-03-31": {
        "Diluted EPS": 0.26,
        "Total Revenue": 517,
        "Gross Profit": 454,
        "Operating Income": 86,
        "EBIT": 116,
        "Net Income": 73
    },
    "2017-12-31": {
        "Diluted EPS": -0.06,
        "Total Revenue": 502,
        "Gross Profit": 441,
        "Operating Income": 81,
        "EBIT": 110,
        "Net Income": -14
    },
    "2017-09-30": {
        "Diluted EPS": 0.29,
        "Total Revenue": 485,
        "Gross Profit": 431,
        "Operating Income": 80,
        "EBIT": 109,
        "Net Income": 81
    },
    "2017-06-30": {
        "Diluted EPS": 0.25,
        "Total Revenue": 479,
        "Gross Profit": 418,
        "Operating Income": 83,
        "EBIT": 112,
        "Net Income": 69
    },
    "2017-03-31": {
        "Diluted EPS": 0.25,
        "Total Revenue": 477,
        "Gross Profit": 415,
        "Operating Income": 80,
        "EBIT": 109,
        "Net Income": 68
    },
    "2016-12-31": {
        "Diluted EPS": 0.13,
        "Total Revenue": 469,
        "Gross Profit": 393,
        "Operating Income": 53,
        "EBIT": 83,
        "Net Income": 38
    },
    "2016-09-30": {
        "Diluted EPS": 0.23,
        "Total Revenue": 446,
        "Gross Profit": 390,
        "Operating Income": 67,
        "EBIT": 94,
        "Net Income": 65
    },
    "2016-06-30": {
        "Diluted EPS": 0.17,
        "Total Revenue": 453,
        "Gross Profit": 391,
        "Operating Income": 67,
        "EBIT": 99,
        "Net Income": 49
    },
    "2016-03-31": {
        "Diluted EPS": 0.17,
        "Total Revenue": 448,
        "Gross Profit": 386,
        "Operating Income": 58,
        "EBIT": 90,
        "Net Income": 51
    },
    "2015-12-31": {
        "Diluted EPS": 0.25,
        "Total Revenue": 441,
        "Gross Profit": 380,
        "Operating Income": 82,
        "EBIT": 112,
        "Net Income": 80
    },
    "2015-09-30": {
        "Diluted EPS": 0.25,
        "Total Revenue": 434,
        "Gross Profit": 369,
        "Operating Income": 78,
        "EBIT": 107,
        "Net Income": 78
    },
    "2015-06-30": {
        "Diluted EPS": 0.19,
        "Total Revenue": 416,
        "Gross Profit": 364,
        "Operating Income": 76,
        "EBIT": 109,
        "Net Income": 58
    },
    "2015-03-31": {
        "Diluted EPS": 0.12,
        "Total Revenue": 411,
        "Gross Profit": 351,
        "Operating Income": 49,
        "EBIT": 85,
        "Net Income": 36
    },
    "2014-12-31": {
        "Diluted EPS": 0.21,
        "Total Revenue": 423,
        "Gross Profit": 365,
        "Operating Income": 75,
        "EBIT": 112,
        "Net Income": 65
    },
    "2014-09-30": {
        "Diluted EPS": 0.12,
        "Total Revenue": 400,
        "Gross Profit": 346,
        "Operating Income": 54,
        "EBIT": 90,
        "Net Income": 38
    },
    "2014-06-30": {
        "Diluted EPS": 0.08,
        "Total Revenue": 379,
        "Gross Profit": 324,
        "Operating Income": 35,
        "EBIT": 68,
        "Net Income": 23
    },
    "2014-03-31": {
        "Diluted EPS": 0.11,
        "Total Revenue": 379,
        "Gross Profit": 321,
        "Operating Income": 42,
        "EBIT": 73,
        "Net Income": 33
    },
    "2013-12-31": {
        "Diluted EPS": 0.13,
        "Total Revenue": 377,
        "Gross Profit": 318,
        "Operating Income": 38,
        "EBIT": 70,
        "Net Income": 38
    },
    "2013-09-30": {
        "Diluted EPS": 0.13,
        "Total Revenue": 367,
        "Gross Profit": 317,
        "Operating Income": 48,
        "EBIT": 80,
        "Net Income": 39
    },
    "2013-06-30": {
        "Diluted EPS": 0.03,
        "Total Revenue": 362,
        "Gross Profit": 319,
        "Operating Income": 45,
        "EBIT": 77,
        "Net Income": 9
    },
    "2013-03-31": {
        "Diluted EPS": 0.27,
        "Total Revenue": 354,
        "Gross Profit": 306,
        "Operating Income": 58,
        "EBIT": 86,
        "Net Income": 79
    },
    "2012-12-31": {
        "Diluted EPS": 1.12,
        "Total Revenue": 346,
        "Gross Profit": 302,
        "Operating Income": 56,
        "EBIT": 84,
        "Net Income": 314
    },
    "2012-09-30": {
        "Diluted EPS": 0.21,
        "Total Revenue": 339,
        "Gross Profit": 287,
        "Operating Income": 59,
        "EBIT": 89,
        "Net Income": 59
    },
    "2012-06-30": {
        "Diluted EPS": 0.13,
        "Total Revenue": 326,
        "Gross Profit": 277,
        "Operating Income": 51,
        "EBIT": 78,
        "Net Income": 36
    },
    "2012-03-31": {
        "Diluted EPS": 0.11,
        "Total Revenue": 316,
        "Gross Profit": 269,
        "Operating Income": 45,
        "EBIT": 73,
        "Net Income": 31
    },
    "2011-12-31": {
        "Diluted EPS": 0.05,
        "Total Revenue": 308,
        "Gross Profit": 259,
        "Operating Income": 46,
        "EBIT": 76,
        "Net Income": 11
    },
    "2011-09-30": {
        "Diluted EPS": 0.1,
        "Total Revenue": 292,
        "Gross Profit": 243,
        "Operating Income": 32,
        "EBIT": 62,
        "Net Income": 28
    },
    "2011-06-30": {
        "Diluted EPS": 0.1,
        "Total Revenue": 283,
        "Gross Profit": 232,
        "Operating Income": 25,
        "EBIT": 56,
        "Net Income": 27
    },
    "2011-03-31": {
        "Diluted EPS": 0.02,
        "Total Revenue": 266,
        "Gross Profit": 221,
        "Operating Income": 18,
        "EBIT": 48,
        "Net Income": 6
    },
    "2010-12-31": {
        "Diluted EPS": -0.14,
        "Total Revenue": 249,
        "Gross Profit": 210,
        "Operating Income": -26,
        "EBIT": 5,
        "Net Income": -37
    },
    "2010-09-30": {
        "Diluted EPS": 0.48,
        "Total Revenue": 238,
        "Gross Profit": 198,
        "Operating Income": -3,
        "EBIT": 27,
        "Net Income": 127
    },
    "2010-06-30": {
        "Diluted EPS": 0.18,
        "Total Revenue": 227,
        "Gross Profit": 188,
        "Operating Income": 5,
        "EBIT": 31,
        "Net Income": 49
    },
    "2010-03-31": {
        "Diluted EPS": -0.04,
        "Total Revenue": 222,
        "Gross Profit": 183,
        "Operating Income": -5,
        "EBIT": 22,
        "Net Income": -12
    },
    "2009-12-31": {
        "Diluted EPS": 0.01,
        "Total Revenue": 220,
        "Gross Profit": 180,
        "Operating Income": -11,
        "EBIT": 16,
        "Net Income": 2
    },
    "2009-09-30": {
        "Diluted EPS": -0.05,
        "Total Revenue": 216,
        "Gross Profit": 177,
        "Operating Income": -10,
        "EBIT": 16,
        "Net Income": -14
    },
    "2009-06-30": {
        "Diluted EPS": -0.29,
        "Total Revenue": 210,
        "Gross Profit": 164,
        "Operating Income": -54,
        "EBIT": -25,
        "Net Income": -74
    },
    "2009-03-31": {
        "Diluted EPS": -0.25,
        "Total Revenue": 206,
        "Gross Profit": 162,
        "Operating Income": -48,
        "EBIT": -17,
        "Net Income": -63
    }
}