{
    "2023-03-31": {
        "Tax Effect Of Unusual Items": 0.0,
        "Tax Rate For Calcs": 0.296,
        "Normalized EBITDA": 15845000.0,
        "Total Unusual Items": 0.0,
        "Total Unusual Items Excluding Goodwill": 0.0,
        "Net Income From Continuing Operation Net Minority Interest": 7002000.0,
        "Reconciled Depreciation": 4261000.0,
        "Reconciled Cost Of Revenue": 65130000.0,
        "EBITDA": 15845000.0,
        "EBIT": 11584000.0,
        "Net Interest Income": -1641000.0,
        "Interest Expense": 1641000.0,
        "Normalized Income": 7002000.0,
        "Net Income From Continuing And Discontinued Operation": 7002000.0,
        "Total Expenses": 100528000.0,
        "Total Operating Income As Reported": 11220000.0,
        "Diluted Average Shares": 37629498.0,
        "Basic Average Shares": 37373529.0,
        "Diluted EPS": 0.19,
        "Basic EPS": 0.19,
        "Diluted NI Availto Com Stockholders": 7002000.0,
        "Net Income Common Stockholders": 7002000.0,
        "Net Income": 7002000.0,
        "Net Income Including Noncontrolling Interests": 7002000.0,
        "Net Income Continuous Operations": 7002000.0,
        "Tax Provision": 2941000.0,
        "Pretax Income": 9943000.0,
        "Other Income Expense": 364000.0,
        "Other Non Operating Income Expenses": 364000.0,
        "Special Income Charges": 0.0,
        "Restructuring And Mergern Acquisition": 0.0,
        "Net Non Operating Interest Income Expense": -1641000.0,
        "Interest Expense Non Operating": 1641000.0,
        "Operating Income": 11220000.0,
        "Operating Expense": 35398000.0,
        "Other Operating Expenses": 148000.0,
        "Selling General And Administration": 35250000.0,
        "Gross Profit": 46618000.0,
        "Cost Of Revenue": 65130000.0,
        "Total Revenue": 111748000.0,
        "Operating Revenue": 111748000.0
    },
    "2022-12-31": {
        "Tax Effect Of Unusual Items": -204750.0,
        "Tax Rate For Calcs": 0.21,
        "Normalized EBITDA": 19705000.0,
        "Total Unusual Items": -975000.0,
        "Total Unusual Items Excluding Goodwill": -975000.0,
        "Net Income From Continuing Operation Net Minority Interest": 6599000.0,
        "Reconciled Depreciation": 4332000.0,
        "Reconciled Cost Of Revenue": 75117000.0,
        "EBITDA": 18730000.0,
        "EBIT": 14398000.0,
        "Net Interest Income": -1710000.0,
        "Interest Expense": 1710000.0,
        "Normalized Income": 7369250.0,
        "Net Income From Continuing And Discontinued Operation": 6599000.0,
        "Total Expenses": 109947000.0,
        "Total Operating Income As Reported": 12723000.0,
        "Diluted Average Shares": 37887600.0,
        "Basic Average Shares": 37332271.0,
        "Diluted EPS": 0.17,
        "Basic EPS": 0.18,
        "Diluted NI Availto Com Stockholders": 6599000.0,
        "Net Income Common Stockholders": 6599000.0,
        "Net Income": 6599000.0,
        "Net Income Including Noncontrolling Interests": 6599000.0,
        "Net Income Continuous Operations": 6599000.0,
        "Tax Provision": 6089000.0,
        "Pretax Income": 12688000.0,
        "Other Income Expense": 700000.0,
        "Other Non Operating Income Expenses": 1675000.0,
        "Special Income Charges": -975000.0,
        "Restructuring And Mergern Acquisition": 975000.0,
        "Net Non Operating Interest Income Expense": -1710000.0,
        "Interest Expense Non Operating": 1710000.0,
        "Operating Income": 13698000.0,
        "Operating Expense": 34830000.0,
        "Other Operating Expenses": -27000.0,
        "Selling General And Administration": 34857000.0,
        "Gross Profit": 48528000.0,
        "Cost Of Revenue": 75117000.0,
        "Total Revenue": 123645000.0,
        "Operating Revenue": 123645000.0
    },
    "2022-09-30": {
        "Tax Effect Of Unusual Items": -448152.0,
        "Tax Rate For Calcs": 0.284,
        "Normalized EBITDA": 13984000.0,
        "Total Unusual Items": -1578000.0,
        "Total Unusual Items Excluding Goodwill": -1578000.0,
        "Net Income From Continuing Operation Net Minority Interest": 4941000.0,
        "Reconciled Depreciation": 3939000.0,
        "Reconciled Cost Of Revenue": 67814000.0,
        "EBITDA": 12406000.0,
        "EBIT": 8467000.0,
        "Net Interest Income": -1567000.0,
        "Interest Expense": 1567000.0,
        "Normalized Income": 6070848.0,
        "Net Income From Continuing And Discontinued Operation": 4941000.0,
        "Total Expenses": 99658000.0,
        "Total Operating Income As Reported": 10318000.0,
        "Diluted Average Shares": 37747614.0,
        "Basic Average Shares": 37289880.0,
        "Diluted EPS": 0.13,
        "Basic EPS": 0.13,
        "Diluted NI Availto Com Stockholders": 4941000.0,
        "Net Income Common Stockholders": 4941000.0,
        "Net Income": 4941000.0,
        "Net Income Including Noncontrolling Interests": 4941000.0,
        "Net Income Continuous Operations": 4941000.0,
        "Tax Provision": 1959000.0,
        "Pretax Income": 6900000.0,
        "Other Income Expense": -3429000.0,
        "Other Non Operating Income Expenses": -1851000.0,
        "Special Income Charges": -1578000.0,
        "Restructuring And Mergern Acquisition": 1578000.0,
        "Net Non Operating Interest Income Expense": -1567000.0,
        "Interest Expense Non Operating": 1567000.0,
        "Operating Income": 11896000.0,
        "Operating Expense": 31844000.0,
        "Other Operating Expenses": 112000.0,
        "Selling General And Administration": 31732000.0,
        "Gross Profit": 43740000.0,
        "Cost Of Revenue": 67814000.0,
        "Total Revenue": 111554000.0,
        "Operating Revenue": 111554000.0
    },
    "2022-06-30": {
        "Tax Effect Of Unusual Items": -305562.0,
        "Tax Rate For Calcs": 0.254,
        "Normalized EBITDA": 12440000.0,
        "Total Unusual Items": -1203000.0,
        "Total Unusual Items Excluding Goodwill": -1203000.0,
        "Net Income From Continuing Operation Net Minority Interest": 4445000.0,
        "Reconciled Depreciation": 3836000.0,
        "Reconciled Cost Of Revenue": 75011000.0,
        "EBITDA": 11237000.0,
        "EBIT": 7401000.0,
        "Net Interest Income": -1439000.0,
        "Interest Expense": 1439000.0,
        "Normalized Income": 5342438.0,
        "Net Income From Continuing And Discontinued Operation": 4445000.0,
        "Total Expenses": 108872000.0,
        "Total Operating Income As Reported": 8157000.0,
        "Diluted Average Shares": 35688620.0,
        "Basic Average Shares": 35320314.0,
        "Diluted EPS": 0.12,
        "Basic EPS": 0.13,
        "Diluted NI Availto Com Stockholders": 4445000.0,
        "Net Income Common Stockholders": 4445000.0,
        "Net Income": 4445000.0,
        "Net Income Including Noncontrolling Interests": 4445000.0,
        "Net Income Continuous Operations": 4445000.0,
        "Tax Provision": 1517000.0,
        "Pretax Income": 5962000.0,
        "Other Income Expense": -1959000.0,
        "Other Non Operating Income Expenses": -756000.0,
        "Special Income Charges": -1203000.0,
        "Restructuring And Mergern Acquisition": 1203000.0,
        "Net Non Operating Interest Income Expense": -1439000.0,
        "Interest Expense Non Operating": 1439000.0,
        "Operating Income": 9360000.0,
        "Operating Expense": 33861000.0,
        "Other Operating Expenses": 1112000.0,
        "Selling General And Administration": 32749000.0,
        "Gross Profit": 43221000.0,
        "Cost Of Revenue": 75011000.0,
        "Total Revenue": 118232000.0,
        "Operating Revenue": 118232000.0
    },
    "2022-03-31": {
        "Diluted EPS": -0.3,
        "Total Revenue": 104,
        "Gross Profit": 40,
        "Operating Income": -14,
        "EBIT": -11,
        "Net Income": -10
    },
    "2021-12-31": {
        "Diluted EPS": 0.13,
        "Total Revenue": 104,
        "Gross Profit": 39,
        "Operating Income": 9,
        "EBIT": 13,
        "Net Income": 4
    },
    "2021-09-30": {
        "Diluted EPS": -0.19,
        "Total Revenue": 99,
        "Gross Profit": 39,
        "Operating Income": 12,
        "EBIT": 15,
        "Net Income": -5
    },
    "2021-06-30": {
        "Diluted EPS": 0.25,
        "Total Revenue": 115,
        "Gross Profit": 48,
        "Operating Income": 15,
        "EBIT": 20,
        "Net Income": 7
    },
    "2021-03-31": {
        "Diluted EPS": 0.25,
        "Total Revenue": 111,
        "Gross Profit": 44,
        "Operating Income": 15,
        "EBIT": 20,
        "Net Income": 7
    },
    "2020-12-31": {
        "Diluted EPS": 0.0,
        "Total Revenue": NaN,
        "Gross Profit": NaN,
        "Operating Income": NaN,
        "EBIT": NaN,
        "Net Income": NaN
    },
    "2020-09-30": {
        "Diluted EPS": 0.23,
        "Total Revenue": 106,
        "Gross Profit": 40,
        "Operating Income": 13,
        "EBIT": 13,
        "Net Income": 6
    },
    "2023-06-30": {
        "Tax Effect Of Unusual Items": -192654.0,
        "Tax Rate For Calcs": 0.278,
        "Normalized EBITDA": 20886000.0,
        "Total Unusual Items": -693000.0,
        "Total Unusual Items Excluding Goodwill": -693000.0,
        "Net Income From Continuing Operation Net Minority Interest": 10992000.0,
        "Reconciled Depreciation": 3959000.0,
        "Reconciled Cost Of Revenue": 70340000.0,
        "EBITDA": 20193000.0,
        "EBIT": 16234000.0,
        "Net Interest Income": -1013000.0,
        "Interest Expense": 1013000.0,
        "Normalized Income": 11492346.0,
        "Net Income From Continuing And Discontinued Operation": 10992000.0,
        "Total Expenses": 104506000.0,
        "Total Operating Income As Reported": 15888000.0,
        "Diluted Average Shares": 37850708.0,
        "Basic Average Shares": 37586031.0,
        "Diluted EPS": 0.29,
        "Basic EPS": 0.29,
        "Diluted NI Availto Com Stockholders": 10992000.0,
        "Net Income Common Stockholders": 10992000.0,
        "Net Income": 10992000.0,
        "Net Income Including Noncontrolling Interests": 10992000.0,
        "Net Income Continuous Operations": 10992000.0,
        "Tax Provision": 4229000.0,
        "Pretax Income": 15221000.0,
        "Other Income Expense": -347000.0,
        "Other Non Operating Income Expenses": 346000.0,
        "Special Income Charges": -693000.0,
        "Restructuring And Mergern Acquisition": 693000.0,
        "Net Non Operating Interest Income Expense": -1013000.0,
        "Interest Expense Non Operating": 1013000.0,
        "Operating Income": 16581000.0,
        "Operating Expense": 34166000.0,
        "Other Operating Expenses": 115000.0,
        "Selling General And Administration": 34051000.0,
        "Gross Profit": 50747000.0,
        "Cost Of Revenue": 70340000.0,
        "Total Revenue": 121087000.0,
        "Operating Revenue": 121087000.0
    },
    "2023-09-30": {
        "Tax Effect Of Unusual Items": -122920.0,
        "Tax Rate For Calcs": 0.28,
        "Normalized EBITDA": 21023000.0,
        "Total Unusual Items": -439000.0,
        "Total Unusual Items Excluding Goodwill": -439000.0,
        "Net Income From Continuing Operation Net Minority Interest": 11053000.0,
        "Reconciled Depreciation": 4165000.0,
        "Reconciled Cost Of Revenue": 71511000.0,
        "EBITDA": 20584000.0,
        "EBIT": 16419000.0,
        "Net Interest Income": -1073000.0,
        "Interest Expense": 1073000.0,
        "Normalized Income": 11369080.0,
        "Net Income From Continuing And Discontinued Operation": 11053000.0,
        "Total Expenses": 107941000.0,
        "Total Operating Income As Reported": 16734000.0,
        "Diluted Average Shares": 37930888.0,
        "Basic Average Shares": 37586031.0,
        "Diluted EPS": 0.29,
        "Basic EPS": 0.29,
        "Diluted NI Availto Com Stockholders": 11053000.0,
        "Net Income Common Stockholders": 11053000.0,
        "Net Income": 11053000.0,
        "Net Income Including Noncontrolling Interests": 11053000.0,
        "Net Income Continuous Operations": 11053000.0,
        "Tax Provision": 4293000.0,
        "Pretax Income": 15346000.0,
        "Other Income Expense": -754000.0,
        "Other Non Operating Income Expenses": -315000.0,
        "Special Income Charges": -439000.0,
        "Restructuring And Mergern Acquisition": 439000.0,
        "Net Non Operating Interest Income Expense": -1073000.0,
        "Interest Expense Non Operating": 1073000.0,
        "Operating Income": 17173000.0,
        "Operating Expense": 36430000.0,
        "Other Operating Expenses": 116000.0,
        "Selling General And Administration": 36314000.0,
        "Gross Profit": 53603000.0,
        "Cost Of Revenue": 71511000.0,
        "Total Revenue": 125114000.0,
        "Operating Revenue": 125114000.0
    },
    "2023-12-31": {
        "Tax Effect Of Unusual Items": -240792.653456,
        "Tax Rate For Calcs": 0.227163,
        "Normalized EBITDA": 17630000.0,
        "Total Unusual Items": -1060000.0,
        "Total Unusual Items Excluding Goodwill": -1060000.0,
        "Net Income From Continuing Operation Net Minority Interest": 9594000.0,
        "Reconciled Depreciation": 3352000.0,
        "Reconciled Cost Of Revenue": 74825000.0,
        "EBITDA": 16570000.0,
        "EBIT": 13218000.0,
        "Net Interest Income": -804000.0,
        "Interest Expense": 804000.0,
        "Normalized Income": 10413207.346544,
        "Net Income From Continuing And Discontinued Operation": 9594000.0,
        "Total Expenses": 110846000.0,
        "Total Operating Income As Reported": 12677000.0,
        "Diluted Average Shares": NaN,
        "Basic Average Shares": NaN,
        "Diluted EPS": NaN,
        "Basic EPS": NaN,
        "Diluted NI Availto Com Stockholders": 9594000.0,
        "Net Income Common Stockholders": 9594000.0,
        "Net Income": 9594000.0,
        "Net Income Including Noncontrolling Interests": 9594000.0,
        "Net Income Continuous Operations": 9594000.0,
        "Tax Provision": 2820000.0,
        "Pretax Income": 12414000.0,
        "Other Income Expense": -519000.0,
        "Other Non Operating Income Expenses": 541000.0,
        "Special Income Charges": -1060000.0,
        "Restructuring And Mergern Acquisition": 1060000.0,
        "Net Non Operating Interest Income Expense": -804000.0,
        "Interest Expense Non Operating": 804000.0,
        "Operating Income": 13737000.0,
        "Operating Expense": 36021000.0,
        "Other Operating Expenses": 1117000.0,
        "Selling General And Administration": 34904000.0,
        "Gross Profit": 49758000.0,
        "Cost Of Revenue": 74825000.0,
        "Total Revenue": 124583000.0,
        "Operating Revenue": 124583000.0
    },
    "2024-03-31": {
        "Tax Effect Of Unusual Items": -682227.0,
        "Tax Rate For Calcs": 0.221,
        "Normalized EBITDA": 17564000.0,
        "Total Unusual Items": -3087000.0,
        "Total Unusual Items Excluding Goodwill": -3087000.0,
        "Net Income From Continuing Operation Net Minority Interest": 6928000.0,
        "Reconciled Depreciation": 3942000.0,
        "Reconciled Cost Of Revenue": 80232000.0,
        "EBITDA": 14477000.0,
        "EBIT": 10535000.0,
        "Net Interest Income": -1637000.0,
        "Interest Expense": 1637000.0,
        "Normalized Income": 9332773.0,
        "Net Income From Continuing And Discontinued Operation": 6928000.0,
        "Total Expenses": 122794000.0,
        "Total Operating Income As Reported": 11979000.0,
        "Diluted Average Shares": 38554185.0,
        "Basic Average Shares": 37946576.0,
        "Diluted EPS": 0.18,
        "Basic EPS": 0.18,
        "Diluted NI Availto Com Stockholders": 6928000.0,
        "Net Income Common Stockholders": 6928000.0,
        "Net Income": 6928000.0,
        "Net Income Including Noncontrolling Interests": 6928000.0,
        "Net Income Continuous Operations": 6928000.0,
        "Tax Provision": 1970000.0,
        "Pretax Income": 8898000.0,
        "Other Income Expense": -4531000.0,
        "Other Non Operating Income Expenses": -1444000.0,
        "Special Income Charges": -3087000.0,
        "Restructuring And Mergern Acquisition": 3087000.0,
        "Net Non Operating Interest Income Expense": -1637000.0,
        "Interest Expense Non Operating": 1637000.0,
        "Operating Income": 15066000.0,
        "Operating Expense": 42562000.0,
        "Other Operating Expenses": 1843000.0,
        "Selling General And Administration": 40719000.0,
        "Gross Profit": 57628000.0,
        "Cost Of Revenue": 80232000.0,
        "Total Revenue": 137860000.0,
        "Operating Revenue": 137860000.0
    }
}