{
    "2023-03-31": {
        "Tax Effect Of Unusual Items": -1968.0,
        "Tax Rate For Calcs": 0.004,
        "Normalized EBITDA": 8264000.0,
        "Total Unusual Items": -492000.0,
        "Total Unusual Items Excluding Goodwill": -492000.0,
        "Net Income From Continuing Operation Net Minority Interest": 1978000.0,
        "Reconciled Depreciation": 2885000.0,
        "Reconciled Cost Of Revenue": 76532000.0,
        "EBITDA": 7772000.0,
        "EBIT": 4887000.0,
        "Net Interest Income": -2408000.0,
        "Interest Expense": 2408000.0,
        "Normalized Income": 2468032.0,
        "Net Income From Continuing And Discontinued Operation": 1978000.0,
        "Total Expenses": 106610000.0,
        "Total Operating Income As Reported": 5461000.0,
        "Diluted Average Shares": 35198668.0,
        "Basic Average Shares": 34441905.0,
        "Diluted EPS": 0.06,
        "Basic EPS": 0.06,
        "Diluted NI Availto Com Stockholders": 1978000.0,
        "Net Income Common Stockholders": 1978000.0,
        "Net Income": 1978000.0,
        "Minority Interests": -491000.0,
        "Net Income Including Noncontrolling Interests": 2469000.0,
        "Net Income Continuous Operations": 2469000.0,
        "Tax Provision": 10000.0,
        "Pretax Income": 2479000.0,
        "Other Income Expense": -1066000.0,
        "Other Non Operating Income Expenses": -574000.0,
        "Special Income Charges": -492000.0,
        "Other Special Charges": NaN,
        "Restructuring And Mergern Acquisition": 492000.0,
        "Net Non Operating Interest Income Expense": -2408000.0,
        "Interest Expense Non Operating": 2408000.0,
        "Operating Income": 5953000.0,
        "Operating Expense": 28940000.0,
        "Depreciation Amortization Depletion Income Statement": 1747000.0,
        "Depreciation And Amortization In Income Statement": 1747000.0,
        "Amortization": 1747000.0,
        "Amortization Of Intangibles Income Statement": 1747000.0,
        "Selling General And Administration": 27193000.0,
        "Gross Profit": 34893000.0,
        "Cost Of Revenue": 77670000.0,
        "Total Revenue": 112563000.0,
        "Operating Revenue": 112563000.0
    },
    "2022-12-31": {
        "Tax Effect Of Unusual Items": NaN,
        "Tax Rate For Calcs": NaN,
        "Normalized EBITDA": NaN,
        "Total Unusual Items": NaN,
        "Total Unusual Items Excluding Goodwill": NaN,
        "Net Income From Continuing Operation Net Minority Interest": NaN,
        "Reconciled Depreciation": NaN,
        "Reconciled Cost Of Revenue": NaN,
        "EBITDA": NaN,
        "EBIT": NaN,
        "Net Interest Income": NaN,
        "Interest Expense": NaN,
        "Normalized Income": NaN,
        "Net Income From Continuing And Discontinued Operation": NaN,
        "Total Expenses": NaN,
        "Total Operating Income As Reported": NaN,
        "Diluted Average Shares": 34919398.0,
        "Basic Average Shares": 34318526.0,
        "Diluted EPS": 0.24,
        "Basic EPS": 0.24,
        "Diluted NI Availto Com Stockholders": NaN,
        "Net Income Common Stockholders": NaN,
        "Net Income": NaN,
        "Minority Interests": NaN,
        "Net Income Including Noncontrolling Interests": NaN,
        "Net Income Continuous Operations": NaN,
        "Tax Provision": NaN,
        "Pretax Income": NaN,
        "Other Income Expense": NaN,
        "Other Non Operating Income Expenses": NaN,
        "Special Income Charges": NaN,
        "Other Special Charges": 0.0,
        "Restructuring And Mergern Acquisition": NaN,
        "Net Non Operating Interest Income Expense": NaN,
        "Interest Expense Non Operating": NaN,
        "Operating Income": NaN,
        "Operating Expense": NaN,
        "Depreciation Amortization Depletion Income Statement": NaN,
        "Depreciation And Amortization In Income Statement": NaN,
        "Amortization": NaN,
        "Amortization Of Intangibles Income Statement": NaN,
        "Selling General And Administration": NaN,
        "Gross Profit": NaN,
        "Cost Of Revenue": NaN,
        "Total Revenue": NaN,
        "Operating Revenue": NaN
    },
    "2022-09-30": {
        "Tax Effect Of Unusual Items": NaN,
        "Tax Rate For Calcs": NaN,
        "Normalized EBITDA": NaN,
        "Total Unusual Items": NaN,
        "Total Unusual Items Excluding Goodwill": NaN,
        "Net Income From Continuing Operation Net Minority Interest": NaN,
        "Reconciled Depreciation": NaN,
        "Reconciled Cost Of Revenue": NaN,
        "EBITDA": NaN,
        "EBIT": NaN,
        "Net Interest Income": NaN,
        "Interest Expense": NaN,
        "Normalized Income": NaN,
        "Net Income From Continuing And Discontinued Operation": NaN,
        "Total Expenses": NaN,
        "Total Operating Income As Reported": NaN,
        "Diluted Average Shares": NaN,
        "Basic Average Shares": NaN,
        "Diluted EPS": NaN,
        "Basic EPS": NaN,
        "Diluted NI Availto Com Stockholders": NaN,
        "Net Income Common Stockholders": NaN,
        "Net Income": NaN,
        "Minority Interests": NaN,
        "Net Income Including Noncontrolling Interests": NaN,
        "Net Income Continuous Operations": NaN,
        "Tax Provision": NaN,
        "Pretax Income": NaN,
        "Other Income Expense": NaN,
        "Other Non Operating Income Expenses": NaN,
        "Special Income Charges": NaN,
        "Other Special Charges": 1161000.0,
        "Restructuring And Mergern Acquisition": NaN,
        "Net Non Operating Interest Income Expense": NaN,
        "Interest Expense Non Operating": NaN,
        "Operating Income": NaN,
        "Operating Expense": NaN,
        "Depreciation Amortization Depletion Income Statement": NaN,
        "Depreciation And Amortization In Income Statement": NaN,
        "Amortization": NaN,
        "Amortization Of Intangibles Income Statement": NaN,
        "Selling General And Administration": NaN,
        "Gross Profit": NaN,
        "Cost Of Revenue": NaN,
        "Total Revenue": NaN,
        "Operating Revenue": NaN
    },
    "2022-06-30": {
        "Tax Effect Of Unusual Items": -421212.029162,
        "Tax Rate For Calcs": 0.282503,
        "Normalized EBITDA": 10623000.0,
        "Total Unusual Items": -1491000.0,
        "Total Unusual Items Excluding Goodwill": -1491000.0,
        "Net Income From Continuing Operation Net Minority Interest": 4385000.0,
        "Reconciled Depreciation": 1450000.0,
        "Reconciled Cost Of Revenue": 73700000.0,
        "EBITDA": 9132000.0,
        "EBIT": 7682000.0,
        "Net Interest Income": -1098000.0,
        "Interest Expense": 1098000.0,
        "Normalized Income": 5454787.970838,
        "Net Income From Continuing And Discontinued Operation": 4385000.0,
        "Total Expenses": 98138000.0,
        "Total Operating Income As Reported": 5746000.0,
        "Diluted Average Shares": 35041152.0,
        "Basic Average Shares": 34873238.0,
        "Diluted EPS": 0.13,
        "Basic EPS": 0.13,
        "Diluted NI Availto Com Stockholders": 4385000.0,
        "Net Income Common Stockholders": 4385000.0,
        "Net Income": 4385000.0,
        "Minority Interests": -339000.0,
        "Net Income Including Noncontrolling Interests": 4724000.0,
        "Net Income Continuous Operations": 4724000.0,
        "Tax Provision": 1860000.0,
        "Pretax Income": 6584000.0,
        "Other Income Expense": 445000.0,
        "Other Non Operating Income Expenses": 1936000.0,
        "Special Income Charges": -1491000.0,
        "Other Special Charges": NaN,
        "Restructuring And Mergern Acquisition": 1491000.0,
        "Net Non Operating Interest Income Expense": -1098000.0,
        "Interest Expense Non Operating": 1098000.0,
        "Operating Income": 7237000.0,
        "Operating Expense": 24438000.0,
        "Depreciation Amortization Depletion Income Statement": 1450000.0,
        "Depreciation And Amortization In Income Statement": 1450000.0,
        "Amortization": 1450000.0,
        "Amortization Of Intangibles Income Statement": 1450000.0,
        "Selling General And Administration": 22988000.0,
        "Gross Profit": 31675000.0,
        "Cost Of Revenue": 73700000.0,
        "Total Revenue": 105375000.0,
        "Operating Revenue": 105375000.0
    },
    "2022-03-31": {
        "Diluted EPS": 0.08,
        "Total Revenue": 92,
        "Gross Profit": 26,
        "Operating Income": 5,
        "EBIT": 8,
        "Net Income": 3
    },
    "2021-12-31": {
        "Diluted EPS": 0.04,
        "Total Revenue": 94,
        "Gross Profit": 29,
        "Operating Income": 5,
        "EBIT": 8,
        "Net Income": 1
    },
    "2021-09-30": {
        "Diluted EPS": -0.04,
        "Total Revenue": 80,
        "Gross Profit": 23,
        "Operating Income": -1,
        "EBIT": 2,
        "Net Income": -1
    },
    "2021-06-30": {
        "Diluted EPS": 0.01,
        "Total Revenue": 79,
        "Gross Profit": 25,
        "Operating Income": 2,
        "EBIT": 5,
        "Net Income": 0
    },
    "2021-03-31": {
        "Diluted EPS": 0.03,
        "Total Revenue": 72,
        "Gross Profit": 24,
        "Operating Income": 3,
        "EBIT": 6,
        "Net Income": 1
    },
    "2020-12-31": {
        "Diluted EPS": 0.05,
        "Total Revenue": 83,
        "Gross Profit": 26,
        "Operating Income": 4,
        "EBIT": 7,
        "Net Income": 2
    },
    "2020-09-30": {
        "Diluted EPS": -0.01,
        "Total Revenue": 77,
        "Gross Profit": 25,
        "Operating Income": 1,
        "EBIT": 4,
        "Net Income": 0
    },
    "2020-06-30": {
        "Diluted EPS": 0.09,
        "Total Revenue": 75,
        "Gross Profit": 26,
        "Operating Income": 4,
        "EBIT": 7,
        "Net Income": 3
    },
    "2020-03-31": {
        "Diluted EPS": 0.1,
        "Total Revenue": 80,
        "Gross Profit": 28,
        "Operating Income": 4,
        "EBIT": 7,
        "Net Income": 3
    },
    "2019-12-31": {
        "Diluted EPS": 0.25,
        "Total Revenue": 89,
        "Gross Profit": 30,
        "Operating Income": 7,
        "EBIT": 10,
        "Net Income": 8
    },
    "2019-09-30": {
        "Diluted EPS": 0.05,
        "Total Revenue": 85,
        "Gross Profit": 29,
        "Operating Income": 4,
        "EBIT": 7,
        "Net Income": 2
    },
    "2019-06-30": {
        "Diluted EPS": 0.15,
        "Total Revenue": 81,
        "Gross Profit": 27,
        "Operating Income": 2,
        "EBIT": 5,
        "Net Income": 6
    },
    "2019-03-31": {
        "Diluted EPS": 0.05,
        "Total Revenue": 86,
        "Gross Profit": 28,
        "Operating Income": 5,
        "EBIT": 8,
        "Net Income": 2
    },
    "2018-12-31": {
        "Diluted EPS": 0.02,
        "Total Revenue": 94,
        "Gross Profit": 30,
        "Operating Income": 6,
        "EBIT": 9,
        "Net Income": 1
    },
    "2018-09-30": {
        "Diluted EPS": -0.37,
        "Total Revenue": 88,
        "Gross Profit": 29,
        "Operating Income": -10,
        "EBIT": -7,
        "Net Income": -13
    },
    "2018-06-30": {
        "Diluted EPS": -0.03,
        "Total Revenue": 81,
        "Gross Profit": 27,
        "Operating Income": 3,
        "EBIT": 6,
        "Net Income": -1
    },
    "2018-03-31": {
        "Diluted EPS": 0.17,
        "Total Revenue": 74,
        "Gross Profit": 26,
        "Operating Income": 12,
        "EBIT": 16,
        "Net Income": 6
    },
    "2017-12-31": {
        "Diluted EPS": -0.34,
        "Total Revenue": 74,
        "Gross Profit": 26,
        "Operating Income": -8,
        "EBIT": 4,
        "Net Income": -12
    },
    "2017-09-30": {
        "Diluted EPS": 0.09,
        "Total Revenue": 85,
        "Gross Profit": 27,
        "Operating Income": 6,
        "EBIT": 10,
        "Net Income": 3
    },
    "2017-06-30": {
        "Diluted EPS": 0.16,
        "Total Revenue": 94,
        "Gross Profit": 28,
        "Operating Income": 9,
        "EBIT": 13,
        "Net Income": 5
    },
    "2017-03-31": {
        "Diluted EPS": 0.0,
        "Total Revenue": 93,
        "Gross Profit": 32,
        "Operating Income": 1,
        "EBIT": 5,
        "Net Income": 0
    },
    "2016-12-31": {
        "Diluted EPS": -1.5,
        "Total Revenue": 100,
        "Gross Profit": 36,
        "Operating Income": -50,
        "EBIT": 11,
        "Net Income": -51
    },
    "2016-09-30": {
        "Diluted EPS": 0.17,
        "Total Revenue": 102,
        "Gross Profit": 34,
        "Operating Income": 10,
        "EBIT": 15,
        "Net Income": 6
    },
    "2016-06-30": {
        "Diluted EPS": 0.12,
        "Total Revenue": 112,
        "Gross Profit": 34,
        "Operating Income": 9,
        "EBIT": 14,
        "Net Income": 4
    },
    "2016-03-31": {
        "Diluted EPS": 0.09,
        "Total Revenue": 103,
        "Gross Profit": 32,
        "Operating Income": 6,
        "EBIT": 11,
        "Net Income": 3
    },
    "2015-12-31": {
        "Diluted EPS": -0.11,
        "Total Revenue": 101,
        "Gross Profit": 31,
        "Operating Income": 0,
        "EBIT": 8,
        "Net Income": -3
    },
    "2015-09-30": {
        "Diluted EPS": -0.17,
        "Total Revenue": 98,
        "Gross Profit": 31,
        "Operating Income": -2,
        "EBIT": 2,
        "Net Income": -5
    },
    "2015-06-30": {
        "Diluted EPS": 0.08,
        "Total Revenue": 87,
        "Gross Profit": 27,
        "Operating Income": 4,
        "EBIT": 8,
        "Net Income": 2
    },
    "2015-03-31": {
        "Diluted EPS": 0.01,
        "Total Revenue": 81,
        "Gross Profit": 21,
        "Operating Income": 3,
        "EBIT": 6,
        "Net Income": 0
    },
    "2014-12-31": {
        "Diluted EPS": 0.07,
        "Total Revenue": 76,
        "Gross Profit": 23,
        "Operating Income": 4,
        "EBIT": 7,
        "Net Income": 2
    },
    "2014-09-30": {
        "Diluted EPS": 0.14,
        "Total Revenue": 63,
        "Gross Profit": 21,
        "Operating Income": 5,
        "EBIT": 8,
        "Net Income": 4
    },
    "2014-06-30": {
        "Diluted EPS": 0.17,
        "Total Revenue": 67,
        "Gross Profit": 21,
        "Operating Income": 7,
        "EBIT": 10,
        "Net Income": 4
    },
    "2014-03-31": {
        "Diluted EPS": 0.12,
        "Total Revenue": 57,
        "Gross Profit": 20,
        "Operating Income": 5,
        "EBIT": 8,
        "Net Income": 3
    },
    "2013-12-31": {
        "Diluted EPS": 0.1,
        "Total Revenue": 69,
        "Gross Profit": 22,
        "Operating Income": 4,
        "EBIT": 7,
        "Net Income": 3
    },
    "2013-09-30": {
        "Diluted EPS": -0.07,
        "Total Revenue": 50,
        "Gross Profit": 15,
        "Operating Income": -3,
        "EBIT": -1,
        "Net Income": -1
    },
    "2013-06-30": {
        "Diluted EPS": 0.17,
        "Total Revenue": 44,
        "Gross Profit": 14,
        "Operating Income": 3,
        "EBIT": 4,
        "Net Income": 3
    },
    "2013-03-31": {
        "Diluted EPS": 0.12,
        "Total Revenue": 34,
        "Gross Profit": 11,
        "Operating Income": 3,
        "EBIT": 4,
        "Net Income": 2
    },
    "2012-12-31": {
        "Diluted EPS": 0.19,
        "Total Revenue": 34,
        "Gross Profit": 11,
        "Operating Income": 4,
        "EBIT": 5,
        "Net Income": 3
    },
    "2012-09-30": {
        "Diluted EPS": 0.19,
        "Total Revenue": 33,
        "Gross Profit": 11,
        "Operating Income": 4,
        "EBIT": 5,
        "Net Income": 3
    },
    "2012-06-30": {
        "Diluted EPS": 0.15,
        "Total Revenue": 35,
        "Gross Profit": 11,
        "Operating Income": 4,
        "EBIT": 5,
        "Net Income": 2
    },
    "2012-03-31": {
        "Diluted EPS": 0.12,
        "Total Revenue": 33,
        "Gross Profit": 10,
        "Operating Income": 4,
        "EBIT": 4,
        "Net Income": 2
    },
    "2011-12-31": {
        "Diluted EPS": 0.17,
        "Total Revenue": 38,
        "Gross Profit": 11,
        "Operating Income": 4,
        "EBIT": 4,
        "Net Income": 3
    },
    "2011-09-30": {
        "Diluted EPS": 0.14,
        "Total Revenue": 33,
        "Gross Profit": 10,
        "Operating Income": 3,
        "EBIT": 4,
        "Net Income": 2
    },
    "2011-06-30": {
        "Diluted EPS": 0.12,
        "Total Revenue": 33,
        "Gross Profit": 9,
        "Operating Income": 3,
        "EBIT": 3,
        "Net Income": 2
    },
    "2011-03-31": {
        "Diluted EPS": 0.08,
        "Total Revenue": 36,
        "Gross Profit": 8,
        "Operating Income": 2,
        "EBIT": 3,
        "Net Income": 1
    },
    "2010-12-31": {
        "Diluted EPS": 0.05,
        "Total Revenue": 37,
        "Gross Profit": 9,
        "Operating Income": 1,
        "EBIT": 2,
        "Net Income": 1
    },
    "2010-09-30": {
        "Diluted EPS": 0.05,
        "Total Revenue": 34,
        "Gross Profit": 8,
        "Operating Income": 2,
        "EBIT": 2,
        "Net Income": 1
    },
    "2010-06-30": {
        "Diluted EPS": 0.04,
        "Total Revenue": 35,
        "Gross Profit": 8,
        "Operating Income": 1,
        "EBIT": 2,
        "Net Income": 1
    },
    "2010-03-31": {
        "Diluted EPS": 0.01,
        "Total Revenue": 35,
        "Gross Profit": 8,
        "Operating Income": 1,
        "EBIT": 1,
        "Net Income": 0
    },
    "2009-12-31": {
        "Diluted EPS": -1.0,
        "Total Revenue": 37,
        "Gross Profit": 8,
        "Operating Income": -17,
        "EBIT": 1,
        "Net Income": -14
    },
    "2009-09-30": {
        "Diluted EPS": -0.05,
        "Total Revenue": 32,
        "Gross Profit": 7,
        "Operating Income": 0,
        "EBIT": 0,
        "Net Income": -1
    },
    "2009-06-30": {
        "Diluted EPS": -0.04,
        "Total Revenue": 32,
        "Gross Profit": 8,
        "Operating Income": 0,
        "EBIT": 0,
        "Net Income": -1
    },
    "2009-03-31": {
        "Diluted EPS": 0.03,
        "Total Revenue": 38,
        "Gross Profit": 9,
        "Operating Income": 1,
        "EBIT": 2,
        "Net Income": 0
    },
    "2023-06-30": {
        "Tax Effect Of Unusual Items": -97020.0,
        "Tax Rate For Calcs": 0.198,
        "Normalized EBITDA": 11979000.0,
        "Total Unusual Items": -490000.0,
        "Total Unusual Items Excluding Goodwill": -490000.0,
        "Net Income From Continuing Operation Net Minority Interest": 3724000.0,
        "Reconciled Depreciation": 2765000.0,
        "Reconciled Cost Of Revenue": 88872000.0,
        "EBITDA": 11489000.0,
        "EBIT": 8724000.0,
        "Net Interest Income": -3750000.0,
        "Interest Expense": 3750000.0,
        "Normalized Income": 4116980.0,
        "Net Income From Continuing And Discontinued Operation": 3724000.0,
        "Total Expenses": 120088000.0,
        "Total Operating Income As Reported": 8603000.0,
        "Diluted Average Shares": 35143782.0,
        "Basic Average Shares": 34619216.0,
        "Diluted EPS": 0.11,
        "Basic EPS": 0.11,
        "Diluted NI Availto Com Stockholders": 3724000.0,
        "Net Income Common Stockholders": 3724000.0,
        "Net Income": 3724000.0,
        "Minority Interests": -266000.0,
        "Net Income Including Noncontrolling Interests": 3990000.0,
        "Net Income Continuous Operations": 3990000.0,
        "Tax Provision": 984000.0,
        "Pretax Income": 4974000.0,
        "Other Income Expense": -369000.0,
        "Other Non Operating Income Expenses": 121000.0,
        "Special Income Charges": -490000.0,
        "Other Special Charges": 158000.0,
        "Restructuring And Mergern Acquisition": 332000.0,
        "Net Non Operating Interest Income Expense": -3750000.0,
        "Interest Expense Non Operating": 3750000.0,
        "Operating Income": 9093000.0,
        "Operating Expense": 30724000.0,
        "Depreciation Amortization Depletion Income Statement": 2273000.0,
        "Depreciation And Amortization In Income Statement": 2273000.0,
        "Amortization": 2273000.0,
        "Amortization Of Intangibles Income Statement": 2273000.0,
        "Selling General And Administration": 28451000.0,
        "Gross Profit": 39817000.0,
        "Cost Of Revenue": 89364000.0,
        "Total Revenue": 129181000.0,
        "Operating Revenue": 129181000.0
    },
    "2023-09-30": {
        "Tax Effect Of Unusual Items": -389096.0,
        "Tax Rate For Calcs": 0.136,
        "Normalized EBITDA": 13617000.0,
        "Total Unusual Items": -2861000.0,
        "Total Unusual Items Excluding Goodwill": -2861000.0,
        "Net Income From Continuing Operation Net Minority Interest": 3330000.0,
        "Reconciled Depreciation": 3119000.0,
        "Reconciled Cost Of Revenue": 105118000.0,
        "EBITDA": 10756000.0,
        "EBIT": 7637000.0,
        "Net Interest Income": -3340000.0,
        "Interest Expense": 3340000.0,
        "Normalized Income": 5801904.0,
        "Net Income From Continuing And Discontinued Operation": 3330000.0,
        "Total Expenses": 138676000.0,
        "Total Operating Income As Reported": 7853000.0,
        "Diluted Average Shares": 35301429.0,
        "Basic Average Shares": 34771742.0,
        "Diluted EPS": 0.09,
        "Basic EPS": 0.1,
        "Diluted NI Availto Com Stockholders": 3330000.0,
        "Net Income Common Stockholders": 3330000.0,
        "Net Income": 3330000.0,
        "Minority Interests": -382000.0,
        "Net Income Including Noncontrolling Interests": 3712000.0,
        "Net Income Continuous Operations": 3712000.0,
        "Tax Provision": 585000.0,
        "Pretax Income": 4297000.0,
        "Other Income Expense": -3077000.0,
        "Other Non Operating Income Expenses": -216000.0,
        "Special Income Charges": -2861000.0,
        "Other Special Charges": 1258000.0,
        "Restructuring And Mergern Acquisition": 1603000.0,
        "Net Non Operating Interest Income Expense": -3340000.0,
        "Interest Expense Non Operating": 3340000.0,
        "Operating Income": 10714000.0,
        "Operating Expense": 32407000.0,
        "Depreciation Amortization Depletion Income Statement": 1968000.0,
        "Depreciation And Amortization In Income Statement": 1968000.0,
        "Amortization": 1968000.0,
        "Amortization Of Intangibles Income Statement": 1968000.0,
        "Selling General And Administration": 30439000.0,
        "Gross Profit": 43121000.0,
        "Cost Of Revenue": 106269000.0,
        "Total Revenue": 149390000.0,
        "Operating Revenue": 149390000.0
    },
    "2023-12-31": {
        "Tax Effect Of Unusual Items": -310590.0,
        "Tax Rate For Calcs": 0.21,
        "Normalized EBITDA": 18911000.0,
        "Total Unusual Items": -1479000.0,
        "Total Unusual Items Excluding Goodwill": -1479000.0,
        "Net Income From Continuing Operation Net Minority Interest": 3879000.0,
        "Reconciled Depreciation": 3738000.0,
        "Reconciled Cost Of Revenue": 98980000.0,
        "EBITDA": 17432000.0,
        "EBIT": 13694000.0,
        "Net Interest Income": -3918000.0,
        "Interest Expense": 3918000.0,
        "Normalized Income": 5047410.0,
        "Net Income From Continuing And Discontinued Operation": 3879000.0,
        "Total Expenses": 139580000.0,
        "Total Operating Income As Reported": 12652000.0,
        "Diluted Average Shares": NaN,
        "Basic Average Shares": NaN,
        "Diluted EPS": NaN,
        "Basic EPS": NaN,
        "Diluted NI Availto Com Stockholders": 3879000.0,
        "Net Income Common Stockholders": 3879000.0,
        "Net Income": 3879000.0,
        "Minority Interests": -450000.0,
        "Net Income Including Noncontrolling Interests": 4329000.0,
        "Net Income Continuous Operations": 4329000.0,
        "Tax Provision": 5447000.0,
        "Pretax Income": 9776000.0,
        "Other Income Expense": -437000.0,
        "Other Non Operating Income Expenses": 1042000.0,
        "Special Income Charges": -1479000.0,
        "Other Special Charges": 48000.0,
        "Restructuring And Mergern Acquisition": 1431000.0,
        "Net Non Operating Interest Income Expense": -3918000.0,
        "Interest Expense Non Operating": 3918000.0,
        "Operating Income": 14131000.0,
        "Operating Expense": 39054000.0,
        "Depreciation Amortization Depletion Income Statement": 2192000.0,
        "Depreciation And Amortization In Income Statement": 2192000.0,
        "Amortization": 2192000.0,
        "Amortization Of Intangibles Income Statement": 2192000.0,
        "Selling General And Administration": 36862000.0,
        "Gross Profit": 53185000.0,
        "Cost Of Revenue": 100526000.0,
        "Total Revenue": 153711000.0,
        "Operating Revenue": 153711000.0
    },
    "2024-03-31": {
        "Tax Effect Of Unusual Items": -79618.0,
        "Tax Rate For Calcs": 0.242,
        "Normalized EBITDA": 10014000.0,
        "Total Unusual Items": -329000.0,
        "Total Unusual Items Excluding Goodwill": -329000.0,
        "Net Income From Continuing Operation Net Minority Interest": 1508000.0,
        "Reconciled Depreciation": 3512000.0,
        "Reconciled Cost Of Revenue": 79897000.0,
        "EBITDA": 9685000.0,
        "EBIT": 6173000.0,
        "Net Interest Income": -3413000.0,
        "Interest Expense": 3413000.0,
        "Normalized Income": 1757382.0,
        "Net Income From Continuing And Discontinued Operation": 1508000.0,
        "Total Expenses": 118317000.0,
        "Total Operating Income As Reported": 7686000.0,
        "Diluted Average Shares": 36177323.0,
        "Basic Average Shares": 34846163.0,
        "Diluted EPS": 0.04,
        "Basic EPS": 0.04,
        "Diluted NI Availto Com Stockholders": 1508000.0,
        "Net Income Common Stockholders": 1508000.0,
        "Net Income": 1508000.0,
        "Minority Interests": -585000.0,
        "Net Income Including Noncontrolling Interests": 2093000.0,
        "Net Income Continuous Operations": 2093000.0,
        "Tax Provision": 667000.0,
        "Pretax Income": 2760000.0,
        "Other Income Expense": -1842000.0,
        "Other Non Operating Income Expenses": -1513000.0,
        "Special Income Charges": -329000.0,
        "Other Special Charges": NaN,
        "Restructuring And Mergern Acquisition": 329000.0,
        "Net Non Operating Interest Income Expense": -3413000.0,
        "Interest Expense Non Operating": 3413000.0,
        "Operating Income": 8015000.0,
        "Operating Expense": 37117000.0,
        "Depreciation Amortization Depletion Income Statement": 2209000.0,
        "Depreciation And Amortization In Income Statement": 2209000.0,
        "Amortization": 2209000.0,
        "Amortization Of Intangibles Income Statement": 2209000.0,
        "Selling General And Administration": 34908000.0,
        "Gross Profit": 45132000.0,
        "Cost Of Revenue": 81200000.0,
        "Total Revenue": 126332000.0,
        "Operating Revenue": 126332000.0
    }
}