{
    "2023-03-31": {
        "Tax Effect Of Unusual Items": NaN,
        "Tax Rate For Calcs": NaN,
        "Normalized EBITDA": NaN,
        "Total Unusual Items": NaN,
        "Total Unusual Items Excluding Goodwill": NaN,
        "Net Income From Continuing Operation Net Minority Interest": NaN,
        "Reconciled Depreciation": NaN,
        "Reconciled Cost Of Revenue": NaN,
        "EBITDA": NaN,
        "EBIT": NaN,
        "Net Interest Income": NaN,
        "Interest Income": NaN,
        "Normalized Income": NaN,
        "Net Income From Continuing And Discontinued Operation": NaN,
        "Total Expenses": NaN,
        "Total Operating Income As Reported": NaN,
        "Diluted Average Shares": 236277000.0,
        "Basic Average Shares": 230019000.0,
        "Diluted EPS": 0.13,
        "Basic EPS": 0.14,
        "Diluted NI Availto Com Stockholders": NaN,
        "Average Dilution Earnings": -7000.0,
        "Net Income Common Stockholders": NaN,
        "Otherunder Preferred Stock Dividend": 2934000.0,
        "Preferred Stock Dividends": NaN,
        "Net Income": NaN,
        "Net Income Including Noncontrolling Interests": NaN,
        "Net Income Continuous Operations": NaN,
        "Tax Provision": NaN,
        "Pretax Income": NaN,
        "Other Income Expense": NaN,
        "Gain On Sale Of Security": NaN,
        "Net Non Operating Interest Income Expense": NaN,
        "Interest Income Non Operating": NaN,
        "Operating Income": NaN,
        "Operating Expense": NaN,
        "Selling General And Administration": NaN,
        "Selling And Marketing Expense": 68905000.0,
        "Gross Profit": NaN,
        "Cost Of Revenue": NaN,
        "Total Revenue": NaN,
        "Operating Revenue": NaN
    },
    "2022-12-31": {
        "Tax Effect Of Unusual Items": NaN,
        "Tax Rate For Calcs": NaN,
        "Normalized EBITDA": NaN,
        "Total Unusual Items": NaN,
        "Total Unusual Items Excluding Goodwill": NaN,
        "Net Income From Continuing Operation Net Minority Interest": NaN,
        "Reconciled Depreciation": NaN,
        "Reconciled Cost Of Revenue": NaN,
        "EBITDA": NaN,
        "EBIT": NaN,
        "Net Interest Income": NaN,
        "Interest Income": NaN,
        "Normalized Income": NaN,
        "Net Income From Continuing And Discontinued Operation": NaN,
        "Total Expenses": NaN,
        "Total Operating Income As Reported": NaN,
        "Diluted Average Shares": NaN,
        "Basic Average Shares": NaN,
        "Diluted EPS": NaN,
        "Basic EPS": NaN,
        "Diluted NI Availto Com Stockholders": NaN,
        "Average Dilution Earnings": NaN,
        "Net Income Common Stockholders": NaN,
        "Otherunder Preferred Stock Dividend": NaN,
        "Preferred Stock Dividends": NaN,
        "Net Income": NaN,
        "Net Income Including Noncontrolling Interests": NaN,
        "Net Income Continuous Operations": NaN,
        "Tax Provision": NaN,
        "Pretax Income": NaN,
        "Other Income Expense": NaN,
        "Gain On Sale Of Security": NaN,
        "Net Non Operating Interest Income Expense": NaN,
        "Interest Income Non Operating": NaN,
        "Operating Income": NaN,
        "Operating Expense": NaN,
        "Selling General And Administration": NaN,
        "Selling And Marketing Expense": 89985000.0,
        "General And Administrative Expense": 21768000.0,
        "Other Gand A": 21768000.0,
        "Gross Profit": NaN,
        "Cost Of Revenue": NaN,
        "Total Revenue": NaN,
        "Operating Revenue": NaN
    },
    "2022-09-30": {
        "Tax Effect Of Unusual Items": NaN,
        "Tax Rate For Calcs": NaN,
        "Normalized EBITDA": NaN,
        "Total Unusual Items": NaN,
        "Total Unusual Items Excluding Goodwill": NaN,
        "Net Income From Continuing Operation Net Minority Interest": NaN,
        "Reconciled Depreciation": NaN,
        "Reconciled Cost Of Revenue": NaN,
        "EBITDA": NaN,
        "EBIT": NaN,
        "Net Interest Income": NaN,
        "Interest Income": NaN,
        "Normalized Income": NaN,
        "Net Income From Continuing And Discontinued Operation": NaN,
        "Total Expenses": NaN,
        "Total Operating Income As Reported": NaN,
        "Diluted Average Shares": 227388000.0,
        "Basic Average Shares": 227388000.0,
        "Diluted EPS": -0.82,
        "Basic EPS": -0.82,
        "Diluted NI Availto Com Stockholders": NaN,
        "Average Dilution Earnings": NaN,
        "Net Income Common Stockholders": NaN,
        "Otherunder Preferred Stock Dividend": 0.0,
        "Preferred Stock Dividends": NaN,
        "Net Income": NaN,
        "Net Income Including Noncontrolling Interests": NaN,
        "Net Income Continuous Operations": NaN,
        "Tax Provision": NaN,
        "Pretax Income": NaN,
        "Other Income Expense": NaN,
        "Gain On Sale Of Security": NaN,
        "Net Non Operating Interest Income Expense": NaN,
        "Interest Income Non Operating": NaN,
        "Operating Income": NaN,
        "Operating Expense": NaN,
        "Selling General And Administration": NaN,
        "Selling And Marketing Expense": 198756000.0,
        "General And Administrative Expense": 27493000.0,
        "Other Gand A": 27493000.0,
        "Gross Profit": NaN,
        "Cost Of Revenue": NaN,
        "Total Revenue": NaN,
        "Operating Revenue": NaN
    },
    "2022-06-30": {
        "Tax Effect Of Unusual Items": -120683.489305,
        "Tax Rate For Calcs": 0.234793,
        "Normalized EBITDA": 12930000.0,
        "Total Unusual Items": -514000.0,
        "Total Unusual Items Excluding Goodwill": -514000.0,
        "Net Income From Continuing Operation Net Minority Interest": 9158000.0,
        "Reconciled Depreciation": 445000.0,
        "Reconciled Cost Of Revenue": 94701000.0,
        "EBITDA": 12416000.0,
        "EBIT": 11971000.0,
        "Net Interest Income": 52000.0,
        "Interest Expense": 3000.0,
        "Interest Income": 55000.0,
        "Normalized Income": 9551316.510695,
        "Net Income From Continuing And Discontinued Operation": 9158000.0,
        "Total Expenses": 141590000.0,
        "Total Operating Income As Reported": 12430000.0,
        "Diluted Average Shares": 78372000.0,
        "Basic Average Shares": 75451000.0,
        "Diluted EPS": 0.12,
        "Basic EPS": 0.12,
        "Diluted NI Availto Com Stockholders": 9158000.0,
        "Net Income Common Stockholders": 9158000.0,
        "Preferred Stock Dividends": NaN,
        "Net Income": 9158000.0,
        "Net Income Including Noncontrolling Interests": 9158000.0,
        "Net Income Continuous Operations": 9158000.0,
        "Tax Provision": 2810000.0,
        "Pretax Income": 11968000.0,
        "Other Income Expense": -514000.0,
        "Gain On Sale Of Security": -514000.0,
        "Net Non Operating Interest Income Expense": 52000.0,
        "Interest Expense Non Operating": 3000.0,
        "Interest Income Non Operating": 55000.0,
        "Operating Income": 12430000.0,
        "Operating Expense": 46889000.0,
        "Selling General And Administration": 46889000.0,
        "Selling And Marketing Expense": 32475000.0,
        "General And Administrative Expense": 14414000.0,
        "Other Gand A": 14414000.0,
        "Gross Profit": 59319000.0,
        "Cost Of Revenue": 94701000.0,
        "Total Revenue": 154020000.0,
        "Operating Revenue": 154020000.0
    },
    "2022-03-31": {
        "Diluted EPS": 0.09,
        "Total Revenue": 133,
        "Gross Profit": 54,
        "Operating Income": 10,
        "EBIT": 11,
        "Net Income": 7
    },
    "2021-12-31": {
        "Diluted EPS": 0.16,
        "Total Revenue": 104,
        "Gross Profit": 42,
        "Operating Income": 3,
        "EBIT": 3,
        "Net Income": 12
    },
    "2021-09-30": {
        "Diluted EPS": -0.13,
        "Total Revenue": 95,
        "Gross Profit": 38,
        "Operating Income": -8,
        "EBIT": -8,
        "Net Income": -9
    },
    "2021-06-30": {
        "Diluted EPS": 0.01,
        "Total Revenue": 65,
        "Gross Profit": 28,
        "Operating Income": 0,
        "EBIT": 1,
        "Net Income": 1
    },
    "2021-03-31": {
        "Diluted EPS": 0.01,
        "Total Revenue": 50,
        "Gross Profit": 21,
        "Operating Income": 1,
        "EBIT": 1,
        "Net Income": 1
    },
    "2020-12-31": {
        "Diluted EPS": 0.02,
        "Total Revenue": 36,
        "Gross Profit": 17,
        "Operating Income": 1,
        "EBIT": 1,
        "Net Income": 2
    },
    "2020-09-30": {
        "Diluted EPS": 0.06,
        "Total Revenue": 37,
        "Gross Profit": 18,
        "Operating Income": 5,
        "EBIT": 5,
        "Net Income": 5
    },
    "2020-06-30": {
        "Diluted EPS": 0.02,
        "Total Revenue": 30,
        "Gross Profit": 13,
        "Operating Income": 1,
        "EBIT": 2,
        "Net Income": 2
    },
    "2020-03-31": {
        "Diluted EPS": 0.01,
        "Total Revenue": 28,
        "Gross Profit": 13,
        "Operating Income": 1,
        "EBIT": 1,
        "Net Income": 1
    },
    "2019-12-31": {
        "Diluted EPS": -0.03,
        "Total Revenue": 24,
        "Gross Profit": 10,
        "Operating Income": -1,
        "EBIT": -1,
        "Net Income": -1
    },
    "2019-09-30": {
        "Diluted EPS": 0.03,
        "Total Revenue": 20,
        "Gross Profit": 9,
        "Operating Income": 2,
        "EBIT": 2,
        "Net Income": 1
    },
    "2019-06-30": {
        "Diluted EPS": -0.03,
        "Total Revenue": 16,
        "Gross Profit": 7,
        "Operating Income": -1,
        "EBIT": -1,
        "Net Income": -1
    },
    "2019-03-31": {
        "Diluted EPS": 0.19,
        "Total Revenue": 14,
        "Gross Profit": 6,
        "Operating Income": -1,
        "EBIT": 0,
        "Net Income": 12
    },
    "2018-12-31": {
        "Diluted EPS": -0.02,
        "Total Revenue": 15,
        "Gross Profit": 5,
        "Operating Income": 0,
        "EBIT": 0,
        "Net Income": -1
    },
    "2018-09-30": {
        "Diluted EPS": -0.08,
        "Total Revenue": 17,
        "Gross Profit": 7,
        "Operating Income": -4,
        "EBIT": -4,
        "Net Income": -4
    },
    "2018-06-30": {
        "Diluted EPS": -0.07,
        "Total Revenue": 9,
        "Gross Profit": 4,
        "Operating Income": -3,
        "EBIT": -3,
        "Net Income": -3
    },
    "2018-03-31": {
        "Diluted EPS": -0.06,
        "Total Revenue": 12,
        "Gross Profit": 5,
        "Operating Income": -3,
        "EBIT": -3,
        "Net Income": -3
    },
    "2017-12-31": {
        "Diluted EPS": -0.11,
        "Total Revenue": 9,
        "Gross Profit": 4,
        "Operating Income": -5,
        "EBIT": -5,
        "Net Income": -5
    },
    "2017-09-30": {
        "Diluted EPS": -0.04,
        "Total Revenue": 11,
        "Gross Profit": 5,
        "Operating Income": -2,
        "EBIT": -2,
        "Net Income": -2
    },
    "2017-06-30": {
        "Diluted EPS": 0.01,
        "Total Revenue": 10,
        "Gross Profit": 5,
        "Operating Income": 1,
        "EBIT": 1,
        "Net Income": 0
    },
    "2017-03-31": {
        "Diluted EPS": -0.05,
        "Total Revenue": 6,
        "Gross Profit": 2,
        "Operating Income": -2,
        "EBIT": -2,
        "Net Income": -2
    },
    "2016-12-31": {
        "Diluted EPS": -0.02,
        "Total Revenue": 6,
        "Gross Profit": 3,
        "Operating Income": 0,
        "EBIT": 0,
        "Net Income": -1
    },
    "2016-09-30": {
        "Diluted EPS": 0.0,
        "Total Revenue": 7,
        "Gross Profit": 3,
        "Operating Income": 0,
        "EBIT": 0,
        "Net Income": 0
    },
    "2016-06-30": {
        "Diluted EPS": -0.04,
        "Total Revenue": 6,
        "Gross Profit": 3,
        "Operating Income": -1,
        "EBIT": -1,
        "Net Income": -2
    },
    "2016-03-31": {
        "Diluted EPS": -0.03,
        "Total Revenue": 4,
        "Gross Profit": 2,
        "Operating Income": -1,
        "EBIT": -1,
        "Net Income": -1
    },
    "2015-12-31": {
        "Diluted EPS": -0.03,
        "Total Revenue": 4,
        "Gross Profit": 4,
        "Operating Income": 4,
        "EBIT": 4,
        "Net Income": -1
    },
    "2015-09-30": {
        "Diluted EPS": -0.02,
        "Total Revenue": 4,
        "Gross Profit": 2,
        "Operating Income": -1,
        "EBIT": -1,
        "Net Income": -1
    },
    "2015-06-30": {
        "Diluted EPS": -0.02,
        "Total Revenue": 5,
        "Gross Profit": 5,
        "Operating Income": 5,
        "EBIT": 5,
        "Net Income": -1
    },
    "2015-03-31": {
        "Diluted EPS": 0.01,
        "Total Revenue": 5,
        "Gross Profit": 5,
        "Operating Income": 5,
        "EBIT": 5,
        "Net Income": 0
    },
    "2014-12-31": {
        "Diluted EPS": 0.0,
        "Total Revenue": 5,
        "Gross Profit": 5,
        "Operating Income": 5,
        "EBIT": 5,
        "Net Income": 0
    },
    "2014-09-30": {
        "Diluted EPS": -0.04,
        "Total Revenue": 3,
        "Gross Profit": 3,
        "Operating Income": 3,
        "EBIT": 3,
        "Net Income": -1
    },
    "2014-06-30": {
        "Diluted EPS": -0.04,
        "Total Revenue": 3,
        "Gross Profit": 3,
        "Operating Income": 3,
        "EBIT": 3,
        "Net Income": -1
    },
    "2014-03-31": {
        "Diluted EPS": -0.03,
        "Total Revenue": 4,
        "Gross Profit": 4,
        "Operating Income": 4,
        "EBIT": 4,
        "Net Income": -1
    },
    "2013-12-31": {
        "Diluted EPS": -0.02,
        "Total Revenue": 3,
        "Gross Profit": 3,
        "Operating Income": 3,
        "EBIT": 3,
        "Net Income": 0
    },
    "2013-09-30": {
        "Diluted EPS": -0.04,
        "Total Revenue": 2,
        "Gross Profit": 2,
        "Operating Income": 2,
        "EBIT": 2,
        "Net Income": -1
    },
    "2013-06-30": {
        "Diluted EPS": -0.01,
        "Total Revenue": 3,
        "Gross Profit": 3,
        "Operating Income": 3,
        "EBIT": 3,
        "Net Income": 0
    },
    "2013-03-31": {
        "Diluted EPS": -0.02,
        "Total Revenue": 2,
        "Gross Profit": 1,
        "Operating Income": 0,
        "EBIT": 0,
        "Net Income": 0
    },
    "2012-12-31": {
        "Diluted EPS": -0.02,
        "Total Revenue": 2,
        "Gross Profit": 2,
        "Operating Income": 2,
        "EBIT": 2,
        "Net Income": 0
    },
    "2012-09-30": {
        "Diluted EPS": -0.04,
        "Total Revenue": 1,
        "Gross Profit": 0,
        "Operating Income": -1,
        "EBIT": -1,
        "Net Income": -1
    },
    "2012-06-30": {
        "Diluted EPS": 0.0,
        "Total Revenue": 2,
        "Gross Profit": 0,
        "Operating Income": -1,
        "EBIT": -1,
        "Net Income": -1
    },
    "2011-09-30": {
        "Diluted EPS": -0.01,
        "Total Revenue": 3,
        "Gross Profit": 3,
        "Operating Income": 3,
        "EBIT": 3,
        "Net Income": 0
    },
    "2011-06-30": {
        "Diluted EPS": -0.02,
        "Total Revenue": 2,
        "Gross Profit": 1,
        "Operating Income": 0,
        "EBIT": 0,
        "Net Income": 0
    },
    "2011-03-31": {
        "Diluted EPS": -0.02,
        "Total Revenue": 2,
        "Gross Profit": 2,
        "Operating Income": 2,
        "EBIT": 2,
        "Net Income": 0
    },
    "2010-12-31": {
        "Diluted EPS": -0.3,
        "Total Revenue": 0,
        "Gross Profit": 0,
        "Operating Income": 0,
        "EBIT": 0,
        "Net Income": -6
    },
    "2010-09-30": {
        "Diluted EPS": -0.27,
        "Total Revenue": 2,
        "Gross Profit": 0,
        "Operating Income": -5,
        "EBIT": -5,
        "Net Income": -5
    },
    "2010-06-30": {
        "Diluted EPS": -0.16,
        "Total Revenue": 4,
        "Gross Profit": 2,
        "Operating Income": -3,
        "EBIT": -3,
        "Net Income": -3
    },
    "2010-03-31": {
        "Diluted EPS": -0.4,
        "Total Revenue": 2,
        "Gross Profit": 1,
        "Operating Income": -5,
        "EBIT": -5,
        "Net Income": -6
    },
    "2009-12-31": {
        "Diluted EPS": -0.3,
        "Total Revenue": 2,
        "Gross Profit": 1,
        "Operating Income": -2,
        "EBIT": -2,
        "Net Income": -2
    },
    "2009-09-30": {
        "Diluted EPS": -0.02,
        "Total Revenue": 1,
        "Gross Profit": 1,
        "Operating Income": -3,
        "EBIT": -3,
        "Net Income": -3
    },
    "2009-06-30": {
        "Diluted EPS": -0.01,
        "Total Revenue": 1,
        "Gross Profit": 0,
        "Operating Income": -1,
        "EBIT": -1,
        "Net Income": -1
    },
    "2009-03-31": {
        "Diluted EPS": -0.01,
        "Total Revenue": 1,
        "Gross Profit": 0,
        "Operating Income": -1,
        "EBIT": -1,
        "Net Income": -1
    },
    "2023-06-30": {
        "Tax Effect Of Unusual Items": -240198.0,
        "Tax Rate For Calcs": 0.258,
        "Normalized EBITDA": 66442000.0,
        "Total Unusual Items": -931000.0,
        "Total Unusual Items Excluding Goodwill": -931000.0,
        "Net Income From Continuing Operation Net Minority Interest": 51509000.0,
        "Reconciled Depreciation": 698000.0,
        "Reconciled Cost Of Revenue": 166889000.0,
        "EBITDA": 65511000.0,
        "EBIT": 64813000.0,
        "Net Interest Income": 5573000.0,
        "Interest Income": 5573000.0,
        "Normalized Income": 52199802.0,
        "Net Income From Continuing And Discontinued Operation": 51509000.0,
        "Total Expenses": 261070000.0,
        "Total Operating Income As Reported": 64813000.0,
        "Diluted Average Shares": 236832000.0,
        "Basic Average Shares": 230535000.0,
        "Diluted EPS": 0.17,
        "Basic EPS": 0.18,
        "Diluted NI Availto Com Stockholders": 40858000.0,
        "Average Dilution Earnings": 95000.0,
        "Net Income Common Stockholders": 40763000.0,
        "Otherunder Preferred Stock Dividend": NaN,
        "Preferred Stock Dividends": 10746000.0,
        "Net Income": 51509000.0,
        "Net Income Including Noncontrolling Interests": 51509000.0,
        "Net Income Continuous Operations": 51509000.0,
        "Tax Provision": 17946000.0,
        "Pretax Income": 69455000.0,
        "Other Income Expense": -931000.0,
        "Gain On Sale Of Security": -931000.0,
        "Net Non Operating Interest Income Expense": 5573000.0,
        "Interest Income Non Operating": 5573000.0,
        "Operating Income": 64813000.0,
        "Operating Expense": 94181000.0,
        "Selling General And Administration": 94181000.0,
        "Selling And Marketing Expense": NaN,
        "Gross Profit": 158994000.0,
        "Cost Of Revenue": 166889000.0,
        "Total Revenue": 325883000.0,
        "Operating Revenue": 325883000.0
    },
    "2023-09-30": {
        "Tax Effect Of Unusual Items": -35223.0,
        "Tax Rate For Calcs": 0.199,
        "Normalized EBITDA": 98748000.0,
        "Total Unusual Items": -177000.0,
        "Total Unusual Items Excluding Goodwill": -177000.0,
        "Net Income From Continuing Operation Net Minority Interest": 83949000.0,
        "Reconciled Depreciation": 874000.0,
        "Reconciled Cost Of Revenue": 190675000.0,
        "EBITDA": 98571000.0,
        "EBIT": 97697000.0,
        "Net Interest Income": 7225000.0,
        "Interest Income": 7225000.0,
        "Normalized Income": 84090777.0,
        "Net Income From Continuing And Discontinued Operation": 83949000.0,
        "Total Expenses": 287060000.0,
        "Total Operating Income As Reported": 97697000.0,
        "Diluted Average Shares": 237273000.0,
        "Basic Average Shares": 231006000.0,
        "Diluted EPS": 0.296667,
        "Basic EPS": 0.306667,
        "Diluted NI Availto Com Stockholders": 70534000.0,
        "Average Dilution Earnings": NaN,
        "Net Income Common Stockholders": 70534000.0,
        "Otherunder Preferred Stock Dividend": 6540000.0,
        "Preferred Stock Dividends": 6875000.0,
        "Net Income": 83949000.0,
        "Net Income Including Noncontrolling Interests": 83949000.0,
        "Net Income Continuous Operations": 83949000.0,
        "Tax Provision": 20796000.0,
        "Pretax Income": 104745000.0,
        "Other Income Expense": -177000.0,
        "Gain On Sale Of Security": -177000.0,
        "Net Non Operating Interest Income Expense": 7225000.0,
        "Interest Income Non Operating": 7225000.0,
        "Operating Income": 97697000.0,
        "Operating Expense": 96385000.0,
        "Selling General And Administration": 96385000.0,
        "Selling And Marketing Expense": NaN,
        "Gross Profit": 194082000.0,
        "Cost Of Revenue": 190675000.0,
        "Total Revenue": 384757000.0,
        "Operating Revenue": 384757000.0
    },
    "2023-12-31": {
        "Tax Effect Of Unusual Items": -5213.247769,
        "Tax Rate For Calcs": 0.260662,
        "Normalized EBITDA": 60068000.0,
        "Total Unusual Items": -20000.0,
        "Total Unusual Items Excluding Goodwill": -20000.0,
        "Net Income From Continuing Operation Net Minority Interest": 50116000.0,
        "Reconciled Depreciation": 1105000.0,
        "Reconciled Cost Of Revenue": 181190000.0,
        "EBITDA": 60048000.0,
        "EBIT": 58943000.0,
        "Net Interest Income": 8862000.0,
        "Interest Income": 8862000.0,
        "Normalized Income": 50130786.752231,
        "Net Income From Continuing And Discontinued Operation": 50116000.0,
        "Total Expenses": 288492000.0,
        "Total Operating Income As Reported": 58943000.0,
        "Diluted Average Shares": NaN,
        "Basic Average Shares": NaN,
        "Diluted EPS": NaN,
        "Basic EPS": NaN,
        "Diluted NI Availto Com Stockholders": 39495000.0,
        "Average Dilution Earnings": NaN,
        "Net Income Common Stockholders": 39081000.0,
        "Otherunder Preferred Stock Dividend": 4085000.0,
        "Preferred Stock Dividends": 6950000.0,
        "Net Income": 50116000.0,
        "Net Income Including Noncontrolling Interests": 50116000.0,
        "Net Income Continuous Operations": 50116000.0,
        "Tax Provision": 17669000.0,
        "Pretax Income": 67785000.0,
        "Other Income Expense": -20000.0,
        "Gain On Sale Of Security": -20000.0,
        "Net Non Operating Interest Income Expense": 8862000.0,
        "Interest Income Non Operating": 8862000.0,
        "Operating Income": 58943000.0,
        "Operating Expense": 107302000.0,
        "Selling General And Administration": 107302000.0,
        "Selling And Marketing Expense": NaN,
        "Gross Profit": 166245000.0,
        "Cost Of Revenue": 181190000.0,
        "Total Revenue": 347435000.0,
        "Operating Revenue": 347435000.0
    },
    "2024-03-31": {
        "Tax Effect Of Unusual Items": -58302.0,
        "Tax Rate For Calcs": 0.158,
        "Normalized EBITDA": 84788000.0,
        "Total Unusual Items": -369000.0,
        "Total Unusual Items Excluding Goodwill": -369000.0,
        "Net Income From Continuing Operation Net Minority Interest": 77811000.0,
        "Reconciled Depreciation": 1229000.0,
        "Reconciled Cost Of Revenue": 173501000.0,
        "EBITDA": 84419000.0,
        "EBIT": 83190000.0,
        "Net Interest Income": 9640000.0,
        "Interest Income": 9640000.0,
        "Normalized Income": 78121698.0,
        "Net Income From Continuing And Discontinued Operation": 77811000.0,
        "Total Expenses": 272518000.0,
        "Total Operating Income As Reported": 83190000.0,
        "Diluted Average Shares": 237523000.0,
        "Basic Average Shares": 232780000.0,
        "Diluted EPS": 0.27,
        "Basic EPS": 0.28,
        "Diluted NI Availto Com Stockholders": 64958000.0,
        "Average Dilution Earnings": 112000.0,
        "Net Income Common Stockholders": 64846000.0,
        "Otherunder Preferred Stock Dividend": 6128000.0,
        "Preferred Stock Dividends": 6837000.0,
        "Net Income": 77811000.0,
        "Net Income Including Noncontrolling Interests": 77811000.0,
        "Net Income Continuous Operations": 77811000.0,
        "Tax Provision": 14650000.0,
        "Pretax Income": 92461000.0,
        "Other Income Expense": -369000.0,
        "Gain On Sale Of Security": -369000.0,
        "Net Non Operating Interest Income Expense": 9640000.0,
        "Interest Income Non Operating": 9640000.0,
        "Operating Income": 83190000.0,
        "Operating Expense": 99017000.0,
        "Selling General And Administration": 99017000.0,
        "Selling And Marketing Expense": NaN,
        "Gross Profit": 182207000.0,
        "Cost Of Revenue": 173501000.0,
        "Total Revenue": 355708000.0,
        "Operating Revenue": 355708000.0
    },
    "2024-06-30": {
        "Tax Effect Of Unusual Items": -62568.0,
        "Tax Rate For Calcs": 0.237,
        "Normalized EBITDA": 95931000.0,
        "Total Unusual Items": -264000.0,
        "Total Unusual Items Excluding Goodwill": -264000.0,
        "Net Income From Continuing Operation Net Minority Interest": 79783000.0,
        "Reconciled Depreciation": 1419000.0,
        "Reconciled Cost Of Revenue": 192879000.0,
        "EBITDA": 95667000.0,
        "EBIT": 94248000.0,
        "Net Interest Income": 10647000.0,
        "Interest Income": 10647000.0,
        "Normalized Income": 79984432.0,
        "Net Income From Continuing And Discontinued Operation": 79783000.0,
        "Total Expenses": 307729000.0,
        "Total Operating Income As Reported": 94248000.0,
        "Diluted Average Shares": 237595000.0,
        "Basic Average Shares": 233197000.0,
        "Diluted EPS": 0.28,
        "Basic EPS": 0.29,
        "Diluted NI Availto Com Stockholders": 66764000.0,
        "Average Dilution Earnings": 108000.0,
        "Net Income Common Stockholders": 66656000.0,
        "Otherunder Preferred Stock Dividend": NaN,
        "Preferred Stock Dividends": 13127000.0,
        "Net Income": 79783000.0,
        "Net Income Including Noncontrolling Interests": 79783000.0,
        "Net Income Continuous Operations": 79783000.0,
        "Tax Provision": 24848000.0,
        "Pretax Income": 104631000.0,
        "Other Income Expense": -264000.0,
        "Gain On Sale Of Security": -264000.0,
        "Net Non Operating Interest Income Expense": 10647000.0,
        "Interest Income Non Operating": 10647000.0,
        "Operating Income": 94248000.0,
        "Operating Expense": 114850000.0,
        "Selling General And Administration": 114850000.0,
        "Selling And Marketing Expense": NaN,
        "Gross Profit": 209098000.0,
        "Cost Of Revenue": 192879000.0,
        "Total Revenue": 401977000.0,
        "Operating Revenue": 401977000.0
    }
}