{
    "2023-03-31": {
        "Tax Effect Of Unusual Items": 0.0,
        "Tax Rate For Calcs": 0.239,
        "Normalized EBITDA": 100931000.0,
        "Net Income From Continuing Operation Net Minority Interest": 48115000.0,
        "Reconciled Depreciation": 22109000.0,
        "Reconciled Cost Of Revenue": 649366000.0,
        "EBITDA": 100931000.0,
        "EBIT": 78822000.0,
        "Net Interest Income": -14690000.0,
        "Interest Expense": 14876000.0,
        "Interest Income": 186000.0,
        "Normalized Income": 48115000.0,
        "Net Income From Continuing And Discontinued Operation": 48115000.0,
        "Total Expenses": 830963000.0,
        "Total Operating Income As Reported": 78041000.0,
        "Diluted Average Shares": 53534000.0,
        "Basic Average Shares": 52443000.0,
        "Diluted EPS": 0.9,
        "Basic EPS": 0.92,
        "Diluted NI Availto Com Stockholders": 48115000.0,
        "Net Income Common Stockholders": 48115000.0,
        "Net Income": 48115000.0,
        "Minority Interests": -563000.0,
        "Net Income Including Noncontrolling Interests": 48678000.0,
        "Net Income Continuous Operations": 48678000.0,
        "Tax Provision": 15268000.0,
        "Pretax Income": 63946000.0,
        "Other Income Expense": 595000.0,
        "Other Non Operating Income Expenses": 595000.0,
        "Net Non Operating Interest Income Expense": -14690000.0,
        "Interest Expense Non Operating": 14876000.0,
        "Interest Income Non Operating": 186000.0,
        "Operating Income": 78041000.0,
        "Operating Expense": 181597000.0,
        "Selling General And Administration": 181597000.0,
        "Gross Profit": 259638000.0,
        "Cost Of Revenue": 649366000.0,
        "Total Revenue": 909004000.0,
        "Operating Revenue": 909004000.0
    },
    "2022-12-31": {
        "Tax Effect Of Unusual Items": 0.0,
        "Tax Rate For Calcs": 0.242,
        "Normalized EBITDA": 24490000.0,
        "Net Income From Continuing Operation Net Minority Interest": -8433000.0,
        "Reconciled Depreciation": 21692000.0,
        "Reconciled Cost Of Revenue": 455964000.0,
        "EBITDA": 24490000.0,
        "EBIT": 2798000.0,
        "Net Interest Income": -13776000.0,
        "Interest Expense": 14469000.0,
        "Interest Income": 693000.0,
        "Normalized Income": -8433000.0,
        "Net Income From Continuing And Discontinued Operation": -8433000.0,
        "Total Expenses": 627257000.0,
        "Total Operating Income As Reported": 406000.0,
        "Diluted Average Shares": 52478000.0,
        "Basic Average Shares": 52478000.0,
        "Diluted EPS": -0.16,
        "Basic EPS": -0.16,
        "Diluted NI Availto Com Stockholders": -8433000.0,
        "Net Income Common Stockholders": -8433000.0,
        "Net Income": -8433000.0,
        "Minority Interests": 416000.0,
        "Net Income Including Noncontrolling Interests": -8849000.0,
        "Net Income Continuous Operations": -8849000.0,
        "Tax Provision": -2822000.0,
        "Pretax Income": -11671000.0,
        "Other Income Expense": 1699000.0,
        "Other Non Operating Income Expenses": 1699000.0,
        "Net Non Operating Interest Income Expense": -13776000.0,
        "Interest Expense Non Operating": 14469000.0,
        "Interest Income Non Operating": 693000.0,
        "Operating Income": 406000.0,
        "Operating Expense": 171293000.0,
        "Selling General And Administration": 171293000.0,
        "Gross Profit": 171699000.0,
        "Cost Of Revenue": 455964000.0,
        "Total Revenue": 627663000.0,
        "Operating Revenue": 627663000.0
    },
    "2022-09-30": {
        "Tax Effect Of Unusual Items": 0.0,
        "Tax Rate For Calcs": 0.314493,
        "Normalized EBITDA": 33785000.0,
        "Net Income From Continuing Operation Net Minority Interest": -1990000.0,
        "Reconciled Depreciation": 22615000.0,
        "Reconciled Cost Of Revenue": 507751000.0,
        "EBITDA": 33785000.0,
        "EBIT": 11170000.0,
        "Net Interest Income": -14089000.0,
        "Interest Expense": 14620000.0,
        "Interest Income": 531000.0,
        "Normalized Income": -1990000.0,
        "Net Income From Continuing And Discontinued Operation": -1990000.0,
        "Total Expenses": 694544000.0,
        "Total Operating Income As Reported": 12898000.0,
        "Diluted Average Shares": 52718000.0,
        "Basic Average Shares": 52718000.0,
        "Diluted EPS": -0.04,
        "Basic EPS": -0.04,
        "Diluted NI Availto Com Stockholders": -1990000.0,
        "Net Income Common Stockholders": -1990000.0,
        "Net Income": -1990000.0,
        "Minority Interests": 375000.0,
        "Net Income Including Noncontrolling Interests": -2365000.0,
        "Net Income Continuous Operations": -2365000.0,
        "Tax Provision": -1085000.0,
        "Pretax Income": -3450000.0,
        "Other Income Expense": -2259000.0,
        "Other Non Operating Income Expenses": -2259000.0,
        "Net Non Operating Interest Income Expense": -14089000.0,
        "Interest Expense Non Operating": 14620000.0,
        "Interest Income Non Operating": 531000.0,
        "Operating Income": 12898000.0,
        "Operating Expense": 186793000.0,
        "Selling General And Administration": 186793000.0,
        "Gross Profit": 199691000.0,
        "Cost Of Revenue": 507751000.0,
        "Total Revenue": 707442000.0,
        "Operating Revenue": 707442000.0
    },
    "2022-06-30": {
        "Tax Effect Of Unusual Items": 0.0,
        "Tax Rate For Calcs": 0.237,
        "Normalized EBITDA": 113407000.0,
        "Net Income From Continuing Operation Net Minority Interest": 75420000.0,
        "Reconciled Depreciation": 19884000.0,
        "Reconciled Cost Of Revenue": 707752000.0,
        "EBITDA": 113407000.0,
        "EBIT": 113407000.0,
        "Net Interest Income": -14335000.0,
        "Interest Expense": 14422000.0,
        "Interest Income": 87000.0,
        "Normalized Income": 75420000.0,
        "Net Income From Continuing And Discontinued Operation": 75420000.0,
        "Total Expenses": 901299000.0,
        "Total Operating Income As Reported": 114079000.0,
        "Diluted Average Shares": 54329000.0,
        "Basic Average Shares": 53237000.0,
        "Diluted EPS": 1.39,
        "Basic EPS": 1.42,
        "Diluted NI Availto Com Stockholders": 75420000.0,
        "Net Income Common Stockholders": 75420000.0,
        "Net Income": 75420000.0,
        "Minority Interests": -135000.0,
        "Net Income Including Noncontrolling Interests": 75555000.0,
        "Net Income Continuous Operations": 75555000.0,
        "Tax Provision": 23430000.0,
        "Pretax Income": 98985000.0,
        "Other Income Expense": -759000.0,
        "Other Non Operating Income Expenses": -759000.0,
        "Net Non Operating Interest Income Expense": -14335000.0,
        "Interest Expense Non Operating": 14422000.0,
        "Interest Income Non Operating": 87000.0,
        "Operating Income": 114079000.0,
        "Operating Expense": 193547000.0,
        "Selling General And Administration": 193547000.0,
        "Gross Profit": 307626000.0,
        "Cost Of Revenue": 707752000.0,
        "Total Revenue": 1015378000.0,
        "Operating Revenue": 1015378000.0
    },
    "2023-06-30": {
        "Tax Effect Of Unusual Items": 0.0,
        "Tax Rate For Calcs": 0.244,
        "Normalized EBITDA": 146794000.0,
        "Net Income From Continuing Operation Net Minority Interest": 83126000.0,
        "Reconciled Depreciation": 21703000.0,
        "Reconciled Cost Of Revenue": 705217000.0,
        "EBITDA": 146794000.0,
        "EBIT": 125091000.0,
        "Net Interest Income": -13134000.0,
        "Interest Expense": 14542000.0,
        "Interest Income": 1408000.0,
        "Normalized Income": 83126000.0,
        "Net Income From Continuing And Discontinued Operation": 83126000.0,
        "Total Expenses": 900439000.0,
        "Total Operating Income As Reported": 122830000.0,
        "Diluted Average Shares": 53380000.0,
        "Basic Average Shares": 52464000.0,
        "Diluted EPS": 1.56,
        "Basic EPS": 1.58,
        "Diluted NI Availto Com Stockholders": 83126000.0,
        "Net Income Common Stockholders": 83126000.0,
        "Net Income": 83126000.0,
        "Minority Interests": -423000.0,
        "Net Income Including Noncontrolling Interests": 83549000.0,
        "Net Income Continuous Operations": 83549000.0,
        "Tax Provision": 27000000.0,
        "Pretax Income": 110549000.0,
        "Other Income Expense": 853000.0,
        "Other Non Operating Income Expenses": 853000.0,
        "Net Non Operating Interest Income Expense": -13134000.0,
        "Interest Expense Non Operating": 14542000.0,
        "Interest Income Non Operating": 1408000.0,
        "Operating Income": 122830000.0,
        "Operating Expense": 195222000.0,
        "Selling General And Administration": 195222000.0,
        "Gross Profit": 318052000.0,
        "Cost Of Revenue": 705217000.0,
        "Total Revenue": 1023269000.0,
        "Operating Revenue": 1023269000.0
    },
    "2022-03-31": {
        "Diluted EPS": 1.27,
        "Total Revenue": 954,
        "Gross Profit": 287,
        "Operating Income": 107,
        "EBIT": 126,
        "Net Income": 70
    },
    "2021-12-31": {
        "Diluted EPS": 0.16,
        "Total Revenue": 661,
        "Gross Profit": 198,
        "Operating Income": 26,
        "EBIT": 47,
        "Net Income": 9
    },
    "2021-09-30": {
        "Diluted EPS": -0.04,
        "Total Revenue": 739,
        "Gross Profit": 213,
        "Operating Income": 10,
        "EBIT": 32,
        "Net Income": -3
    },
    "2021-06-30": {
        "Diluted EPS": 1.37,
        "Total Revenue": NaN,
        "Gross Profit": 320,
        "Operating Income": 113,
        "EBIT": 135,
        "Net Income": 76
    },
    "2021-03-31": {
        "Diluted EPS": 1.32,
        "Total Revenue": 935,
        "Gross Profit": 272,
        "Operating Income": 105,
        "EBIT": 124,
        "Net Income": 73
    },
    "2020-12-31": {
        "Diluted EPS": 0.1,
        "Total Revenue": 592,
        "Gross Profit": 165,
        "Operating Income": 27,
        "EBIT": 40,
        "Net Income": 6
    },
    "2020-09-30": {
        "Diluted EPS": 0.23,
        "Total Revenue": 676,
        "Gross Profit": 196,
        "Operating Income": 25,
        "EBIT": 41,
        "Net Income": 14
    },
    "2020-06-30": {
        "Diluted EPS": 1.27,
        "Total Revenue": 833,
        "Gross Profit": 262,
        "Operating Income": 105,
        "EBIT": 118,
        "Net Income": 69
    },
    "2020-03-31": {
        "Diluted EPS": 0.78,
        "Total Revenue": 703,
        "Gross Profit": 207,
        "Operating Income": 66,
        "EBIT": 80,
        "Net Income": 43
    },
    "2019-12-31": {
        "Diluted EPS": -0.08,
        "Total Revenue": 483,
        "Gross Profit": 131,
        "Operating Income": 2,
        "EBIT": 16,
        "Net Income": -4
    },
    "2019-09-30": {
        "Diluted EPS": 0.05,
        "Total Revenue": 541,
        "Gross Profit": 149,
        "Operating Income": 11,
        "EBIT": 25,
        "Net Income": 2
    },
    "2019-06-30": {
        "Diluted EPS": 0.8,
        "Total Revenue": 707,
        "Gross Profit": 219,
        "Operating Income": 69,
        "EBIT": 82,
        "Net Income": 46
    },
    "2019-03-31": {
        "Diluted EPS": 0.73,
        "Total Revenue": 674,
        "Gross Profit": 206,
        "Operating Income": 62,
        "EBIT": 74,
        "Net Income": 42
    },
    "2018-12-31": {
        "Diluted EPS": 0.03,
        "Total Revenue": 462,
        "Gross Profit": 130,
        "Operating Income": 10,
        "EBIT": 23,
        "Net Income": 2
    },
    "2018-09-30": {
        "Diluted EPS": 0.17,
        "Total Revenue": 502,
        "Gross Profit": 147,
        "Operating Income": 18,
        "EBIT": 31,
        "Net Income": 11
    },
    "2018-06-30": {
        "Diluted EPS": 0.79,
        "Total Revenue": 658,
        "Gross Profit": 202,
        "Operating Income": 61,
        "EBIT": 74,
        "Net Income": 42
    },
    "2018-03-31": {
        "Diluted EPS": 0.86,
        "Total Revenue": 613,
        "Gross Profit": 194,
        "Operating Income": 66,
        "EBIT": 77,
        "Net Income": 45
    },
    "2017-12-31": {
        "Diluted EPS": 0.5,
        "Total Revenue": 442,
        "Gross Profit": 132,
        "Operating Income": 23,
        "EBIT": 34,
        "Net Income": 26
    },
    "2017-09-30": {
        "Diluted EPS": 0.08,
        "Total Revenue": 490,
        "Gross Profit": 145,
        "Operating Income": 14,
        "EBIT": 26,
        "Net Income": 4
    },
    "2017-06-30": {
        "Diluted EPS": 0.62,
        "Total Revenue": 575,
        "Gross Profit": 183,
        "Operating Income": 58,
        "EBIT": 69,
        "Net Income": 32
    },
    "2017-03-31": {
        "Diluted EPS": 0.67,
        "Total Revenue": 570,
        "Gross Profit": 184,
        "Operating Income": 64,
        "EBIT": 75,
        "Net Income": 35
    },
    "2016-12-31": {
        "Diluted EPS": 0.15,
        "Total Revenue": 419,
        "Gross Profit": 121,
        "Operating Income": 20,
        "EBIT": 30,
        "Net Income": 8
    },
    "2016-09-30": {
        "Diluted EPS": -0.11,
        "Total Revenue": 413,
        "Gross Profit": 120,
        "Operating Income": 13,
        "EBIT": 24,
        "Net Income": -6
    },
    "2016-06-30": {
        "Diluted EPS": 0.51,
        "Total Revenue": 515,
        "Gross Profit": 164,
        "Operating Income": 48,
        "EBIT": 60,
        "Net Income": 26
    },
    "2016-03-31": {
        "Diluted EPS": 0.65,
        "Total Revenue": 541,
        "Gross Profit": 169,
        "Operating Income": 59,
        "EBIT": 69,
        "Net Income": 33
    },
    "2015-12-31": {
        "Diluted EPS": -0.18,
        "Total Revenue": 360,
        "Gross Profit": 100,
        "Operating Income": 9,
        "EBIT": 18,
        "Net Income": -9
    },
    "2015-09-30": {
        "Diluted EPS": -0.09,
        "Total Revenue": 386,
        "Gross Profit": 108,
        "Operating Income": 1,
        "EBIT": 10,
        "Net Income": -4
    },
    "2015-06-30": {
        "Diluted EPS": 0.38,
        "Total Revenue": 459,
        "Gross Profit": 142,
        "Operating Income": 39,
        "EBIT": 48,
        "Net Income": 19
    },
    "2015-03-31": {
        "Diluted EPS": 0.47,
        "Total Revenue": 498,
        "Gross Profit": 150,
        "Operating Income": 50,
        "EBIT": 59,
        "Net Income": 23
    },
    "2014-12-31": {
        "Diluted EPS": -0.12,
        "Total Revenue": 307,
        "Gross Profit": 88,
        "Operating Income": 1,
        "EBIT": 10,
        "Net Income": -6
    },
    "2014-09-30": {
        "Diluted EPS": -0.08,
        "Total Revenue": 374,
        "Gross Profit": 108,
        "Operating Income": 1,
        "EBIT": 13,
        "Net Income": -4
    },
    "2014-06-30": {
        "Diluted EPS": 0.09,
        "Total Revenue": 438,
        "Gross Profit": 119,
        "Operating Income": 18,
        "EBIT": 28,
        "Net Income": 5
    },
    "2014-03-31": {
        "Diluted EPS": 0.43,
        "Total Revenue": 502,
        "Gross Profit": 148,
        "Operating Income": 45,
        "EBIT": 54,
        "Net Income": 21
    },
    "2013-12-31": {
        "Diluted EPS": -0.26,
        "Total Revenue": 291,
        "Gross Profit": 80,
        "Operating Income": -8,
        "EBIT": 0,
        "Net Income": -13
    },
    "2013-09-30": {
        "Diluted EPS": -0.46,
        "Total Revenue": 369,
        "Gross Profit": 81,
        "Operating Income": -26,
        "EBIT": -15,
        "Net Income": -23
    },
    "2013-06-30": {
        "Diluted EPS": 0.28,
        "Total Revenue": 494,
        "Gross Profit": 152,
        "Operating Income": 33,
        "EBIT": 41,
        "Net Income": 14
    },
    "2013-03-31": {
        "Diluted EPS": 0.46,
        "Total Revenue": 498,
        "Gross Profit": 153,
        "Operating Income": 47,
        "EBIT": 55,
        "Net Income": 22
    },
    "2012-12-31": {
        "Diluted EPS": -0.32,
        "Total Revenue": 292,
        "Gross Profit": 77,
        "Operating Income": -13,
        "EBIT": -5,
        "Net Income": -15
    },
    "2012-09-30": {
        "Diluted EPS": -0.21,
        "Total Revenue": 397,
        "Gross Profit": 105,
        "Operating Income": -8,
        "EBIT": -1,
        "Net Income": -10
    },
    "2012-06-30": {
        "Diluted EPS": 0.47,
        "Total Revenue": 534,
        "Gross Profit": 181,
        "Operating Income": 49,
        "EBIT": 57,
        "Net Income": 23
    },
    "2012-03-31": {
        "Diluted EPS": 0.45,
        "Total Revenue": 467,
        "Gross Profit": 148,
        "Operating Income": 45,
        "EBIT": 53,
        "Net Income": 22
    },
    "2011-12-31": {
        "Diluted EPS": -0.27,
        "Total Revenue": 302,
        "Gross Profit": 81,
        "Operating Income": -11,
        "EBIT": -4,
        "Net Income": -13
    },
    "2011-09-30": {
        "Diluted EPS": -0.19,
        "Total Revenue": 377,
        "Gross Profit": 98,
        "Operating Income": -5,
        "EBIT": 3,
        "Net Income": -11
    },
    "2011-06-30": {
        "Diluted EPS": 0.31,
        "Total Revenue": 484,
        "Gross Profit": 149,
        "Operating Income": 37,
        "EBIT": 44,
        "Net Income": 17
    },
    "2011-03-31": {
        "Diluted EPS": 0.54,
        "Total Revenue": 486,
        "Gross Profit": 163,
        "Operating Income": 60,
        "EBIT": 67,
        "Net Income": 32
    },
    "2010-12-31": {
        "Diluted EPS": -0.16,
        "Total Revenue": 282,
        "Gross Profit": 83,
        "Operating Income": -6,
        "EBIT": 1,
        "Net Income": -10
    },
    "2010-09-30": {
        "Diluted EPS": -0.15,
        "Total Revenue": 347,
        "Gross Profit": 103,
        "Operating Income": -5,
        "EBIT": 15,
        "Net Income": -9
    },
    "2010-06-30": {
        "Diluted EPS": 0.4,
        "Total Revenue": 465,
        "Gross Profit": 163,
        "Operating Income": 53,
        "EBIT": 60,
        "Net Income": 26
    },
    "2010-03-31": {
        "Diluted EPS": 0.49,
        "Total Revenue": 442,
        "Gross Profit": 161,
        "Operating Income": 61,
        "EBIT": 68,
        "Net Income": 32
    },
    "2009-12-31": {
        "Diluted EPS": -0.04,
        "Total Revenue": 269,
        "Gross Profit": 88,
        "Operating Income": 1,
        "EBIT": 8,
        "Net Income": -3
    },
    "2009-09-30": {
        "Diluted EPS": 0.12,
        "Total Revenue": 363,
        "Gross Profit": 116,
        "Operating Income": 20,
        "EBIT": 27,
        "Net Income": 8
    },
    "2009-06-30": {
        "Diluted EPS": 0.44,
        "Total Revenue": 482,
        "Gross Profit": 165,
        "Operating Income": 52,
        "EBIT": 59,
        "Net Income": 31
    },
    "2009-03-31": {
        "Diluted EPS": 0.47,
        "Total Revenue": 476,
        "Gross Profit": 161,
        "Operating Income": 57,
        "EBIT": 64,
        "Net Income": 33
    },
    "2023-09-30": {
        "Tax Effect Of Unusual Items": 0.0,
        "Tax Rate For Calcs": 0.21,
        "Normalized EBITDA": 34955000.0,
        "Net Income From Continuing Operation Net Minority Interest": 2835000.0,
        "Reconciled Depreciation": 22196000.0,
        "Reconciled Cost Of Revenue": 552694000.0,
        "EBITDA": 34955000.0,
        "EBIT": 12759000.0,
        "Net Interest Income": -8063000.0,
        "Interest Expense": 13138000.0,
        "Interest Income": 5075000.0,
        "Normalized Income": 2835000.0,
        "Net Income From Continuing And Discontinued Operation": 2835000.0,
        "Total Expenses": 740778000.0,
        "Total Operating Income As Reported": 9369000.0,
        "Diluted Average Shares": 53337000.0,
        "Basic Average Shares": 52212000.0,
        "Diluted EPS": 0.05,
        "Basic EPS": 0.05,
        "Diluted NI Availto Com Stockholders": 2835000.0,
        "Net Income Common Stockholders": 2835000.0,
        "Net Income": 2835000.0,
        "Minority Interests": 116000.0,
        "Net Income Including Noncontrolling Interests": 2719000.0,
        "Net Income Continuous Operations": 2719000.0,
        "Tax Provision": -3098000.0,
        "Pretax Income": -379000.0,
        "Other Income Expense": -1685000.0,
        "Other Non Operating Income Expenses": -1685000.0,
        "Net Non Operating Interest Income Expense": -8063000.0,
        "Interest Expense Non Operating": 13138000.0,
        "Interest Income Non Operating": 5075000.0,
        "Operating Income": 9369000.0,
        "Operating Expense": 188084000.0,
        "Selling General And Administration": 188084000.0,
        "Gross Profit": 197453000.0,
        "Cost Of Revenue": 552694000.0,
        "Total Revenue": 750147000.0,
        "Operating Revenue": 750147000.0
    }
}