{
    "2023-03-31": {
        "Tax Effect Of Unusual Items": -296907.216495,
        "Tax Rate For Calcs": 0.005155,
        "Normalized EBITDA": 43400000.0,
        "Total Unusual Items": -57600000.0,
        "Total Unusual Items Excluding Goodwill": -57600000.0,
        "Net Income From Continuing Operation Net Minority Interest": -38600000.0,
        "Reconciled Depreciation": 15900000.0,
        "Reconciled Cost Of Revenue": 504300000.0,
        "EBITDA": -14200000.0,
        "EBIT": -30100000.0,
        "Net Interest Income": -8400000.0,
        "Interest Expense": 8700000.0,
        "Interest Income": 300000.0,
        "Normalized Income": 18703092.783505,
        "Net Income From Continuing And Discontinued Operation": -38600000.0,
        "Total Expenses": 524900000.0,
        "Total Operating Income As Reported": 27500000.0,
        "Diluted Average Shares": 92300000.0,
        "Basic Average Shares": 92300000.0,
        "Diluted EPS": -0.42,
        "Basic EPS": -0.42,
        "Diluted NI Availto Com Stockholders": -38600000.0,
        "Average Dilution Earnings": NaN,
        "Net Income Common Stockholders": -38600000.0,
        "Otherunder Preferred Stock Dividend": 0.0,
        "Net Income": -38600000.0,
        "Minority Interests": NaN,
        "Net Income Including Noncontrolling Interests": -38600000.0,
        "Net Income Continuous Operations": -38600000.0,
        "Earnings From Equity Interest Net Of Tax": NaN,
        "Tax Provision": -200000.0,
        "Pretax Income": -38800000.0,
        "Other Income Expense": -57900000.0,
        "Other Non Operating Income Expenses": -300000.0,
        "Special Income Charges": NaN,
        "Write Off": NaN,
        "Gain On Sale Of Security": -57600000.0,
        "Net Non Operating Interest Income Expense": -8400000.0,
        "Interest Expense Non Operating": 8700000.0,
        "Interest Income Non Operating": 300000.0,
        "Operating Income": 27500000.0,
        "Operating Expense": 20600000.0,
        "Other Operating Expenses": 7200000.0,
        "Selling General And Administration": 13400000.0,
        "Gross Profit": 48100000.0,
        "Cost Of Revenue": 504300000.0,
        "Total Revenue": 552400000.0,
        "Operating Revenue": 552400000.0
    },
    "2022-12-31": {
        "Tax Effect Of Unusual Items": -11932006.125574,
        "Tax Rate For Calcs": 0.1317,
        "Normalized EBITDA": -15700000.0,
        "Total Unusual Items": -90600000.0,
        "Total Unusual Items Excluding Goodwill": -90600000.0,
        "Net Income From Continuing Operation Net Minority Interest": -113500000.0,
        "Reconciled Depreciation": 15900000.0,
        "Reconciled Cost Of Revenue": 549300000.0,
        "EBITDA": -106300000.0,
        "EBIT": -122200000.0,
        "Net Interest Income": -8100000.0,
        "Interest Expense": 8400000.0,
        "Interest Income": 300000.0,
        "Normalized Income": -34832006.125574,
        "Net Income From Continuing And Discontinued Operation": -113500000.0,
        "Total Expenses": 560400000.0,
        "Total Operating Income As Reported": -30500000.0,
        "Diluted Average Shares": 91700000.0,
        "Basic Average Shares": 91700000.0,
        "Diluted EPS": -1.24,
        "Basic EPS": -1.24,
        "Diluted NI Availto Com Stockholders": -108400000.0,
        "Average Dilution Earnings": NaN,
        "Net Income Common Stockholders": -107500000.0,
        "Otherunder Preferred Stock Dividend": NaN,
        "Net Income": -113500000.0,
        "Minority Interests": NaN,
        "Net Income Including Noncontrolling Interests": -113500000.0,
        "Net Income Continuous Operations": -113500000.0,
        "Earnings From Equity Interest Net Of Tax": NaN,
        "Tax Provision": -17200000.0,
        "Pretax Income": -130600000.0,
        "Other Income Expense": -92000000.0,
        "Other Non Operating Income Expenses": -1400000.0,
        "Special Income Charges": 0.0,
        "Write Off": 0.0,
        "Gain On Sale Of Security": -90600000.0,
        "Net Non Operating Interest Income Expense": -8100000.0,
        "Interest Expense Non Operating": 8400000.0,
        "Interest Income Non Operating": 300000.0,
        "Operating Income": -30500000.0,
        "Operating Expense": 11100000.0,
        "Other Operating Expenses": NaN,
        "Selling General And Administration": 11300000.0,
        "Gross Profit": -19400000.0,
        "Cost Of Revenue": 549300000.0,
        "Total Revenue": 529900000.0,
        "Operating Revenue": 529900000.0
    },
    "2022-09-30": {
        "Tax Effect Of Unusual Items": 35740523.882897,
        "Tax Rate For Calcs": 0.317411,
        "Normalized EBITDA": -39800000.0,
        "Total Unusual Items": 112600000.0,
        "Total Unusual Items Excluding Goodwill": 112600000.0,
        "Net Income From Continuing Operation Net Minority Interest": 44300000.0,
        "Reconciled Depreciation": 15400000.0,
        "Reconciled Cost Of Revenue": 680200000.0,
        "EBITDA": 72800000.0,
        "EBIT": 72800000.0,
        "Net Interest Income": -7800000.0,
        "Interest Expense": 7900000.0,
        "Interest Income": 100000.0,
        "Normalized Income": -32559476.117103,
        "Net Income From Continuing And Discontinued Operation": 44300000.0,
        "Total Expenses": 688700000.0,
        "Total Operating Income As Reported": -51500000.0,
        "Diluted Average Shares": 97300000.0,
        "Basic Average Shares": 91300000.0,
        "Diluted EPS": 0.43,
        "Basic EPS": 0.46,
        "Diluted NI Availto Com Stockholders": 41600000.0,
        "Average Dilution Earnings": 300000.0,
        "Net Income Common Stockholders": 41600000.0,
        "Otherunder Preferred Stock Dividend": 2700000.0,
        "Net Income": 44300000.0,
        "Minority Interests": NaN,
        "Net Income Including Noncontrolling Interests": 44300000.0,
        "Net Income Continuous Operations": 44300000.0,
        "Earnings From Equity Interest Net Of Tax": NaN,
        "Tax Provision": 20600000.0,
        "Pretax Income": 64900000.0,
        "Other Income Expense": 124200000.0,
        "Other Non Operating Income Expenses": 11600000.0,
        "Special Income Charges": 0.0,
        "Write Off": 0.0,
        "Gain On Sale Of Security": 112600000.0,
        "Net Non Operating Interest Income Expense": -7800000.0,
        "Interest Expense Non Operating": 7900000.0,
        "Interest Income Non Operating": 100000.0,
        "Operating Income": -51500000.0,
        "Operating Expense": 8500000.0,
        "Other Operating Expenses": -200000.0,
        "Selling General And Administration": 8700000.0,
        "Gross Profit": -43000000.0,
        "Cost Of Revenue": 680200000.0,
        "Total Revenue": 637200000.0,
        "Operating Revenue": 637200000.0
    },
    "2022-06-30": {
        "Tax Effect Of Unusual Items": 28960000.0,
        "Tax Rate For Calcs": 0.4,
        "Normalized EBITDA": 35700000.0,
        "Total Unusual Items": 72400000.0,
        "Total Unusual Items Excluding Goodwill": 72400000.0,
        "Net Income From Continuing Operation Net Minority Interest": 37400000.0,
        "Reconciled Depreciation": 22700000.0,
        "Reconciled Cost Of Revenue": 840700000.0,
        "EBITDA": 108100000.0,
        "EBIT": 85400000.0,
        "Net Interest Income": -5700000.0,
        "Interest Expense": 5700000.0,
        "Interest Income": 0.0,
        "Normalized Income": -6040000.0,
        "Net Income From Continuing And Discontinued Operation": 37400000.0,
        "Total Expenses": 846700000.0,
        "Total Operating Income As Reported": -149500000.0,
        "Diluted Average Shares": 97600000.0,
        "Basic Average Shares": 91200000.0,
        "Diluted EPS": 0.36,
        "Basic EPS": 0.38,
        "Diluted NI Availto Com Stockholders": 35500000.0,
        "Average Dilution Earnings": 400000.0,
        "Net Income Common Stockholders": 35100000.0,
        "Otherunder Preferred Stock Dividend": 2300000.0,
        "Net Income": 37400000.0,
        "Minority Interests": NaN,
        "Net Income Including Noncontrolling Interests": 37400000.0,
        "Net Income Continuous Operations": 37400000.0,
        "Earnings From Equity Interest Net Of Tax": 0.0,
        "Tax Provision": 42300000.0,
        "Pretax Income": 79700000.0,
        "Other Income Expense": 75500000.0,
        "Other Non Operating Income Expenses": 3100000.0,
        "Special Income Charges": -159400000.0,
        "Write Off": 159400000.0,
        "Gain On Sale Of Security": 231800000.0,
        "Net Non Operating Interest Income Expense": -5700000.0,
        "Interest Expense Non Operating": 5700000.0,
        "Interest Income Non Operating": 0.0,
        "Operating Income": 9900000.0,
        "Operating Expense": 6000000.0,
        "Other Operating Expenses": 200000.0,
        "Selling General And Administration": 5800000.0,
        "Gross Profit": 15900000.0,
        "Cost Of Revenue": 840700000.0,
        "Total Revenue": 856600000.0,
        "Operating Revenue": 856600000.0
    },
    "2022-03-31": {
        "Diluted EPS": 0.18,
        "Total Revenue": 754,
        "Gross Profit": 93,
        "Operating Income": 81,
        "EBIT": 101,
        "Net Income": 17
    },
    "2021-12-31": {
        "Diluted EPS": 0.67,
        "Total Revenue": 659,
        "Gross Profit": 69,
        "Operating Income": 51,
        "EBIT": 71,
        "Net Income": 60
    },
    "2021-09-30": {
        "Diluted EPS": -0.58,
        "Total Revenue": 581,
        "Gross Profit": 55,
        "Operating Income": 40,
        "EBIT": 61,
        "Net Income": -52
    },
    "2021-06-30": {
        "Diluted EPS": -0.39,
        "Total Revenue": 528,
        "Gross Profit": 21,
        "Operating Income": 12,
        "EBIT": 33,
        "Net Income": -35
    },
    "2021-03-31": {
        "Diluted EPS": -1.55,
        "Total Revenue": 444,
        "Gross Profit": -21,
        "Operating Income": -37,
        "EBIT": -16,
        "Net Income": -140
    },
    "2020-12-31": {
        "Diluted EPS": -0.4,
        "Total Revenue": 389,
        "Gross Profit": -1,
        "Operating Income": -13,
        "EBIT": 8,
        "Net Income": -36
    },
    "2020-09-30": {
        "Diluted EPS": -0.65,
        "Total Revenue": 393,
        "Gross Profit": -27,
        "Operating Income": -38,
        "EBIT": -17,
        "Net Income": -58
    },
    "2020-06-30": {
        "Diluted EPS": -0.3,
        "Total Revenue": 402,
        "Gross Profit": -13,
        "Operating Income": -25,
        "EBIT": -5,
        "Net Income": -27
    },
    "2020-03-31": {
        "Diluted EPS": -0.03,
        "Total Revenue": 421,
        "Gross Profit": 5,
        "Operating Income": -4,
        "EBIT": 16,
        "Net Income": -3
    },
    "2019-12-31": {
        "Diluted EPS": -0.06,
        "Total Revenue": 436,
        "Gross Profit": 7,
        "Operating Income": -3,
        "EBIT": 17,
        "Net Income": -5
    },
    "2019-09-30": {
        "Diluted EPS": -0.23,
        "Total Revenue": 438,
        "Gross Profit": -14,
        "Operating Income": -25,
        "EBIT": -5,
        "Net Income": -21
    },
    "2019-06-30": {
        "Diluted EPS": -0.23,
        "Total Revenue": 473,
        "Gross Profit": -4,
        "Operating Income": -16,
        "EBIT": 3,
        "Net Income": -21
    },
    "2019-03-31": {
        "Diluted EPS": -0.39,
        "Total Revenue": 490,
        "Gross Profit": -13,
        "Operating Income": -28,
        "EBIT": -4,
        "Net Income": -35
    },
    "2018-12-31": {
        "Diluted EPS": -0.73,
        "Total Revenue": 487,
        "Gross Profit": -59,
        "Operating Income": -68,
        "EBIT": -46,
        "Net Income": -65
    },
    "2018-09-30": {
        "Diluted EPS": -0.23,
        "Total Revenue": 482,
        "Gross Profit": -12,
        "Operating Income": -16,
        "EBIT": 8,
        "Net Income": -20
    },
    "2018-06-30": {
        "Diluted EPS": 0.2,
        "Total Revenue": 470,
        "Gross Profit": 34,
        "Operating Income": 22,
        "EBIT": 44,
        "Net Income": 19
    },
    "2018-03-31": {
        "Diluted EPS": 0.0,
        "Total Revenue": 455,
        "Gross Profit": 15,
        "Operating Income": 4,
        "EBIT": 25,
        "Net Income": 0
    },
    "2017-12-31": {
        "Diluted EPS": 0.39,
        "Total Revenue": 434,
        "Gross Profit": 51,
        "Operating Income": 47,
        "EBIT": 68,
        "Net Income": 38
    },
    "2017-09-30": {
        "Diluted EPS": 0.22,
        "Total Revenue": 401,
        "Gross Profit": 41,
        "Operating Income": 33,
        "EBIT": 53,
        "Net Income": 19
    },
    "2017-06-30": {
        "Diluted EPS": 0.07,
        "Total Revenue": 389,
        "Gross Profit": 23,
        "Operating Income": 13,
        "EBIT": 34,
        "Net Income": 7
    },
    "2017-03-31": {
        "Diluted EPS": -0.17,
        "Total Revenue": 366,
        "Gross Profit": 17,
        "Operating Income": 5,
        "EBIT": 26,
        "Net Income": -15
    },
    "2016-12-31": {
        "Diluted EPS": -1.93,
        "Total Revenue": 340,
        "Gross Profit": 9,
        "Operating Income": -154,
        "EBIT": -133,
        "Net Income": -168
    },
    "2016-09-30": {
        "Diluted EPS": -0.67,
        "Total Revenue": 334,
        "Gross Profit": -18,
        "Operating Income": -55,
        "EBIT": -34,
        "Net Income": -58
    },
    "2016-06-30": {
        "Diluted EPS": -0.11,
        "Total Revenue": 327,
        "Gross Profit": 6,
        "Operating Income": -5,
        "EBIT": 16,
        "Net Income": -10
    },
    "2016-03-31": {
        "Diluted EPS": -0.19,
        "Total Revenue": 319,
        "Gross Profit": -3,
        "Operating Income": -14,
        "EBIT": 8,
        "Net Income": -16
    },
    "2015-12-31": {
        "Diluted EPS": -0.4,
        "Total Revenue": 384,
        "Gross Profit": -19,
        "Operating Income": -28,
        "EBIT": -4,
        "Net Income": -37
    },
    "2015-09-30": {
        "Diluted EPS": -0.65,
        "Total Revenue": 455,
        "Gross Profit": -42,
        "Operating Income": -56,
        "EBIT": -36,
        "Net Income": -56
    },
    "2015-06-30": {
        "Diluted EPS": -0.39,
        "Total Revenue": 523,
        "Gross Profit": 8,
        "Operating Income": -35,
        "EBIT": -17,
        "Net Income": -34
    },
    "2015-03-31": {
        "Diluted EPS": 0.76,
        "Total Revenue": 588,
        "Gross Profit": 94,
        "Operating Income": 80,
        "EBIT": 98,
        "Net Income": 68
    },
    "2014-12-31": {
        "Diluted EPS": 0.8,
        "Total Revenue": 551,
        "Gross Profit": 89,
        "Operating Income": 66,
        "EBIT": 84,
        "Net Income": 82
    },
    "2014-09-30": {
        "Diluted EPS": 0.52,
        "Total Revenue": 501,
        "Gross Profit": 76,
        "Operating Income": 62,
        "EBIT": 80,
        "Net Income": 46
    },
    "2014-06-30": {
        "Diluted EPS": 0.21,
        "Total Revenue": 458,
        "Gross Profit": 39,
        "Operating Income": 26,
        "EBIT": 43,
        "Net Income": 19
    },
    "2014-03-31": {
        "Diluted EPS": -0.23,
        "Total Revenue": 421,
        "Gross Profit": -2,
        "Operating Income": -14,
        "EBIT": -2,
        "Net Income": -20
    },
    "2013-12-31": {
        "Diluted EPS": -0.1,
        "Total Revenue": 401,
        "Gross Profit": 15,
        "Operating Income": -9,
        "EBIT": -8,
        "Net Income": -9
    },
    "2013-09-30": {
        "Diluted EPS": -0.11,
        "Total Revenue": 400,
        "Gross Profit": 12,
        "Operating Income": -4,
        "EBIT": 1,
        "Net Income": -10
    },
    "2013-06-30": {
        "Diluted EPS": -0.33,
        "Total Revenue": 332,
        "Gross Profit": -6,
        "Operating Income": -24,
        "EBIT": -10,
        "Net Income": -29
    },
    "2013-03-31": {
        "Diluted EPS": 0.09,
        "Total Revenue": 321,
        "Gross Profit": 18,
        "Operating Income": 0,
        "EBIT": 16,
        "Net Income": 8
    },
    "2012-12-31": {
        "Diluted EPS": -0.07,
        "Total Revenue": 318,
        "Gross Profit": 17,
        "Operating Income": 3,
        "EBIT": 19,
        "Net Income": -7
    },
    "2012-09-30": {
        "Diluted EPS": -0.14,
        "Total Revenue": 305,
        "Gross Profit": 3,
        "Operating Income": -13,
        "EBIT": 3,
        "Net Income": -12
    },
    "2012-06-30": {
        "Diluted EPS": -0.14,
        "Total Revenue": 324,
        "Gross Profit": 6,
        "Operating Income": -5,
        "EBIT": 11,
        "Net Income": -12
    },
    "2012-03-31": {
        "Diluted EPS": -0.05,
        "Total Revenue": 326,
        "Gross Profit": 21,
        "Operating Income": 8,
        "EBIT": 24,
        "Net Income": -4
    },
    "2011-12-31": {
        "Diluted EPS": -0.31,
        "Total Revenue": 318,
        "Gross Profit": -14,
        "Operating Income": -27,
        "EBIT": -11,
        "Net Income": -27
    },
    "2011-09-30": {
        "Diluted EPS": -0.07,
        "Total Revenue": 346,
        "Gross Profit": 11,
        "Operating Income": 1,
        "EBIT": 16,
        "Net Income": -7
    },
    "2011-06-30": {
        "Diluted EPS": 0.24,
        "Total Revenue": 366,
        "Gross Profit": 50,
        "Operating Income": 36,
        "EBIT": 52,
        "Net Income": 22
    },
    "2011-03-31": {
        "Diluted EPS": 0.25,
        "Total Revenue": 326,
        "Gross Profit": 42,
        "Operating Income": 38,
        "EBIT": 54,
        "Net Income": 23
    },
    "2010-12-31": {
        "Diluted EPS": 0.66,
        "Total Revenue": 317,
        "Gross Profit": 41,
        "Operating Income": 80,
        "EBIT": 97,
        "Net Income": 66
    },
    "2010-09-30": {
        "Diluted EPS": -0.18,
        "Total Revenue": 279,
        "Gross Profit": 16,
        "Operating Income": 0,
        "EBIT": 17,
        "Net Income": -17
    },
    "2010-06-30": {
        "Diluted EPS": 0.05,
        "Total Revenue": 288,
        "Gross Profit": 22,
        "Operating Income": 6,
        "EBIT": 22,
        "Net Income": 5
    },
    "2010-03-31": {
        "Diluted EPS": 0.06,
        "Total Revenue": 285,
        "Gross Profit": 34,
        "Operating Income": 17,
        "EBIT": 34,
        "Net Income": 6
    },
    "2009-12-31": {
        "Diluted EPS": 0.04,
        "Total Revenue": 257,
        "Gross Profit": 14,
        "Operating Income": -7,
        "EBIT": 10,
        "Net Income": -24
    },
    "2009-09-30": {
        "Diluted EPS": 0.45,
        "Total Revenue": 229,
        "Gross Profit": -2,
        "Operating Income": 42,
        "EBIT": 61,
        "Net Income": 40
    },
    "2009-06-30": {
        "Diluted EPS": -1.45,
        "Total Revenue": 189,
        "Gross Profit": -5,
        "Operating Income": -26,
        "EBIT": -4,
        "Net Income": -107
    },
    "2009-03-31": {
        "Diluted EPS": -1.77,
        "Total Revenue": 225,
        "Gross Profit": -72,
        "Operating Income": -107,
        "EBIT": -84,
        "Net Income": -115
    },
    "2023-06-30": {
        "Tax Effect Of Unusual Items": 1911000.0,
        "Tax Rate For Calcs": 0.21,
        "Normalized EBITDA": 11800000.0,
        "Total Unusual Items": 9100000.0,
        "Total Unusual Items Excluding Goodwill": 9100000.0,
        "Net Income From Continuing Operation Net Minority Interest": 7500000.0,
        "Reconciled Depreciation": 15600000.0,
        "Reconciled Cost Of Revenue": 559600000.0,
        "EBITDA": 20900000.0,
        "EBIT": 5300000.0,
        "Net Interest Income": -8300000.0,
        "Interest Expense": 8700000.0,
        "Interest Income": 400000.0,
        "Normalized Income": 311000.0,
        "Net Income From Continuing And Discontinued Operation": 7500000.0,
        "Total Expenses": 576200000.0,
        "Total Operating Income As Reported": -700000.0,
        "Diluted Average Shares": 93200000.0,
        "Basic Average Shares": 92300000.0,
        "Diluted EPS": 0.07,
        "Basic EPS": 0.08,
        "Diluted NI Availto Com Stockholders": 6900000.0,
        "Average Dilution Earnings": -200000.0,
        "Net Income Common Stockholders": 7100000.0,
        "Otherunder Preferred Stock Dividend": 400000.0,
        "Net Income": 7500000.0,
        "Minority Interests": 900000.0,
        "Net Income Including Noncontrolling Interests": 6600000.0,
        "Net Income Continuous Operations": 6600000.0,
        "Earnings From Equity Interest Net Of Tax": 0.0,
        "Tax Provision": -10000000.0,
        "Pretax Income": -3400000.0,
        "Other Income Expense": 5600000.0,
        "Other Non Operating Income Expenses": -3500000.0,
        "Special Income Charges": 0.0,
        "Write Off": 0.0,
        "Gain On Sale Of Security": 9100000.0,
        "Net Non Operating Interest Income Expense": -8300000.0,
        "Interest Expense Non Operating": 8700000.0,
        "Interest Income Non Operating": 400000.0,
        "Operating Income": -700000.0,
        "Operating Expense": 16600000.0,
        "Other Operating Expenses": 4600000.0,
        "Selling General And Administration": 12000000.0,
        "Gross Profit": 15900000.0,
        "Cost Of Revenue": 559600000.0,
        "Total Revenue": 575500000.0,
        "Operating Revenue": 575500000.0
    },
    "2023-09-30": {
        "Tax Effect Of Unusual Items": -4871704.745167,
        "Tax Rate For Calcs": 0.193322,
        "Normalized EBITDA": 1300000.0,
        "Total Unusual Items": -25200000.0,
        "Total Unusual Items Excluding Goodwill": -25200000.0,
        "Net Income From Continuing Operation Net Minority Interest": -42000000.0,
        "Reconciled Depreciation": 23800000.0,
        "Reconciled Cost Of Revenue": 556700000.0,
        "EBITDA": -23900000.0,
        "EBIT": -47700000.0,
        "Net Interest Income": -8800000.0,
        "Interest Expense": 9200000.0,
        "Interest Income": 400000.0,
        "Normalized Income": -21671704.745167,
        "Net Income From Continuing And Discontinued Operation": -42000000.0,
        "Total Expenses": 569400000.0,
        "Total Operating Income As Reported": -24200000.0,
        "Diluted Average Shares": 92400000.0,
        "Basic Average Shares": 92400000.0,
        "Diluted EPS": -0.45,
        "Basic EPS": -0.45,
        "Diluted NI Availto Com Stockholders": -42000000.0,
        "Average Dilution Earnings": 0.0,
        "Net Income Common Stockholders": -42000000.0,
        "Otherunder Preferred Stock Dividend": 0.0,
        "Net Income": -42000000.0,
        "Minority Interests": 3900000.0,
        "Net Income Including Noncontrolling Interests": -45900000.0,
        "Net Income Continuous Operations": -45900000.0,
        "Earnings From Equity Interest Net Of Tax": 0.0,
        "Tax Provision": -11000000.0,
        "Pretax Income": -56900000.0,
        "Other Income Expense": -23900000.0,
        "Other Non Operating Income Expenses": 1300000.0,
        "Special Income Charges": 0.0,
        "Write Off": 0.0,
        "Gain On Sale Of Security": -25200000.0,
        "Net Non Operating Interest Income Expense": -8800000.0,
        "Interest Expense Non Operating": 9200000.0,
        "Interest Income Non Operating": 400000.0,
        "Operating Income": -24200000.0,
        "Operating Expense": 12700000.0,
        "Other Operating Expenses": 1900000.0,
        "Selling General And Administration": 10800000.0,
        "Gross Profit": -11500000.0,
        "Cost Of Revenue": 556700000.0,
        "Total Revenue": 545200000.0,
        "Operating Revenue": 545200000.0
    },
    "2023-12-31": {
        "Tax Effect Of Unusual Items": NaN,
        "Tax Rate For Calcs": NaN,
        "Normalized EBITDA": NaN,
        "Total Unusual Items": NaN,
        "Total Unusual Items Excluding Goodwill": NaN,
        "Net Income From Continuing Operation Net Minority Interest": NaN,
        "Reconciled Depreciation": NaN,
        "Reconciled Cost Of Revenue": NaN,
        "EBITDA": NaN,
        "EBIT": NaN,
        "Net Interest Income": NaN,
        "Interest Expense": NaN,
        "Interest Income": NaN,
        "Normalized Income": NaN,
        "Net Income From Continuing And Discontinued Operation": NaN,
        "Total Expenses": NaN,
        "Total Operating Income As Reported": NaN,
        "Diluted Average Shares": 103300000.0,
        "Basic Average Shares": 92500000.0,
        "Diluted EPS": 0.3,
        "Basic EPS": 0.31,
        "Diluted NI Availto Com Stockholders": NaN,
        "Average Dilution Earnings": NaN,
        "Net Income Common Stockholders": NaN,
        "Otherunder Preferred Stock Dividend": NaN,
        "Net Income": NaN,
        "Minority Interests": NaN,
        "Net Income Including Noncontrolling Interests": NaN,
        "Net Income Continuous Operations": NaN,
        "Earnings From Equity Interest Net Of Tax": NaN,
        "Tax Provision": NaN,
        "Pretax Income": NaN,
        "Other Income Expense": NaN,
        "Other Non Operating Income Expenses": NaN,
        "Special Income Charges": NaN,
        "Write Off": NaN,
        "Gain On Sale Of Security": NaN,
        "Net Non Operating Interest Income Expense": NaN,
        "Interest Expense Non Operating": NaN,
        "Interest Income Non Operating": NaN,
        "Operating Income": NaN,
        "Operating Expense": NaN,
        "Other Operating Expenses": NaN,
        "Selling General And Administration": NaN,
        "Gross Profit": NaN,
        "Cost Of Revenue": NaN,
        "Total Revenue": NaN,
        "Operating Revenue": NaN
    }
}