{
    "2023-03-31": {
        "Tax Effect Of Unusual Items": NaN,
        "Tax Rate For Calcs": NaN,
        "Normalized EBITDA": NaN,
        "Total Unusual Items": NaN,
        "Total Unusual Items Excluding Goodwill": NaN,
        "Net Income From Continuing Operation Net Minority Interest": NaN,
        "Reconciled Depreciation": NaN,
        "Reconciled Cost Of Revenue": NaN,
        "EBITDA": NaN,
        "EBIT": NaN,
        "Net Interest Income": NaN,
        "Interest Expense": NaN,
        "Interest Income": NaN,
        "Normalized Income": NaN,
        "Net Income From Continuing And Discontinued Operation": NaN,
        "Total Expenses": NaN,
        "Total Operating Income As Reported": NaN,
        "Diluted Average Shares": NaN,
        "Basic Average Shares": NaN,
        "Diluted EPS": NaN,
        "Basic EPS": NaN,
        "Diluted NI Availto Com Stockholders": NaN,
        "Net Income Common Stockholders": NaN,
        "Net Income": NaN,
        "Minority Interests": NaN,
        "Net Income Including Noncontrolling Interests": NaN,
        "Net Income Continuous Operations": NaN,
        "Tax Provision": NaN,
        "Pretax Income": NaN,
        "Other Income Expense": NaN,
        "Other Non Operating Income Expenses": -39731159000.0,
        "Special Income Charges": 4636692000.0,
        "Gain On Sale Of Ppe": 6598000.0,
        "Other Special Charges": 31305000.0,
        "Write Off": -4661399000.0,
        "Restructuring And Mergern Acquisition": NaN,
        "Earnings From Equity Interest": NaN,
        "Gain On Sale Of Security": NaN,
        "Net Non Operating Interest Income Expense": NaN,
        "Total Other Finance Cost": 1320578000.0,
        "Interest Expense Non Operating": NaN,
        "Interest Income Non Operating": NaN,
        "Operating Income": NaN,
        "Operating Expense": NaN,
        "Other Operating Expenses": NaN,
        "Other Taxes": 1523802000.0,
        "Provision For Doubtful Accounts": 3786000.0,
        "Depreciation Amortization Depletion Income Statement": 275239000.0,
        "Depreciation And Amortization In Income Statement": 275239000.0,
        "Amortization": 0.0,
        "Amortization Of Intangibles Income Statement": 0.0,
        "Depreciation Income Statement": 275239000.0,
        "Selling General And Administration": NaN,
        "General And Administrative Expense": 7331863000.0,
        "Other Gand A": 3268686000.0,
        "Insurance And Claims": 96688000.0,
        "Salaries And Wages": 3966489000.0,
        "Gross Profit": NaN,
        "Cost Of Revenue": NaN,
        "Total Revenue": NaN,
        "Operating Revenue": NaN
    },
    "2022-12-31": {
        "Tax Effect Of Unusual Items": NaN,
        "Tax Rate For Calcs": NaN,
        "Normalized EBITDA": NaN,
        "Total Unusual Items": 29595178000.0,
        "Total Unusual Items Excluding Goodwill": 29595178000.0,
        "Net Income From Continuing Operation Net Minority Interest": NaN,
        "Reconciled Depreciation": NaN,
        "Reconciled Cost Of Revenue": NaN,
        "EBITDA": NaN,
        "EBIT": NaN,
        "Net Interest Income": NaN,
        "Interest Expense": NaN,
        "Interest Income": NaN,
        "Normalized Income": NaN,
        "Net Income From Continuing And Discontinued Operation": NaN,
        "Total Expenses": NaN,
        "Total Operating Income As Reported": NaN,
        "Diluted Average Shares": 150202767.0,
        "Basic Average Shares": 150202767.0,
        "Diluted EPS": 15.9,
        "Basic EPS": 15.9,
        "Diluted NI Availto Com Stockholders": NaN,
        "Net Income Common Stockholders": NaN,
        "Net Income": NaN,
        "Minority Interests": NaN,
        "Net Income Including Noncontrolling Interests": NaN,
        "Net Income Continuous Operations": NaN,
        "Tax Provision": NaN,
        "Pretax Income": NaN,
        "Other Income Expense": NaN,
        "Other Non Operating Income Expenses": NaN,
        "Earnings From Equity Interest": NaN,
        "Gain On Sale Of Security": 30534577000.0,
        "Net Non Operating Interest Income Expense": NaN,
        "Interest Expense Non Operating": NaN,
        "Interest Income Non Operating": NaN,
        "Operating Income": NaN,
        "Operating Expense": NaN,
        "Other Operating Expenses": NaN,
        "Selling General And Administration": NaN,
        "Gross Profit": NaN,
        "Cost Of Revenue": NaN,
        "Total Revenue": NaN,
        "Operating Revenue": NaN
    },
    "2022-06-30": {
        "Tax Effect Of Unusual Items": -1504329600.663215,
        "Tax Rate For Calcs": 0.314749,
        "Normalized EBITDA": 15147200000.0,
        "Total Unusual Items": -4779453000.0,
        "Total Unusual Items Excluding Goodwill": -4779453000.0,
        "Net Income From Continuing Operation Net Minority Interest": 2309604000.0,
        "Reconciled Depreciation": 1514590000.0,
        "Reconciled Cost Of Revenue": 10490515000.0,
        "EBITDA": 10367747000.0,
        "EBIT": 10367747000.0,
        "Net Interest Income": -4681278000.0,
        "Interest Expense": 6924518000.0,
        "Interest Income": 2243240000.0,
        "Normalized Income": 5584727399.336785,
        "Net Income From Continuing And Discontinued Operation": 2309604000.0,
        "Total Expenses": 6554478000.0,
        "Total Operating Income As Reported": 12594263000.0,
        "Diluted Average Shares": 150424502.0,
        "Basic Average Shares": 150424502.0,
        "Diluted EPS": 33.1,
        "Basic EPS": 33.1,
        "Diluted NI Availto Com Stockholders": 2309604000.0,
        "Net Income Common Stockholders": 2309604000.0,
        "Net Income": 2309604000.0,
        "Minority Interests": -49871000.0,
        "Net Income Including Noncontrolling Interests": 2359475000.0,
        "Net Income Continuous Operations": 2359475000.0,
        "Tax Provision": 1083754000.0,
        "Pretax Income": 3443229000.0,
        "Other Income Expense": -4469756000.0,
        "Special Income Charges": 0.0,
        "Impairment Of Capital Assets": 0.0,
        "Restructuring And Mergern Acquisition": NaN,
        "Earnings From Equity Interest": 309697000.0,
        "Gain On Sale Of Security": -4779453000.0,
        "Net Non Operating Interest Income Expense": -4681278000.0,
        "Interest Expense Non Operating": 6924518000.0,
        "Interest Income Non Operating": 2243240000.0,
        "Operating Income": 12594263000.0,
        "Operating Expense": -3936037000.0,
        "Other Operating Expenses": -5260826000.0,
        "Selling General And Administration": 1324789000.0,
        "Gross Profit": 8658226000.0,
        "Cost Of Revenue": 10490515000.0,
        "Total Revenue": 19148741000.0,
        "Operating Revenue": 19148741000.0
    },
    "2022-09-30": {
        "Tax Effect Of Unusual Items": -8153664866.36971,
        "Tax Rate For Calcs": 0.399944,
        "Normalized EBITDA": 86295105000.0,
        "Total Unusual Items": -20387000000.0,
        "Total Unusual Items Excluding Goodwill": -20387000000.0,
        "Net Income From Continuing Operation Net Minority Interest": 10777000000.0,
        "Reconciled Depreciation": 23323105000.0,
        "Reconciled Cost Of Revenue": 26389000000.0,
        "EBITDA": 65908105000.0,
        "EBIT": 42585000000.0,
        "Net Interest Income": -2127000000.0,
        "Interest Expense": 24625000000.0,
        "Interest Income": 22498000000.0,
        "Normalized Income": 23010335133.63029,
        "Net Income From Continuing And Discontinued Operation": 10777000000.0,
        "Total Expenses": 8356000000.0,
        "Total Operating Income As Reported": 39971000000.0,
        "Diluted Average Shares": 150306834.0,
        "Basic Average Shares": 150306834.0,
        "Diluted EPS": 71.7,
        "Basic EPS": 71.7,
        "Diluted NI Availto Com Stockholders": 10777000000.0,
        "Net Income Common Stockholders": 10777000000.0,
        "Net Income": 10777000000.0,
        "Minority Interests": NaN,
        "Net Income Including Noncontrolling Interests": 10777000000.0,
        "Net Income Continuous Operations": 10777000000.0,
        "Tax Provision": 7183000000.0,
        "Pretax Income": 17960000000.0,
        "Other Income Expense": -19883000000.0,
        "Special Income Charges": NaN,
        "Impairment Of Capital Assets": NaN,
        "Restructuring And Mergern Acquisition": NaN,
        "Earnings From Equity Interest": 504000000.0,
        "Gain On Sale Of Security": -20387000000.0,
        "Net Non Operating Interest Income Expense": -2127000000.0,
        "Interest Expense Non Operating": 24625000000.0,
        "Interest Income Non Operating": 22498000000.0,
        "Operating Income": 39970000000.0,
        "Operating Expense": -18033000000.0,
        "Other Operating Expenses": -21732000000.0,
        "Selling General And Administration": 3699000000.0,
        "Gross Profit": 21937000000.0,
        "Cost Of Revenue": 26389000000.0,
        "Total Revenue": 48327000000.0,
        "Operating Revenue": 48327000000.0
    },
    "2022-03-31": {
        "Diluted EPS": 0.3,
        "Total Revenue": 161,
        "Gross Profit": 90,
        "Operating Income": 122,
        "EBIT": 148,
        "Net Income": 45
    },
    "2021-12-31": {
        "Diluted EPS": 0.03,
        "Total Revenue": 218,
        "Gross Profit": 109,
        "Operating Income": 99,
        "EBIT": 138,
        "Net Income": 4
    },
    "2021-09-30": {
        "Diluted EPS": 0.18,
        "Total Revenue": 137,
        "Gross Profit": 66,
        "Operating Income": 58,
        "EBIT": 85,
        "Net Income": 28
    },
    "2021-06-30": {
        "Diluted EPS": -0.31,
        "Total Revenue": 130,
        "Gross Profit": 59,
        "Operating Income": 25,
        "EBIT": 50,
        "Net Income": -47
    },
    "2021-03-31": {
        "Diluted EPS": 0.05,
        "Total Revenue": 115,
        "Gross Profit": 56,
        "Operating Income": 88,
        "EBIT": 109,
        "Net Income": 7
    },
    "2020-12-31": {
        "Diluted EPS": 0.13,
        "Total Revenue": 180,
        "Gross Profit": 95,
        "Operating Income": 109,
        "EBIT": 141,
        "Net Income": 19
    },
    "2020-09-30": {
        "Diluted EPS": 0.21,
        "Total Revenue": 124,
        "Gross Profit": 75,
        "Operating Income": 89,
        "EBIT": 105,
        "Net Income": 31
    },
    "2020-06-30": {
        "Diluted EPS": 0.22,
        "Total Revenue": 106,
        "Gross Profit": 56,
        "Operating Income": 94,
        "EBIT": 112,
        "Net Income": 32
    },
    "2020-03-31": {
        "Diluted EPS": 0.1,
        "Total Revenue": 130,
        "Gross Profit": 76,
        "Operating Income": 105,
        "EBIT": 124,
        "Net Income": 15
    },
    "2019-12-31": {
        "Diluted EPS": 0.26,
        "Total Revenue": 294,
        "Gross Profit": 135,
        "Operating Income": 114,
        "EBIT": 150,
        "Net Income": 39
    },
    "2019-09-30": {
        "Diluted EPS": 0.56,
        "Total Revenue": 158,
        "Gross Profit": 93,
        "Operating Income": 273,
        "EBIT": 287,
        "Net Income": 85
    },
    "2019-06-30": {
        "Diluted EPS": 0.18,
        "Total Revenue": 133,
        "Gross Profit": 58,
        "Operating Income": 65,
        "EBIT": 73,
        "Net Income": 26
    },
    "2019-03-31": {
        "Diluted EPS": 0.21,
        "Total Revenue": 160,
        "Gross Profit": 66,
        "Operating Income": 129,
        "EBIT": 141,
        "Net Income": 32
    },
    "2018-12-31": {
        "Diluted EPS": -0.81,
        "Total Revenue": 211,
        "Gross Profit": 98,
        "Operating Income": 75,
        "EBIT": 119,
        "Net Income": -105
    },
    "2018-09-30": {
        "Diluted EPS": 1.21,
        "Total Revenue": 112,
        "Gross Profit": 74,
        "Operating Income": 278,
        "EBIT": 280,
        "Net Income": 173
    },
    "2018-06-30": {
        "Diluted EPS": 1.19,
        "Total Revenue": 91,
        "Gross Profit": 50,
        "Operating Income": 241,
        "EBIT": 243,
        "Net Income": 171
    },
    "2018-03-31": {
        "Diluted EPS": 2.55,
        "Total Revenue": 92,
        "Gross Profit": 54,
        "Operating Income": 489,
        "EBIT": 493,
        "Net Income": 383
    },
    "2017-09-30": {
        "Diluted EPS": 0.31,
        "Total Revenue": 126,
        "Gross Profit": 66,
        "Operating Income": 67,
        "EBIT": 67,
        "Net Income": 47
    },
    "2016-12-31": {
        "Diluted EPS": 0.0,
        "Total Revenue": NaN,
        "Gross Profit": NaN,
        "Operating Income": NaN,
        "EBIT": NaN,
        "Net Income": NaN
    },
    "2023-06-30": {
        "Tax Effect Of Unusual Items": 17390012150.0,
        "Tax Rate For Calcs": 0.35,
        "Normalized EBITDA": 32031027000.0,
        "Total Unusual Items": 49685749000.0,
        "Total Unusual Items Excluding Goodwill": 49685749000.0,
        "Net Income From Continuing Operation Net Minority Interest": 17478139000.0,
        "Reconciled Depreciation": 35373108000.0,
        "Reconciled Cost Of Revenue": 73081486000.0,
        "EBITDA": 81716776000.0,
        "EBIT": 46343668000.0,
        "Net Interest Income": 2841899000.0,
        "Interest Expense": 13592348000.0,
        "Interest Income": 17479232000.0,
        "Normalized Income": -14817597850.0,
        "Net Income From Continuing And Discontinued Operation": 17478139000.0,
        "Total Expenses": 123519504000.0,
        "Total Operating Income As Reported": 83375705000.0,
        "Diluted Average Shares": 150543833.0,
        "Basic Average Shares": 150543833.0,
        "Diluted EPS": 116.1,
        "Basic EPS": 116.1,
        "Diluted NI Availto Com Stockholders": 17478139000.0,
        "Net Income Common Stockholders": 17478139000.0,
        "Net Income": 17478139000.0,
        "Minority Interests": 1319495000.0,
        "Net Income Including Noncontrolling Interests": 16158644000.0,
        "Net Income Continuous Operations": 16158644000.0,
        "Tax Provision": 16592676000.0,
        "Pretax Income": 32751320000.0,
        "Other Income Expense": 13470990000.0,
        "Other Non Operating Income Expenses": -39432195000.0,
        "Special Income Charges": 4332970000.0,
        "Gain On Sale Of Ppe": 0.0,
        "Other Special Charges": -113092000.0,
        "Write Off": -4219878000.0,
        "Restructuring And Mergern Acquisition": NaN,
        "Earnings From Equity Interest": 3217436000.0,
        "Gain On Sale Of Security": 45352779000.0,
        "Net Non Operating Interest Income Expense": 2841899000.0,
        "Total Other Finance Cost": 1044985000.0,
        "Interest Expense Non Operating": 13592348000.0,
        "Interest Income Non Operating": 17479232000.0,
        "Operating Income": 16438431000.0,
        "Operating Expense": 15879961000.0,
        "Other Operating Expenses": 1150190000.0,
        "Other Taxes": 2684856000.0,
        "Provision For Doubtful Accounts": -36239000.0,
        "Depreciation Amortization Depletion Income Statement": 815051000.0,
        "Depreciation And Amortization In Income Statement": 815051000.0,
        "Amortization": 0.0,
        "Amortization Of Intangibles Income Statement": 0.0,
        "Depreciation Income Statement": 815051000.0,
        "Selling General And Administration": 11194680000.0,
        "General And Administrative Expense": 11194680000.0,
        "Other Gand A": 4862944000.0,
        "Insurance And Claims": NaN,
        "Salaries And Wages": 6331736000.0,
        "Gross Profit": 32318392000.0,
        "Cost Of Revenue": 107639543000.0,
        "Total Revenue": 139957935000.0,
        "Operating Revenue": 139957935000.0
    },
    "2023-09-30": {
        "Tax Effect Of Unusual Items": -12191340700.0,
        "Tax Rate For Calcs": 0.35,
        "Normalized EBITDA": 88013392000.0,
        "Total Unusual Items": -34832402000.0,
        "Total Unusual Items Excluding Goodwill": -34832402000.0,
        "Net Income From Continuing Operation Net Minority Interest": 4489842000.0,
        "Reconciled Depreciation": -26196382000.0,
        "Reconciled Cost Of Revenue": 38711002000.0,
        "EBITDA": 53180990000.0,
        "EBIT": 53180990000.0,
        "Net Interest Income": -8314815000.0,
        "Interest Expense": 42944651000.0,
        "Interest Income": 34629836000.0,
        "Normalized Income": 27130903300.0,
        "Net Income From Continuing And Discontinued Operation": 4489842000.0,
        "Total Expenses": 6027212000.0,
        "Total Operating Income As Reported": 52241818000.0,
        "Diluted Average Shares": 150161940.0,
        "Basic Average Shares": 150161940.0,
        "Diluted EPS": 29.9,
        "Basic EPS": 29.9,
        "Diluted NI Availto Com Stockholders": 4489842000.0,
        "Net Income Common Stockholders": 4489842000.0,
        "Net Income": 4489842000.0,
        "Minority Interests": 792460000.0,
        "Net Income Including Noncontrolling Interests": 3697382000.0,
        "Net Income Continuous Operations": 3697382000.0,
        "Tax Provision": 6538957000.0,
        "Pretax Income": 10236339000.0,
        "Other Income Expense": -33690664000.0,
        "Other Non Operating Income Expenses": NaN,
        "Special Income Charges": NaN,
        "Gain On Sale Of Ppe": NaN,
        "Other Special Charges": NaN,
        "Write Off": NaN,
        "Restructuring And Mergern Acquisition": NaN,
        "Earnings From Equity Interest": 1141738000.0,
        "Gain On Sale Of Security": -34832402000.0,
        "Net Non Operating Interest Income Expense": -8314815000.0,
        "Total Other Finance Cost": NaN,
        "Interest Expense Non Operating": 42944651000.0,
        "Interest Income Non Operating": 34629836000.0,
        "Operating Income": 52241818000.0,
        "Operating Expense": -32683790000.0,
        "Other Operating Expenses": -37736132000.0,
        "Other Taxes": NaN,
        "Provision For Doubtful Accounts": NaN,
        "Depreciation Amortization Depletion Income Statement": NaN,
        "Depreciation And Amortization In Income Statement": NaN,
        "Amortization": NaN,
        "Amortization Of Intangibles Income Statement": NaN,
        "Depreciation Income Statement": NaN,
        "Selling General And Administration": 5052342000.0,
        "General And Administrative Expense": NaN,
        "Other Gand A": NaN,
        "Insurance And Claims": NaN,
        "Salaries And Wages": NaN,
        "Gross Profit": 19558028000.0,
        "Cost Of Revenue": 38711002000.0,
        "Total Revenue": 58269030000.0,
        "Operating Revenue": 58269030000.0
    },
    "2023-12-31": {
        "Tax Effect Of Unusual Items": 3480960360.23914,
        "Tax Rate For Calcs": 0.022021,
        "Normalized EBITDA": -53662973000.0,
        "Total Unusual Items": 158073453000.0,
        "Total Unusual Items Excluding Goodwill": 158073453000.0,
        "Net Income From Continuing Operation Net Minority Interest": 136962909000.0,
        "Reconciled Depreciation": 37940243000.0,
        "Reconciled Cost Of Revenue": 103636596000.0,
        "EBITDA": 104410480000.0,
        "EBIT": 66470237000.0,
        "Net Interest Income": 37420265000.0,
        "Interest Expense": -72780029000.0,
        "Interest Income": -32338387000.0,
        "Normalized Income": -17629583639.76086,
        "Net Income From Continuing And Discontinued Operation": 136962909000.0,
        "Total Expenses": 217777535000.0,
        "Total Operating Income As Reported": 210722453000.0,
        "Diluted Average Shares": 144411326.0,
        "Basic Average Shares": 144411326.0,
        "Diluted EPS": 872.3,
        "Basic EPS": 872.3,
        "Diluted NI Availto Com Stockholders": 136962909000.0,
        "Net Income Common Stockholders": 136962909000.0,
        "Net Income": 136962909000.0,
        "Minority Interests": 779095000.0,
        "Net Income Including Noncontrolling Interests": 136183814000.0,
        "Net Income Continuous Operations": 136183814000.0,
        "Tax Provision": 3066452000.0,
        "Pretax Income": 139250266000.0,
        "Other Income Expense": 163108699000.0,
        "Other Non Operating Income Expenses": NaN,
        "Special Income Charges": NaN,
        "Gain On Sale Of Ppe": NaN,
        "Other Special Charges": NaN,
        "Write Off": NaN,
        "Restructuring And Mergern Acquisition": NaN,
        "Earnings From Equity Interest": 5035246000.0,
        "Gain On Sale Of Security": 37470412000.0,
        "Net Non Operating Interest Income Expense": 37420265000.0,
        "Total Other Finance Cost": NaN,
        "Interest Expense Non Operating": -72780029000.0,
        "Interest Income Non Operating": -32338387000.0,
        "Operating Income": -61278698000.0,
        "Operating Expense": 114140939000.0,
        "Other Operating Expenses": 94127877000.0,
        "Other Taxes": NaN,
        "Provision For Doubtful Accounts": NaN,
        "Depreciation Amortization Depletion Income Statement": NaN,
        "Depreciation And Amortization In Income Statement": NaN,
        "Amortization": NaN,
        "Amortization Of Intangibles Income Statement": NaN,
        "Depreciation Income Statement": NaN,
        "Selling General And Administration": 10494672000.0,
        "General And Administrative Expense": NaN,
        "Other Gand A": NaN,
        "Insurance And Claims": NaN,
        "Salaries And Wages": NaN,
        "Gross Profit": 52862241000.0,
        "Cost Of Revenue": 103636596000.0,
        "Total Revenue": 156498837000.0,
        "Operating Revenue": 156498837000.0
    },
    "2024-03-31": {
        "Tax Effect Of Unusual Items": 4658094543.892234,
        "Tax Rate For Calcs": 0.396049,
        "Normalized EBITDA": 69312385000.0,
        "Total Unusual Items": 11761420000.0,
        "Total Unusual Items Excluding Goodwill": 11761420000.0,
        "Net Income From Continuing Operation Net Minority Interest": 23700560000.0,
        "Reconciled Depreciation": 22815212000.0,
        "Reconciled Cost Of Revenue": 50334207000.0,
        "EBITDA": 81073805000.0,
        "EBIT": 58258593000.0,
        "Net Interest Income": -1630689000.0,
        "Interest Expense": 12726985000.0,
        "Interest Income": 11952791000.0,
        "Normalized Income": 16597234543.892235,
        "Net Income From Continuing And Discontinued Operation": 23700560000.0,
        "Total Expenses": 85107932000.0,
        "Total Operating Income As Reported": 72100959000.0,
        "Diluted Average Shares": 150288903.0,
        "Basic Average Shares": 150288903.0,
        "Diluted EPS": 157.7,
        "Basic EPS": 157.7,
        "Diluted NI Availto Com Stockholders": 23700560000.0,
        "Net Income Common Stockholders": 23700560000.0,
        "Net Income": 23700560000.0,
        "Minority Interests": -3798316000.0,
        "Net Income Including Noncontrolling Interests": 27498876000.0,
        "Net Income Continuous Operations": 27498876000.0,
        "Tax Provision": 18032732000.0,
        "Pretax Income": 45531608000.0,
        "Other Income Expense": 3557602000.0,
        "Other Non Operating Income Expenses": -4941802000.0,
        "Special Income Charges": 6999493000.0,
        "Gain On Sale Of Ppe": 10047000.0,
        "Other Special Charges": 268164000.0,
        "Write Off": -7257610000.0,
        "Restructuring And Mergern Acquisition": NaN,
        "Earnings From Equity Interest": -3262016000.0,
        "Gain On Sale Of Security": 4761927000.0,
        "Net Non Operating Interest Income Expense": -1630689000.0,
        "Total Other Finance Cost": 856495000.0,
        "Interest Expense Non Operating": 12726985000.0,
        "Interest Income Non Operating": 11952791000.0,
        "Operating Income": 43604695000.0,
        "Operating Expense": 12281843000.0,
        "Other Operating Expenses": -652798000.0,
        "Other Taxes": 1993178000.0,
        "Provision For Doubtful Accounts": 4563000.0,
        "Depreciation Amortization Depletion Income Statement": 323330000.0,
        "Depreciation And Amortization In Income Statement": 323330000.0,
        "Amortization": 0.0,
        "Amortization Of Intangibles Income Statement": 0.0,
        "Depreciation Income Statement": 323330000.0,
        "Selling General And Administration": 10579182000.0,
        "General And Administrative Expense": 10579182000.0,
        "Other Gand A": 5088088000.0,
        "Insurance And Claims": 60436000.0,
        "Salaries And Wages": 5430658000.0,
        "Gross Profit": 55886538000.0,
        "Cost Of Revenue": 72826089000.0,
        "Total Revenue": 128712627000.0,
        "Operating Revenue": 128712627000.0
    },
    "2024-06-30": {
        "Tax Effect Of Unusual Items": 6192272450.0,
        "Tax Rate For Calcs": 0.35,
        "Normalized EBITDA": 52987419000.0,
        "Total Unusual Items": 17692207000.0,
        "Total Unusual Items Excluding Goodwill": 17692207000.0,
        "Net Income From Continuing Operation Net Minority Interest": 6009775000.0,
        "Reconciled Depreciation": 26644413000.0,
        "Reconciled Cost Of Revenue": 67488504000.0,
        "EBITDA": 70679626000.0,
        "EBIT": 44035213000.0,
        "Net Interest Income": -9657547000.0,
        "Interest Expense": 13559629000.0,
        "Interest Income": 4879381000.0,
        "Normalized Income": -5490159550.0,
        "Net Income From Continuing And Discontinued Operation": 6009775000.0,
        "Total Expenses": 137806791000.0,
        "Total Operating Income As Reported": 42001097000.0,
        "Diluted Average Shares": 150620927.0,
        "Basic Average Shares": 150620927.0,
        "Diluted EPS": 39.9,
        "Basic EPS": 39.9,
        "Diluted NI Availto Com Stockholders": 6009775000.0,
        "Net Income Common Stockholders": 6009775000.0,
        "Net Income": 6009775000.0,
        "Minority Interests": -1029616000.0,
        "Net Income Including Noncontrolling Interests": 7039391000.0,
        "Net Income Continuous Operations": 7039391000.0,
        "Tax Provision": 23436193000.0,
        "Pretax Income": 30475584000.0,
        "Other Income Expense": 24490963000.0,
        "Other Non Operating Income Expenses": -18559000.0,
        "Special Income Charges": 6407804000.0,
        "Gain On Sale Of Ppe": 24444000.0,
        "Other Special Charges": 443931000.0,
        "Write Off": -6827291000.0,
        "Restructuring And Mergern Acquisition": -815000000.0,
        "Earnings From Equity Interest": 6817315000.0,
        "Gain On Sale Of Security": 11284403000.0,
        "Net Non Operating Interest Income Expense": -9657547000.0,
        "Total Other Finance Cost": 977299000.0,
        "Interest Expense Non Operating": 13559629000.0,
        "Interest Income Non Operating": 4879381000.0,
        "Operating Income": 15642168000.0,
        "Operating Expense": 43690313000.0,
        "Other Operating Expenses": 31552580000.0,
        "Other Taxes": 2151983000.0,
        "Provision For Doubtful Accounts": 21173000.0,
        "Depreciation Amortization Depletion Income Statement": 16439000.0,
        "Depreciation And Amortization In Income Statement": 16439000.0,
        "Amortization": 0.0,
        "Amortization Of Intangibles Income Statement": 0.0,
        "Depreciation Income Statement": 16439000.0,
        "Selling General And Administration": 9901478000.0,
        "General And Administrative Expense": 9901478000.0,
        "Other Gand A": 3763472000.0,
        "Insurance And Claims": NaN,
        "Salaries And Wages": 6138006000.0,
        "Gross Profit": 59332481000.0,
        "Cost Of Revenue": 94116478000.0,
        "Total Revenue": 153448959000.0,
        "Operating Revenue": 153448959000.0
    }
}