{
    "2023-03-31": {
        "Tax Effect Of Unusual Items": NaN,
        "Tax Rate For Calcs": NaN,
        "Normalized EBITDA": NaN,
        "Total Unusual Items": NaN,
        "Total Unusual Items Excluding Goodwill": NaN,
        "Net Income From Continuing Operation Net Minority Interest": NaN,
        "Reconciled Depreciation": NaN,
        "Reconciled Cost Of Revenue": NaN,
        "EBITDA": NaN,
        "EBIT": NaN,
        "Net Interest Income": NaN,
        "Interest Expense": NaN,
        "Normalized Income": NaN,
        "Net Income From Continuing And Discontinued Operation": NaN,
        "Total Expenses": NaN,
        "Total Operating Income As Reported": NaN,
        "Diluted Average Shares": 178273000.0,
        "Basic Average Shares": 178273000.0,
        "Diluted EPS": -0.09,
        "Basic EPS": -0.09,
        "Diluted NI Availto Com Stockholders": NaN,
        "Net Income Common Stockholders": NaN,
        "Net Income": NaN,
        "Minority Interests": NaN,
        "Net Income Including Noncontrolling Interests": NaN,
        "Net Income Continuous Operations": NaN,
        "Tax Provision": NaN,
        "Pretax Income": NaN,
        "Other Income Expense": NaN,
        "Other Non Operating Income Expenses": NaN,
        "Special Income Charges": NaN,
        "Restructuring And Mergern Acquisition": NaN,
        "Gain On Sale Of Security": NaN,
        "Net Non Operating Interest Income Expense": NaN,
        "Interest Expense Non Operating": NaN,
        "Operating Income": NaN,
        "Operating Expense": NaN,
        "Other Operating Expenses": NaN,
        "Research And Development": NaN,
        "Selling General And Administration": NaN,
        "Gross Profit": NaN,
        "Cost Of Revenue": NaN,
        "Total Revenue": NaN,
        "Operating Revenue": NaN
    },
    "2022-12-31": {
        "Tax Effect Of Unusual Items": NaN,
        "Tax Rate For Calcs": NaN,
        "Normalized EBITDA": NaN,
        "Total Unusual Items": NaN,
        "Total Unusual Items Excluding Goodwill": NaN,
        "Net Income From Continuing Operation Net Minority Interest": NaN,
        "Reconciled Depreciation": NaN,
        "Reconciled Cost Of Revenue": NaN,
        "EBITDA": NaN,
        "EBIT": NaN,
        "Net Interest Income": NaN,
        "Interest Expense": NaN,
        "Normalized Income": NaN,
        "Net Income From Continuing And Discontinued Operation": NaN,
        "Total Expenses": NaN,
        "Total Operating Income As Reported": NaN,
        "Diluted Average Shares": 177478000.0,
        "Basic Average Shares": 177478000.0,
        "Diluted EPS": -0.08,
        "Basic EPS": -0.08,
        "Diluted NI Availto Com Stockholders": NaN,
        "Net Income Common Stockholders": NaN,
        "Net Income": NaN,
        "Minority Interests": NaN,
        "Net Income Including Noncontrolling Interests": NaN,
        "Net Income Continuous Operations": NaN,
        "Tax Provision": NaN,
        "Pretax Income": NaN,
        "Other Income Expense": NaN,
        "Other Non Operating Income Expenses": NaN,
        "Special Income Charges": NaN,
        "Restructuring And Mergern Acquisition": NaN,
        "Gain On Sale Of Security": NaN,
        "Net Non Operating Interest Income Expense": NaN,
        "Interest Expense Non Operating": NaN,
        "Operating Income": NaN,
        "Operating Expense": NaN,
        "Other Operating Expenses": NaN,
        "Research And Development": NaN,
        "Selling General And Administration": NaN,
        "Gross Profit": NaN,
        "Cost Of Revenue": NaN,
        "Total Revenue": NaN,
        "Operating Revenue": NaN
    },
    "2022-09-30": {
        "Tax Effect Of Unusual Items": NaN,
        "Tax Rate For Calcs": NaN,
        "Normalized EBITDA": NaN,
        "Total Unusual Items": NaN,
        "Total Unusual Items Excluding Goodwill": NaN,
        "Net Income From Continuing Operation Net Minority Interest": NaN,
        "Reconciled Depreciation": NaN,
        "Reconciled Cost Of Revenue": NaN,
        "EBITDA": NaN,
        "EBIT": NaN,
        "Net Interest Income": NaN,
        "Interest Expense": NaN,
        "Normalized Income": NaN,
        "Net Income From Continuing And Discontinued Operation": NaN,
        "Total Expenses": NaN,
        "Total Operating Income As Reported": NaN,
        "Diluted Average Shares": NaN,
        "Basic Average Shares": NaN,
        "Diluted EPS": NaN,
        "Basic EPS": NaN,
        "Diluted NI Availto Com Stockholders": NaN,
        "Net Income Common Stockholders": NaN,
        "Net Income": NaN,
        "Minority Interests": NaN,
        "Net Income Including Noncontrolling Interests": NaN,
        "Net Income Continuous Operations": NaN,
        "Tax Provision": NaN,
        "Pretax Income": NaN,
        "Other Income Expense": NaN,
        "Other Non Operating Income Expenses": NaN,
        "Special Income Charges": 0.0,
        "Restructuring And Mergern Acquisition": 0.0,
        "Gain On Sale Of Security": NaN,
        "Net Non Operating Interest Income Expense": NaN,
        "Interest Expense Non Operating": NaN,
        "Operating Income": NaN,
        "Operating Expense": NaN,
        "Other Operating Expenses": NaN,
        "Research And Development": NaN,
        "Selling General And Administration": NaN,
        "Gross Profit": NaN,
        "Cost Of Revenue": NaN,
        "Total Revenue": NaN,
        "Operating Revenue": NaN
    },
    "2022-06-30": {
        "Tax Effect Of Unusual Items": -41600.0,
        "Tax Rate For Calcs": 0.4,
        "Normalized EBITDA": -6103000.0,
        "Total Unusual Items": -104000.0,
        "Total Unusual Items Excluding Goodwill": -104000.0,
        "Net Income From Continuing Operation Net Minority Interest": -8389000.0,
        "Reconciled Depreciation": 762000.0,
        "Reconciled Cost Of Revenue": 19718000.0,
        "EBITDA": -6207000.0,
        "EBIT": -6969000.0,
        "Net Interest Income": -1348000.0,
        "Interest Expense": 1348000.0,
        "Normalized Income": -8326600.0,
        "Net Income From Continuing And Discontinued Operation": -8389000.0,
        "Total Expenses": 47834000.0,
        "Total Operating Income As Reported": -6835000.0,
        "Diluted Average Shares": 176944000.0,
        "Basic Average Shares": 176944000.0,
        "Diluted EPS": -0.05,
        "Basic EPS": -0.05,
        "Diluted NI Availto Com Stockholders": -8389000.0,
        "Net Income Common Stockholders": -8389000.0,
        "Net Income": -8389000.0,
        "Minority Interests": 6000.0,
        "Net Income Including Noncontrolling Interests": -8395000.0,
        "Net Income Continuous Operations": -8395000.0,
        "Tax Provision": 78000.0,
        "Pretax Income": -8317000.0,
        "Other Income Expense": -134000.0,
        "Other Non Operating Income Expenses": -30000.0,
        "Special Income Charges": NaN,
        "Restructuring And Mergern Acquisition": NaN,
        "Gain On Sale Of Security": -104000.0,
        "Net Non Operating Interest Income Expense": -1348000.0,
        "Interest Expense Non Operating": 1348000.0,
        "Operating Income": -6835000.0,
        "Operating Expense": 28116000.0,
        "Other Operating Expenses": -6632000.0,
        "Research And Development": 15216000.0,
        "Selling General And Administration": 19532000.0,
        "Gross Profit": 21281000.0,
        "Cost Of Revenue": 19718000.0,
        "Total Revenue": 40999000.0,
        "Operating Revenue": 40999000.0
    },
    "2023-06-30": {
        "Tax Effect Of Unusual Items": NaN,
        "Tax Rate For Calcs": NaN,
        "Normalized EBITDA": NaN,
        "Total Unusual Items": NaN,
        "Total Unusual Items Excluding Goodwill": NaN,
        "Net Income From Continuing Operation Net Minority Interest": NaN,
        "Reconciled Depreciation": NaN,
        "Reconciled Cost Of Revenue": NaN,
        "EBITDA": NaN,
        "EBIT": NaN,
        "Net Interest Income": NaN,
        "Interest Expense": NaN,
        "Normalized Income": NaN,
        "Net Income From Continuing And Discontinued Operation": NaN,
        "Total Expenses": NaN,
        "Total Operating Income As Reported": NaN,
        "Diluted Average Shares": 180611000.0,
        "Basic Average Shares": 180611000.0,
        "Diluted EPS": -0.07,
        "Basic EPS": -0.07,
        "Diluted NI Availto Com Stockholders": NaN,
        "Net Income Common Stockholders": NaN,
        "Net Income": NaN,
        "Minority Interests": NaN,
        "Net Income Including Noncontrolling Interests": NaN,
        "Net Income Continuous Operations": NaN,
        "Tax Provision": NaN,
        "Pretax Income": NaN,
        "Other Income Expense": NaN,
        "Other Non Operating Income Expenses": NaN,
        "Special Income Charges": -2128000.0,
        "Restructuring And Mergern Acquisition": 2128000.0,
        "Gain On Sale Of Security": NaN,
        "Net Non Operating Interest Income Expense": NaN,
        "Interest Expense Non Operating": NaN,
        "Operating Income": NaN,
        "Operating Expense": NaN,
        "Other Operating Expenses": NaN,
        "Research And Development": NaN,
        "Selling General And Administration": NaN,
        "Gross Profit": NaN,
        "Cost Of Revenue": NaN,
        "Total Revenue": NaN,
        "Operating Revenue": NaN
    },
    "2022-03-31": {
        "Diluted EPS": -0.07,
        "Total Revenue": 43,
        "Gross Profit": 25,
        "Operating Income": -10,
        "EBIT": -9,
        "Net Income": -12
    },
    "2021-12-31": {
        "Diluted EPS": -0.06,
        "Total Revenue": 50,
        "Gross Profit": 31,
        "Operating Income": -7,
        "EBIT": -6,
        "Net Income": -9
    },
    "2021-09-30": {
        "Diluted EPS": -0.07,
        "Total Revenue": 42,
        "Gross Profit": 25,
        "Operating Income": -11,
        "EBIT": -10,
        "Net Income": -12
    },
    "2021-06-30": {
        "Diluted EPS": -0.09,
        "Total Revenue": 38,
        "Gross Profit": 22,
        "Operating Income": -14,
        "EBIT": -14,
        "Net Income": -15
    },
    "2021-03-31": {
        "Diluted EPS": -0.1,
        "Total Revenue": 30,
        "Gross Profit": 18,
        "Operating Income": -16,
        "EBIT": -16,
        "Net Income": -17
    },
    "2020-12-31": {
        "Diluted EPS": -0.1,
        "Total Revenue": 34,
        "Gross Profit": 21,
        "Operating Income": -14,
        "EBIT": -14,
        "Net Income": -14
    },
    "2020-09-30": {
        "Diluted EPS": -0.08,
        "Total Revenue": 29,
        "Gross Profit": 18,
        "Operating Income": -14,
        "EBIT": -13,
        "Net Income": -14
    },
    "2020-06-30": {
        "Diluted EPS": -0.09,
        "Total Revenue": 27,
        "Gross Profit": 17,
        "Operating Income": -15,
        "EBIT": -14,
        "Net Income": -15
    },
    "2020-03-31": {
        "Diluted EPS": -0.1,
        "Total Revenue": 25,
        "Gross Profit": 16,
        "Operating Income": -15,
        "EBIT": -15,
        "Net Income": -16
    },
    "2019-12-31": {
        "Diluted EPS": -0.11,
        "Total Revenue": 26,
        "Gross Profit": 17,
        "Operating Income": -16,
        "EBIT": -16,
        "Net Income": -17
    },
    "2019-09-30": {
        "Diluted EPS": -0.13,
        "Total Revenue": 23,
        "Gross Profit": 15,
        "Operating Income": -17,
        "EBIT": -16,
        "Net Income": -18
    },
    "2019-06-30": {
        "Diluted EPS": -0.13,
        "Total Revenue": 22,
        "Gross Profit": 14,
        "Operating Income": -17,
        "EBIT": -16,
        "Net Income": -18
    },
    "2019-03-31": {
        "Diluted EPS": -0.14,
        "Total Revenue": 22,
        "Gross Profit": 14,
        "Operating Income": -16,
        "EBIT": -16,
        "Net Income": -19
    },
    "2018-12-31": {
        "Diluted EPS": -0.12,
        "Total Revenue": 20,
        "Gross Profit": 12,
        "Operating Income": -15,
        "EBIT": -15,
        "Net Income": -16
    },
    "2018-09-30": {
        "Diluted EPS": -0.11,
        "Total Revenue": 19,
        "Gross Profit": 11,
        "Operating Income": -14,
        "EBIT": -13,
        "Net Income": -14
    },
    "2018-06-30": {
        "Diluted EPS": -0.1,
        "Total Revenue": 19,
        "Gross Profit": 12,
        "Operating Income": -13,
        "EBIT": -12,
        "Net Income": -13
    },
    "2018-03-31": {
        "Diluted EPS": -0.11,
        "Total Revenue": 17,
        "Gross Profit": 10,
        "Operating Income": -13,
        "EBIT": -13,
        "Net Income": -14
    },
    "2017-12-31": {
        "Diluted EPS": -0.1,
        "Total Revenue": 19,
        "Gross Profit": 9,
        "Operating Income": -11,
        "EBIT": -10,
        "Net Income": -11
    },
    "2017-09-30": {
        "Diluted EPS": -0.12,
        "Total Revenue": 13,
        "Gross Profit": 8,
        "Operating Income": -12,
        "EBIT": -12,
        "Net Income": -13
    },
    "2017-06-30": {
        "Diluted EPS": -0.16,
        "Total Revenue": 11,
        "Gross Profit": 7,
        "Operating Income": -16,
        "EBIT": -16,
        "Net Income": -17
    },
    "2017-03-31": {
        "Diluted EPS": -0.18,
        "Total Revenue": 8,
        "Gross Profit": 5,
        "Operating Income": -18,
        "EBIT": -18,
        "Net Income": -19
    },
    "2016-12-31": {
        "Diluted EPS": -0.13,
        "Total Revenue": 12,
        "Gross Profit": 6,
        "Operating Income": -15,
        "EBIT": -15,
        "Net Income": -14
    },
    "2016-09-30": {
        "Diluted EPS": -0.14,
        "Total Revenue": 10,
        "Gross Profit": 5,
        "Operating Income": -14,
        "EBIT": -14,
        "Net Income": -14
    },
    "2016-06-30": {
        "Diluted EPS": -0.18,
        "Total Revenue": 9,
        "Gross Profit": 4,
        "Operating Income": -17,
        "EBIT": -16,
        "Net Income": -18
    },
    "2016-03-31": {
        "Diluted EPS": -0.17,
        "Total Revenue": 8,
        "Gross Profit": 3,
        "Operating Income": -15,
        "EBIT": -15,
        "Net Income": -17
    },
    "2015-12-31": {
        "Diluted EPS": -0.1,
        "Total Revenue": 10,
        "Gross Profit": 3,
        "Operating Income": -15,
        "EBIT": -15,
        "Net Income": -15
    },
    "2015-09-30": {
        "Diluted EPS": -0.17,
        "Total Revenue": 8,
        "Gross Profit": 2,
        "Operating Income": -16,
        "EBIT": -16,
        "Net Income": -16
    },
    "2015-06-30": {
        "Diluted EPS": -0.17,
        "Total Revenue": 9,
        "Gross Profit": 2,
        "Operating Income": -16,
        "EBIT": -15,
        "Net Income": -16
    },
    "2015-03-31": {
        "Diluted EPS": -0.17,
        "Total Revenue": 8,
        "Gross Profit": 3,
        "Operating Income": -14,
        "EBIT": -14,
        "Net Income": -9
    },
    "2014-12-31": {
        "Diluted EPS": -0.17,
        "Total Revenue": 10,
        "Gross Profit": 3,
        "Operating Income": -13,
        "EBIT": -13,
        "Net Income": -20
    },
    "2014-09-30": {
        "Diluted EPS": -0.16,
        "Total Revenue": 10,
        "Gross Profit": 5,
        "Operating Income": -11,
        "EBIT": -11,
        "Net Income": -11
    },
    "2014-06-30": {
        "Diluted EPS": -0.16,
        "Total Revenue": 9,
        "Gross Profit": 4,
        "Operating Income": -11,
        "EBIT": -11,
        "Net Income": -8
    },
    "2014-03-31": {
        "Diluted EPS": -0.12,
        "Total Revenue": 8,
        "Gross Profit": 4,
        "Operating Income": -9,
        "EBIT": -9,
        "Net Income": 0
    },
    "2013-12-31": {
        "Diluted EPS": -0.08,
        "Total Revenue": 9,
        "Gross Profit": 4,
        "Operating Income": -8,
        "EBIT": -7,
        "Net Income": -6
    },
    "2013-09-30": {
        "Diluted EPS": -0.29,
        "Total Revenue": 11,
        "Gross Profit": 4,
        "Operating Income": -8,
        "EBIT": -8,
        "Net Income": -21
    },
    "2013-06-30": {
        "Diluted EPS": -0.1,
        "Total Revenue": 10,
        "Gross Profit": 4,
        "Operating Income": -7,
        "EBIT": -7,
        "Net Income": -7
    },
    "2013-03-31": {
        "Diluted EPS": -0.17,
        "Total Revenue": 10,
        "Gross Profit": 5,
        "Operating Income": -5,
        "EBIT": -5,
        "Net Income": -10
    },
    "2012-12-31": {
        "Diluted EPS": 0.02,
        "Total Revenue": 11,
        "Gross Profit": 5,
        "Operating Income": -4,
        "EBIT": -3,
        "Net Income": -2
    },
    "2012-09-30": {
        "Diluted EPS": -0.08,
        "Total Revenue": 8,
        "Gross Profit": 4,
        "Operating Income": -4,
        "EBIT": -4,
        "Net Income": -3
    },
    "2012-06-30": {
        "Diluted EPS": -0.1,
        "Total Revenue": 9,
        "Gross Profit": 4,
        "Operating Income": -5,
        "EBIT": -5,
        "Net Income": -2
    },
    "2012-03-31": {
        "Diluted EPS": -0.17,
        "Total Revenue": 9,
        "Gross Profit": 3,
        "Operating Income": -5,
        "EBIT": -4,
        "Net Income": -9
    },
    "2011-12-31": {
        "Diluted EPS": -0.16,
        "Total Revenue": 10,
        "Gross Profit": 4,
        "Operating Income": -3,
        "EBIT": -3,
        "Net Income": -8
    },
    "2011-09-30": {
        "Diluted EPS": 0.05,
        "Total Revenue": 9,
        "Gross Profit": 5,
        "Operating Income": -3,
        "EBIT": -3,
        "Net Income": 2
    },
    "2011-06-30": {
        "Diluted EPS": -0.13,
        "Total Revenue": 7,
        "Gross Profit": 3,
        "Operating Income": -6,
        "EBIT": -5,
        "Net Income": -6
    },
    "2011-03-31": {
        "Diluted EPS": -0.11,
        "Total Revenue": 7,
        "Gross Profit": 3,
        "Operating Income": -4,
        "EBIT": -4,
        "Net Income": -5
    },
    "2010-12-31": {
        "Diluted EPS": -0.05,
        "Total Revenue": 6,
        "Gross Profit": 3,
        "Operating Income": -5,
        "EBIT": -4,
        "Net Income": -2
    },
    "2010-09-30": {
        "Diluted EPS": -0.09,
        "Total Revenue": 5,
        "Gross Profit": 3,
        "Operating Income": -4,
        "EBIT": -3,
        "Net Income": -4
    },
    "2010-06-30": {
        "Diluted EPS": -0.14,
        "Total Revenue": 6,
        "Gross Profit": 3,
        "Operating Income": -4,
        "EBIT": -3,
        "Net Income": -6
    },
    "2010-03-31": {
        "Diluted EPS": -0.14,
        "Total Revenue": 6,
        "Gross Profit": 3,
        "Operating Income": -4,
        "EBIT": -4,
        "Net Income": -5
    },
    "2009-12-31": {
        "Diluted EPS": -0.11,
        "Total Revenue": 5,
        "Gross Profit": 2,
        "Operating Income": -5,
        "EBIT": -5,
        "Net Income": -5
    },
    "2009-09-30": {
        "Diluted EPS": -0.16,
        "Total Revenue": 5,
        "Gross Profit": 1,
        "Operating Income": -6,
        "EBIT": -6,
        "Net Income": -6
    },
    "2009-06-30": {
        "Diluted EPS": -0.19,
        "Total Revenue": 4,
        "Gross Profit": 2,
        "Operating Income": -5,
        "EBIT": -5,
        "Net Income": -6
    },
    "2009-03-31": {
        "Diluted EPS": -0.23,
        "Total Revenue": 3,
        "Gross Profit": 1,
        "Operating Income": -7,
        "EBIT": -7,
        "Net Income": -7
    },
    "2023-09-30": {
        "Tax Effect Of Unusual Items": -301140.0,
        "Tax Rate For Calcs": 0.21,
        "Normalized EBITDA": -2733000.0,
        "Total Unusual Items": -1434000.0,
        "Total Unusual Items Excluding Goodwill": -1434000.0,
        "Net Income From Continuing Operation Net Minority Interest": -7267000.0,
        "Reconciled Depreciation": 677000.0,
        "Reconciled Cost Of Revenue": 17956000.0,
        "EBITDA": -4167000.0,
        "EBIT": -4844000.0,
        "Net Interest Income": -2364000.0,
        "Interest Expense": 2364000.0,
        "Normalized Income": -6134140.0,
        "Net Income From Continuing And Discontinued Operation": -7267000.0,
        "Total Expenses": 43415000.0,
        "Total Operating Income As Reported": -5243000.0,
        "Diluted Average Shares": 180938000.0,
        "Basic Average Shares": 180938000.0,
        "Diluted EPS": -0.04,
        "Basic EPS": -0.04,
        "Diluted NI Availto Com Stockholders": -7267000.0,
        "Net Income Common Stockholders": -7267000.0,
        "Net Income": -7267000.0,
        "Minority Interests": 19000.0,
        "Net Income Including Noncontrolling Interests": -7286000.0,
        "Net Income Continuous Operations": -7286000.0,
        "Tax Provision": 78000.0,
        "Pretax Income": -7208000.0,
        "Other Income Expense": -1201000.0,
        "Other Non Operating Income Expenses": 233000.0,
        "Special Income Charges": -1600000.0,
        "Restructuring And Mergern Acquisition": 1600000.0,
        "Gain On Sale Of Security": 166000.0,
        "Net Non Operating Interest Income Expense": -2364000.0,
        "Interest Expense Non Operating": 2364000.0,
        "Operating Income": -3643000.0,
        "Operating Expense": 25459000.0,
        "Other Operating Expenses": -7479000.0,
        "Research And Development": 16783000.0,
        "Selling General And Administration": 16155000.0,
        "Gross Profit": 21816000.0,
        "Cost Of Revenue": 17956000.0,
        "Total Revenue": 39772000.0,
        "Operating Revenue": 39772000.0
    },
    "2023-12-31": {
        "Tax Effect Of Unusual Items": -140700.0,
        "Tax Rate For Calcs": 0.21,
        "Normalized EBITDA": 2229000.0,
        "Total Unusual Items": -670000.0,
        "Total Unusual Items Excluding Goodwill": -670000.0,
        "Net Income From Continuing Operation Net Minority Interest": -1328000.0,
        "Reconciled Depreciation": 647000.0,
        "Reconciled Cost Of Revenue": 20809000.0,
        "EBITDA": 1559000.0,
        "EBIT": 912000.0,
        "Net Interest Income": -2229000.0,
        "Interest Expense": 2229000.0,
        "Normalized Income": -798700.0,
        "Net Income From Continuing And Discontinued Operation": -1328000.0,
        "Total Expenses": 45792000.0,
        "Total Operating Income As Reported": 976000.0,
        "Diluted Average Shares": NaN,
        "Basic Average Shares": NaN,
        "Diluted EPS": NaN,
        "Basic EPS": NaN,
        "Diluted NI Availto Com Stockholders": -1328000.0,
        "Net Income Common Stockholders": -1328000.0,
        "Net Income": -1328000.0,
        "Minority Interests": 61000.0,
        "Net Income Including Noncontrolling Interests": -1389000.0,
        "Net Income Continuous Operations": -1389000.0,
        "Tax Provision": 72000.0,
        "Pretax Income": -1317000.0,
        "Other Income Expense": -64000.0,
        "Other Non Operating Income Expenses": 606000.0,
        "Special Income Charges": 0.0,
        "Restructuring And Mergern Acquisition": 0.0,
        "Gain On Sale Of Security": -670000.0,
        "Net Non Operating Interest Income Expense": -2229000.0,
        "Interest Expense Non Operating": 2229000.0,
        "Operating Income": 976000.0,
        "Operating Expense": 24983000.0,
        "Other Operating Expenses": -6574000.0,
        "Research And Development": 14288000.0,
        "Selling General And Administration": 17269000.0,
        "Gross Profit": 25959000.0,
        "Cost Of Revenue": 20809000.0,
        "Total Revenue": 46768000.0,
        "Operating Revenue": 46768000.0
    },
    "2024-03-31": {
        "Tax Effect Of Unusual Items": 30450.0,
        "Tax Rate For Calcs": 0.21,
        "Normalized EBITDA": -6896000.0,
        "Total Unusual Items": 145000.0,
        "Total Unusual Items Excluding Goodwill": 145000.0,
        "Net Income From Continuing Operation Net Minority Interest": -9688000.0,
        "Reconciled Depreciation": 631000.0,
        "Reconciled Cost Of Revenue": 17093000.0,
        "EBITDA": -6751000.0,
        "EBIT": -7382000.0,
        "Net Interest Income": -2234000.0,
        "Interest Expense": 2234000.0,
        "Normalized Income": -9802550.0,
        "Net Income From Continuing And Discontinued Operation": -9688000.0,
        "Total Expenses": 46344000.0,
        "Total Operating Income As Reported": -7979000.0,
        "Diluted Average Shares": 182090000.0,
        "Basic Average Shares": 182090000.0,
        "Diluted EPS": -0.05,
        "Basic EPS": -0.05,
        "Diluted NI Availto Com Stockholders": -9688000.0,
        "Net Income Common Stockholders": -9688000.0,
        "Net Income": -9688000.0,
        "Minority Interests": 2000.0,
        "Net Income Including Noncontrolling Interests": -9690000.0,
        "Net Income Continuous Operations": -9690000.0,
        "Tax Provision": 74000.0,
        "Pretax Income": -9616000.0,
        "Other Income Expense": 597000.0,
        "Other Non Operating Income Expenses": 452000.0,
        "Special Income Charges": NaN,
        "Restructuring And Mergern Acquisition": NaN,
        "Gain On Sale Of Security": 145000.0,
        "Net Non Operating Interest Income Expense": -2234000.0,
        "Interest Expense Non Operating": 2234000.0,
        "Operating Income": -7979000.0,
        "Operating Expense": 29251000.0,
        "Other Operating Expenses": -5030000.0,
        "Research And Development": 14482000.0,
        "Selling General And Administration": 19799000.0,
        "Gross Profit": 21272000.0,
        "Cost Of Revenue": 17093000.0,
        "Total Revenue": 38365000.0,
        "Operating Revenue": 38365000.0
    },
    "2024-06-30": {
        "Tax Effect Of Unusual Items": -739.495798,
        "Tax Rate For Calcs": 0.009604,
        "Normalized EBITDA": -2944000.0,
        "Total Unusual Items": -77000.0,
        "Total Unusual Items Excluding Goodwill": -77000.0,
        "Net Income From Continuing Operation Net Minority Interest": -5775000.0,
        "Reconciled Depreciation": 480000.0,
        "Reconciled Cost Of Revenue": 20413000.0,
        "EBITDA": -3021000.0,
        "EBIT": -3501000.0,
        "Net Interest Income": -2330000.0,
        "Interest Expense": 2330000.0,
        "Normalized Income": -5698739.495798,
        "Net Income From Continuing And Discontinued Operation": -5775000.0,
        "Total Expenses": 48915000.0,
        "Total Operating Income As Reported": -3836000.0,
        "Diluted Average Shares": 184982000.0,
        "Basic Average Shares": 184982000.0,
        "Diluted EPS": -0.03,
        "Basic EPS": -0.03,
        "Diluted NI Availto Com Stockholders": -5775000.0,
        "Net Income Common Stockholders": -5775000.0,
        "Net Income": -5775000.0,
        "Minority Interests": 0.0,
        "Net Income Including Noncontrolling Interests": -5775000.0,
        "Net Income Continuous Operations": -5775000.0,
        "Tax Provision": -56000.0,
        "Pretax Income": -5831000.0,
        "Other Income Expense": 335000.0,
        "Other Non Operating Income Expenses": 412000.0,
        "Special Income Charges": 0.0,
        "Restructuring And Mergern Acquisition": 0.0,
        "Gain On Sale Of Security": -77000.0,
        "Net Non Operating Interest Income Expense": -2330000.0,
        "Interest Expense Non Operating": 2330000.0,
        "Operating Income": -3836000.0,
        "Operating Expense": 28502000.0,
        "Other Operating Expenses": -5440000.0,
        "Research And Development": 14969000.0,
        "Selling General And Administration": 18973000.0,
        "Gross Profit": 24666000.0,
        "Cost Of Revenue": 20413000.0,
        "Total Revenue": 45079000.0,
        "Operating Revenue": 45079000.0
    },
    "2024-09-30": {
        "Tax Effect Of Unusual Items": -50610.0,
        "Tax Rate For Calcs": 0.21,
        "Normalized EBITDA": 55000.0,
        "Total Unusual Items": -241000.0,
        "Total Unusual Items Excluding Goodwill": -241000.0,
        "Net Income From Continuing Operation Net Minority Interest": -2934000.0,
        "Reconciled Depreciation": 412000.0,
        "Reconciled Cost Of Revenue": 19818000.0,
        "EBITDA": -186000.0,
        "EBIT": -598000.0,
        "Net Interest Income": -2260000.0,
        "Interest Expense": 2260000.0,
        "Normalized Income": -2743610.0,
        "Net Income From Continuing And Discontinued Operation": -2934000.0,
        "Total Expenses": 46978000.0,
        "Total Operating Income As Reported": -961000.0,
        "Diluted Average Shares": 185424000.0,
        "Basic Average Shares": 185424000.0,
        "Diluted EPS": -0.02,
        "Basic EPS": -0.02,
        "Diluted NI Availto Com Stockholders": -2934000.0,
        "Net Income Common Stockholders": -2934000.0,
        "Net Income": -2934000.0,
        "Minority Interests": 0.0,
        "Net Income Including Noncontrolling Interests": -2934000.0,
        "Net Income Continuous Operations": -2934000.0,
        "Tax Provision": 76000.0,
        "Pretax Income": -2858000.0,
        "Other Income Expense": 363000.0,
        "Other Non Operating Income Expenses": 604000.0,
        "Special Income Charges": 0.0,
        "Restructuring And Mergern Acquisition": 0.0,
        "Gain On Sale Of Security": -241000.0,
        "Net Non Operating Interest Income Expense": -2260000.0,
        "Interest Expense Non Operating": 2260000.0,
        "Operating Income": -961000.0,
        "Operating Expense": 27160000.0,
        "Other Operating Expenses": -4639000.0,
        "Research And Development": 14013000.0,
        "Selling General And Administration": 17786000.0,
        "Gross Profit": 26199000.0,
        "Cost Of Revenue": 19818000.0,
        "Total Revenue": 46017000.0,
        "Operating Revenue": 46017000.0
    }
}