{
    "2023-03-31": {
        "Tax Effect Of Unusual Items": 0.0,
        "Tax Rate For Calcs": 0.0,
        "Normalized EBITDA": 781377.0,
        "Net Income From Continuing Operation Net Minority Interest": -609026.0,
        "Reconciled Depreciation": -82442.0,
        "Reconciled Cost Of Revenue": 8734916.0,
        "EBITDA": 781377.0,
        "EBIT": 781377.0,
        "Net Interest Income": -1335138.0,
        "Interest Expense": 1335138.0,
        "Normalized Income": -609026.0,
        "Net Income From Continuing And Discontinued Operation": -594794.0,
        "Total Expenses": 15668524.0,
        "Total Operating Income As Reported": 404873.0,
        "Diluted Average Shares": 815498.0,
        "Basic Average Shares": 815498.0,
        "Diluted EPS": -0.8,
        "Basic EPS": -0.8,
        "Diluted NI Availto Com Stockholders": -594794.0,
        "Net Income Common Stockholders": -594794.0,
        "Net Income": -594794.0,
        "Minority Interests": -55265.0,
        "Net Income Including Noncontrolling Interests": -539529.0,
        "Net Income Discontinuous Operations": 14232.0,
        "Net Income Continuous Operations": -553761.0,
        "Tax Provision": 0.0,
        "Pretax Income": -553761.0,
        "Other Income Expense": 376504.0,
        "Other Non Operating Income Expenses": 376504.0,
        "Net Non Operating Interest Income Expense": -1335138.0,
        "Interest Expense Non Operating": 1335138.0,
        "Operating Income": 404873.0,
        "Operating Expense": 6933608.0,
        "Research And Development": 1615341.0,
        "Selling General And Administration": 5318267.0,
        "General And Administrative Expense": 5318267.0,
        "Other Gand A": 5318267.0,
        "Gross Profit": 7338481.0,
        "Cost Of Revenue": 8734916.0,
        "Total Revenue": 16073397.0,
        "Operating Revenue": 16073397.0
    },
    "2022-12-31": {
        "Tax Effect Of Unusual Items": NaN,
        "Tax Rate For Calcs": NaN,
        "Normalized EBITDA": NaN,
        "Net Income From Continuing Operation Net Minority Interest": NaN,
        "Reconciled Depreciation": NaN,
        "Reconciled Cost Of Revenue": NaN,
        "EBITDA": NaN,
        "EBIT": NaN,
        "Net Interest Income": NaN,
        "Interest Expense": NaN,
        "Normalized Income": NaN,
        "Net Income From Continuing And Discontinued Operation": NaN,
        "Total Expenses": NaN,
        "Total Operating Income As Reported": NaN,
        "Diluted Average Shares": 761571.0,
        "Basic Average Shares": 761571.0,
        "Diluted EPS": -8.24,
        "Basic EPS": -8.24,
        "Diluted NI Availto Com Stockholders": NaN,
        "Net Income Common Stockholders": NaN,
        "Net Income": NaN,
        "Minority Interests": NaN,
        "Net Income Including Noncontrolling Interests": NaN,
        "Net Income Discontinuous Operations": NaN,
        "Net Income Continuous Operations": NaN,
        "Tax Provision": NaN,
        "Pretax Income": NaN,
        "Other Income Expense": NaN,
        "Other Non Operating Income Expenses": NaN,
        "Net Non Operating Interest Income Expense": NaN,
        "Interest Expense Non Operating": NaN,
        "Operating Income": NaN,
        "Operating Expense": NaN,
        "Research And Development": NaN,
        "Selling General And Administration": NaN,
        "General And Administrative Expense": NaN,
        "Other Gand A": NaN,
        "Gross Profit": NaN,
        "Cost Of Revenue": NaN,
        "Total Revenue": NaN,
        "Operating Revenue": NaN
    },
    "2022-09-30": {
        "Tax Effect Of Unusual Items": 0.0,
        "Tax Rate For Calcs": 0.4,
        "Normalized EBITDA": -2429417.0,
        "Net Income From Continuing Operation Net Minority Interest": -3140967.0,
        "Reconciled Depreciation": 516307.0,
        "Reconciled Cost Of Revenue": 7986016.0,
        "EBITDA": -2429417.0,
        "EBIT": -2945724.0,
        "Net Interest Income": -243674.0,
        "Interest Expense": 243674.0,
        "Normalized Income": -3140967.0,
        "Net Income From Continuing And Discontinued Operation": -3140967.0,
        "Total Expenses": 16801025.0,
        "Total Operating Income As Reported": -6873652.0,
        "Diluted Average Shares": 753674.0,
        "Basic Average Shares": 753674.0,
        "Diluted EPS": -3.97,
        "Basic EPS": -3.97,
        "Diluted NI Availto Com Stockholders": -3140967.0,
        "Net Income Common Stockholders": -3140967.0,
        "Net Income": -3140967.0,
        "Minority Interests": 87827.0,
        "Net Income Including Noncontrolling Interests": -3228794.0,
        "Net Income Discontinuous Operations": NaN,
        "Net Income Continuous Operations": -3228794.0,
        "Tax Provision": 39396.0,
        "Pretax Income": -3189398.0,
        "Other Income Expense": 611928.0,
        "Other Non Operating Income Expenses": 3927928.0,
        "Net Non Operating Interest Income Expense": -243674.0,
        "Interest Expense Non Operating": 243674.0,
        "Operating Income": -3557652.0,
        "Operating Expense": 8815009.0,
        "Research And Development": 1377046.0,
        "Selling General And Administration": 7437963.0,
        "General And Administrative Expense": 7437963.0,
        "Other Gand A": 7437963.0,
        "Gross Profit": 5257357.0,
        "Cost Of Revenue": 7986016.0,
        "Total Revenue": 13243373.0,
        "Operating Revenue": 13243373.0
    },
    "2022-06-30": {
        "Tax Effect Of Unusual Items": 0.0,
        "Tax Rate For Calcs": 0.253093,
        "Normalized EBITDA": 96473.0,
        "Net Income From Continuing Operation Net Minority Interest": -680793.0,
        "Reconciled Depreciation": 145057.0,
        "Reconciled Cost Of Revenue": 7754490.0,
        "EBITDA": 96473.0,
        "EBIT": -48584.0,
        "Net Interest Income": -931059.0,
        "Interest Expense": 931059.0,
        "Normalized Income": -680793.0,
        "Net Income From Continuing And Discontinued Operation": -680793.0,
        "Total Expenses": 15751695.0,
        "Total Operating Income As Reported": -2120849.0,
        "Diluted Average Shares": 736506.0,
        "Basic Average Shares": 736506.0,
        "Diluted EPS": -0.93,
        "Basic EPS": -0.93,
        "Diluted NI Availto Com Stockholders": -680793.0,
        "Net Income Common Stockholders": -680793.0,
        "Net Income": -680793.0,
        "Minority Interests": 50909.0,
        "Net Income Including Noncontrolling Interests": -731702.0,
        "Net Income Discontinuous Operations": NaN,
        "Net Income Continuous Operations": -731702.0,
        "Tax Provision": -247941.0,
        "Pretax Income": -979643.0,
        "Other Income Expense": 2072265.0,
        "Other Non Operating Income Expenses": 2072265.0,
        "Net Non Operating Interest Income Expense": -931059.0,
        "Interest Expense Non Operating": 931059.0,
        "Operating Income": -2120849.0,
        "Operating Expense": 7997205.0,
        "Research And Development": 1048246.0,
        "Selling General And Administration": 6948959.0,
        "General And Administrative Expense": 6948959.0,
        "Other Gand A": 6948959.0,
        "Gross Profit": 5876356.0,
        "Cost Of Revenue": 7754490.0,
        "Total Revenue": 13630846.0,
        "Operating Revenue": 13630846.0
    },
    "2022-03-31": {
        "Diluted EPS": -6.86,
        "Total Revenue": 12,
        "Gross Profit": 4,
        "Operating Income": -3,
        "EBIT": -2,
        "Net Income": -5
    },
    "2021-12-31": {
        "Diluted EPS": -6.79,
        "Total Revenue": 9,
        "Gross Profit": 3,
        "Operating Income": -3,
        "EBIT": -3,
        "Net Income": -4
    },
    "2021-09-30": {
        "Diluted EPS": -18.18,
        "Total Revenue": 15,
        "Gross Profit": 5,
        "Operating Income": -2,
        "EBIT": -2,
        "Net Income": -10
    },
    "2021-06-30": {
        "Diluted EPS": 2.1,
        "Total Revenue": 10,
        "Gross Profit": 4,
        "Operating Income": -2,
        "EBIT": -2,
        "Net Income": 1
    },
    "2021-03-31": {
        "Diluted EPS": 4.55,
        "Total Revenue": 9,
        "Gross Profit": 4,
        "Operating Income": -2,
        "EBIT": -1,
        "Net Income": 2
    },
    "2020-12-31": {
        "Diluted EPS": -3.15,
        "Total Revenue": 9,
        "Gross Profit": 4,
        "Operating Income": -2,
        "EBIT": -1,
        "Net Income": -2
    },
    "2020-09-30": {
        "Diluted EPS": -15.39,
        "Total Revenue": 11,
        "Gross Profit": 4,
        "Operating Income": -2,
        "EBIT": -1,
        "Net Income": -5
    },
    "2020-06-30": {
        "Diluted EPS": -13.29,
        "Total Revenue": 8,
        "Gross Profit": 3,
        "Operating Income": -2,
        "EBIT": -1,
        "Net Income": -4
    },
    "2020-03-31": {
        "Diluted EPS": -9.09,
        "Total Revenue": 12,
        "Gross Profit": 5,
        "Operating Income": -1,
        "EBIT": 0,
        "Net Income": -2
    },
    "2019-12-31": {
        "Diluted EPS": -0.35,
        "Total Revenue": 12,
        "Gross Profit": 5,
        "Operating Income": 0,
        "EBIT": 1,
        "Net Income": 0
    },
    "2019-09-30": {
        "Diluted EPS": -213.64,
        "Total Revenue": 11,
        "Gross Profit": 5,
        "Operating Income": -3,
        "EBIT": -3,
        "Net Income": -16
    },
    "2019-06-30": {
        "Diluted EPS": -55.59,
        "Total Revenue": 11,
        "Gross Profit": 4,
        "Operating Income": 0,
        "EBIT": 0,
        "Net Income": -3
    },
    "2019-03-31": {
        "Diluted EPS": -39.16,
        "Total Revenue": 12,
        "Gross Profit": 5,
        "Operating Income": -3,
        "EBIT": -1,
        "Net Income": -2
    },
    "2018-12-31": {
        "Diluted EPS": -66.78,
        "Total Revenue": 6,
        "Gross Profit": 2,
        "Operating Income": -2,
        "EBIT": -1,
        "Net Income": -3
    },
    "2018-09-30": {
        "Diluted EPS": -199.3,
        "Total Revenue": -49,
        "Gross Profit": -17,
        "Operating Income": -12,
        "EBIT": -13,
        "Net Income": -8
    },
    "2018-06-30": {
        "Diluted EPS": -84.27,
        "Total Revenue": 19,
        "Gross Profit": 7,
        "Operating Income": -1,
        "EBIT": 0,
        "Net Income": -3
    },
    "2018-03-31": {
        "Diluted EPS": 11.19,
        "Total Revenue": 20,
        "Gross Profit": 7,
        "Operating Income": 0,
        "EBIT": 1,
        "Net Income": 0
    },
    "2017-12-31": {
        "Diluted EPS": 19.58,
        "Total Revenue": 32,
        "Gross Profit": 11,
        "Operating Income": 1,
        "EBIT": 2,
        "Net Income": 1
    },
    "2017-09-30": {
        "Diluted EPS": 5.59,
        "Total Revenue": 33,
        "Gross Profit": 11,
        "Operating Income": 1,
        "EBIT": 2,
        "Net Income": 0
    },
    "2017-06-30": {
        "Diluted EPS": 30.77,
        "Total Revenue": 28,
        "Gross Profit": 10,
        "Operating Income": 1,
        "EBIT": 2,
        "Net Income": 1
    },
    "2017-03-31": {
        "Diluted EPS": 11.19,
        "Total Revenue": 31,
        "Gross Profit": 9,
        "Operating Income": 1,
        "EBIT": 1,
        "Net Income": 0
    },
    "2016-12-31": {
        "Diluted EPS": 39.16,
        "Total Revenue": 29,
        "Gross Profit": 10,
        "Operating Income": 2,
        "EBIT": 3,
        "Net Income": 1
    },
    "2016-09-30": {
        "Diluted EPS": 67.13,
        "Total Revenue": 37,
        "Gross Profit": 11,
        "Operating Income": 2,
        "EBIT": 3,
        "Net Income": 2
    },
    "2016-06-30": {
        "Diluted EPS": 44.76,
        "Total Revenue": 25,
        "Gross Profit": 8,
        "Operating Income": 2,
        "EBIT": 2,
        "Net Income": 1
    },
    "2016-03-31": {
        "Diluted EPS": 27.97,
        "Total Revenue": 19,
        "Gross Profit": 6,
        "Operating Income": 1,
        "EBIT": 1,
        "Net Income": 1
    },
    "2015-12-31": {
        "Diluted EPS": 25.18,
        "Total Revenue": 13,
        "Gross Profit": 4,
        "Operating Income": 0,
        "EBIT": 1,
        "Net Income": 1
    },
    "2015-09-30": {
        "Diluted EPS": 11.19,
        "Total Revenue": 14,
        "Gross Profit": 4,
        "Operating Income": 1,
        "EBIT": 1,
        "Net Income": 0
    },
    "2015-06-30": {
        "Diluted EPS": 39.16,
        "Total Revenue": 15,
        "Gross Profit": 4,
        "Operating Income": 1,
        "EBIT": 1,
        "Net Income": 1
    },
    "2015-03-31": {
        "Diluted EPS": 44.76,
        "Total Revenue": 14,
        "Gross Profit": 4,
        "Operating Income": 1,
        "EBIT": 1,
        "Net Income": 1
    },
    "2014-12-31": {
        "Diluted EPS": 16.78,
        "Total Revenue": 14,
        "Gross Profit": 4,
        "Operating Income": 0,
        "EBIT": 1,
        "Net Income": 0
    },
    "2014-09-30": {
        "Diluted EPS": 55.95,
        "Total Revenue": 14,
        "Gross Profit": 5,
        "Operating Income": 1,
        "EBIT": 1,
        "Net Income": 1
    },
    "2014-06-30": {
        "Diluted EPS": 30.77,
        "Total Revenue": 13,
        "Gross Profit": 4,
        "Operating Income": 1,
        "EBIT": 1,
        "Net Income": 1
    },
    "2014-03-31": {
        "Diluted EPS": 5.59,
        "Total Revenue": 12,
        "Gross Profit": 4,
        "Operating Income": 1,
        "EBIT": 2,
        "Net Income": 1
    },
    "2013-12-31": {
        "Diluted EPS": 16.78,
        "Total Revenue": 9,
        "Gross Profit": 3,
        "Operating Income": 0,
        "EBIT": 0,
        "Net Income": 0
    },
    "2013-09-30": {
        "Diluted EPS": 0.0,
        "Total Revenue": NaN,
        "Gross Profit": NaN,
        "Operating Income": NaN,
        "EBIT": NaN,
        "Net Income": NaN
    },
    "2013-06-30": {
        "Diluted EPS": 0.0,
        "Total Revenue": 5,
        "Gross Profit": 0,
        "Operating Income": 0,
        "EBIT": 0,
        "Net Income": 0
    },
    "2013-03-31": {
        "Diluted EPS": 0.0,
        "Total Revenue": 4,
        "Gross Profit": 0,
        "Operating Income": 0,
        "EBIT": 0,
        "Net Income": 0
    },
    "2012-09-30": {
        "Diluted EPS": 0.0,
        "Total Revenue": NaN,
        "Gross Profit": NaN,
        "Operating Income": NaN,
        "EBIT": NaN,
        "Net Income": NaN
    },
    "2011-09-30": {
        "Diluted EPS": 0.0,
        "Total Revenue": NaN,
        "Gross Profit": NaN,
        "Operating Income": NaN,
        "EBIT": NaN,
        "Net Income": NaN
    },
    "2010-09-30": {
        "Diluted EPS": 0.0,
        "Total Revenue": NaN,
        "Gross Profit": NaN,
        "Operating Income": NaN,
        "EBIT": NaN,
        "Net Income": NaN
    },
    "2009-09-30": {
        "Diluted EPS": 0.0,
        "Total Revenue": NaN,
        "Gross Profit": NaN,
        "Operating Income": NaN,
        "EBIT": NaN,
        "Net Income": NaN
    },
    "2023-06-30": {
        "Tax Effect Of Unusual Items": 0.0,
        "Tax Rate For Calcs": 0.21,
        "Normalized EBITDA": 338307.0,
        "Net Income From Continuing Operation Net Minority Interest": -1159805.0,
        "Reconciled Depreciation": 249881.0,
        "Reconciled Cost Of Revenue": 8249497.0,
        "EBITDA": 338307.0,
        "EBIT": 88426.0,
        "Net Interest Income": -1254185.0,
        "Interest Expense": 1254185.0,
        "Normalized Income": -1159805.0,
        "Net Income From Continuing And Discontinued Operation": -1146524.0,
        "Total Expenses": 14676366.0,
        "Total Operating Income As Reported": 53774.0,
        "Diluted Average Shares": 897897.0,
        "Basic Average Shares": 897897.0,
        "Diluted EPS": -1.28,
        "Basic EPS": -1.28,
        "Diluted NI Availto Com Stockholders": -1146524.0,
        "Net Income Common Stockholders": -1146524.0,
        "Net Income": -1146524.0,
        "Minority Interests": 25595.0,
        "Net Income Including Noncontrolling Interests": -1172119.0,
        "Net Income Discontinuous Operations": 13281.0,
        "Net Income Continuous Operations": -1185400.0,
        "Tax Provision": 19641.0,
        "Pretax Income": -1165759.0,
        "Other Income Expense": 34652.0,
        "Other Non Operating Income Expenses": 34652.0,
        "Net Non Operating Interest Income Expense": -1254185.0,
        "Interest Expense Non Operating": 1254185.0,
        "Operating Income": 53774.0,
        "Operating Expense": 6426869.0,
        "Research And Development": 1049909.0,
        "Selling General And Administration": 5376960.0,
        "General And Administrative Expense": 5376960.0,
        "Other Gand A": 5376960.0,
        "Gross Profit": 6480643.0,
        "Cost Of Revenue": 8249497.0,
        "Total Revenue": 14730140.0,
        "Operating Revenue": 14730140.0
    },
    "2023-09-30": {
        "Tax Effect Of Unusual Items": 0.0,
        "Tax Rate For Calcs": 0.21,
        "Normalized EBITDA": 391707.0,
        "Net Income From Continuing Operation Net Minority Interest": -1552401.0,
        "Reconciled Depreciation": 327806.0,
        "Reconciled Cost Of Revenue": 9768487.0,
        "EBITDA": 391707.0,
        "EBIT": 63901.0,
        "Net Interest Income": -1248741.0,
        "Interest Expense": 1248741.0,
        "Normalized Income": -1552401.0,
        "Net Income From Continuing And Discontinued Operation": -1178346.0,
        "Total Expenses": 16613502.0,
        "Total Operating Income As Reported": -18719.0,
        "Diluted Average Shares": NaN,
        "Basic Average Shares": NaN,
        "Diluted EPS": NaN,
        "Basic EPS": NaN,
        "Diluted NI Availto Com Stockholders": -1178346.0,
        "Net Income Common Stockholders": -1178346.0,
        "Net Income": -1178346.0,
        "Minority Interests": 7070.0,
        "Net Income Including Noncontrolling Interests": -1185416.0,
        "Net Income Discontinuous Operations": 374055.0,
        "Net Income Continuous Operations": -1559471.0,
        "Tax Provision": 374631.0,
        "Pretax Income": -1184840.0,
        "Other Income Expense": 82620.0,
        "Other Non Operating Income Expenses": 82620.0,
        "Net Non Operating Interest Income Expense": -1248741.0,
        "Interest Expense Non Operating": 1248741.0,
        "Operating Income": -18719.0,
        "Operating Expense": 6845015.0,
        "Research And Development": -627723.0,
        "Selling General And Administration": 7472738.0,
        "General And Administrative Expense": 7472738.0,
        "Other Gand A": 7472738.0,
        "Gross Profit": 6826296.0,
        "Cost Of Revenue": 9768487.0,
        "Total Revenue": 16594783.0,
        "Operating Revenue": 16594783.0
    },
    "2023-12-31": {
        "Tax Effect Of Unusual Items": 0.0,
        "Tax Rate For Calcs": 0.21,
        "Normalized EBITDA": -291660.0,
        "Net Income From Continuing Operation Net Minority Interest": -1217986.0,
        "Reconciled Depreciation": 368301.0,
        "Reconciled Cost Of Revenue": 9795767.0,
        "EBITDA": -291660.0,
        "EBIT": -659961.0,
        "Net Interest Income": -583683.0,
        "Interest Expense": 583683.0,
        "Normalized Income": -1217986.0,
        "Net Income From Continuing And Discontinued Operation": -1207494.0,
        "Total Expenses": 17616538.0,
        "Total Operating Income As Reported": -738372.0,
        "Diluted Average Shares": 1047624.0,
        "Basic Average Shares": 1047624.0,
        "Diluted EPS": -1.15,
        "Basic EPS": -1.15,
        "Diluted NI Availto Com Stockholders": -1207494.0,
        "Net Income Common Stockholders": -1207494.0,
        "Net Income": -1207494.0,
        "Minority Interests": 96409.0,
        "Net Income Including Noncontrolling Interests": -1303903.0,
        "Net Income Discontinuous Operations": 10492.0,
        "Net Income Continuous Operations": -1314395.0,
        "Tax Provision": 70751.0,
        "Pretax Income": -1243644.0,
        "Other Income Expense": 78411.0,
        "Other Non Operating Income Expenses": 78411.0,
        "Net Non Operating Interest Income Expense": -583683.0,
        "Interest Expense Non Operating": 583683.0,
        "Operating Income": -738372.0,
        "Operating Expense": 7820771.0,
        "Research And Development": 848805.0,
        "Selling General And Administration": 6971966.0,
        "General And Administrative Expense": 6971966.0,
        "Other Gand A": 6971966.0,
        "Gross Profit": 7082399.0,
        "Cost Of Revenue": 9795767.0,
        "Total Revenue": 16878166.0,
        "Operating Revenue": 16878166.0
    },
    "2024-03-31": {
        "Tax Effect Of Unusual Items": 0.0,
        "Tax Rate For Calcs": 0.21,
        "Normalized EBITDA": -582487.0,
        "Net Income From Continuing Operation Net Minority Interest": -1483674.0,
        "Reconciled Depreciation": 304889.0,
        "Reconciled Cost Of Revenue": 10220179.0,
        "EBITDA": -582487.0,
        "EBIT": -887376.0,
        "Net Interest Income": -592804.0,
        "Interest Expense": 592804.0,
        "Normalized Income": -1483674.0,
        "Net Income From Continuing And Discontinued Operation": -1473211.0,
        "Total Expenses": 18191736.0,
        "Total Operating Income As Reported": -1032141.0,
        "Diluted Average Shares": 1055636.0,
        "Basic Average Shares": 1055636.0,
        "Diluted EPS": -1.45,
        "Basic EPS": -1.45,
        "Diluted NI Availto Com Stockholders": -1473211.0,
        "Net Income Common Stockholders": -1473211.0,
        "Net Income": -1473211.0,
        "Minority Interests": 96510.0,
        "Net Income Including Noncontrolling Interests": -1569721.0,
        "Net Income Discontinuous Operations": 10463.0,
        "Net Income Continuous Operations": -1580184.0,
        "Tax Provision": 100004.0,
        "Pretax Income": -1480180.0,
        "Other Income Expense": 144765.0,
        "Other Non Operating Income Expenses": 144765.0,
        "Net Non Operating Interest Income Expense": -592804.0,
        "Interest Expense Non Operating": 592804.0,
        "Operating Income": -1032141.0,
        "Operating Expense": 7971557.0,
        "Research And Development": 951400.0,
        "Selling General And Administration": 7020157.0,
        "General And Administrative Expense": 7020157.0,
        "Other Gand A": 7020157.0,
        "Gross Profit": 6939416.0,
        "Cost Of Revenue": 10220179.0,
        "Total Revenue": 17159595.0,
        "Operating Revenue": 17159595.0
    }
}