{
    "2023-03-31": {
        "Tax Effect Of Unusual Items": -24570.0,
        "Tax Rate For Calcs": 0.21,
        "Normalized EBITDA": -1084000.0,
        "Total Unusual Items": -117000.0,
        "Total Unusual Items Excluding Goodwill": -117000.0,
        "Net Income From Continuing Operation Net Minority Interest": -2699000.0,
        "Reconciled Depreciation": 1419000.0,
        "Reconciled Cost Of Revenue": 2243000.0,
        "EBITDA": -1201000.0,
        "EBIT": -2620000.0,
        "Net Interest Income": 1455000.0,
        "Interest Income": 1455000.0,
        "Normalized Income": -2606570.0,
        "Net Income From Continuing And Discontinued Operation": -4872000.0,
        "Total Expenses": 28882000.0,
        "Total Operating Income As Reported": -2620000.0,
        "Diluted Average Shares": 23334000.0,
        "Basic Average Shares": 23334000.0,
        "Diluted EPS": -0.21,
        "Basic EPS": -0.21,
        "Diluted NI Availto Com Stockholders": -4872000.0,
        "Net Income Common Stockholders": -4872000.0,
        "Net Income": -4872000.0,
        "Net Income Including Noncontrolling Interests": -4872000.0,
        "Net Income Discontinuous Operations": -2173000.0,
        "Net Income Continuous Operations": -2699000.0,
        "Tax Provision": 1417000.0,
        "Pretax Income": -1282000.0,
        "Other Income Expense": -117000.0,
        "Special Income Charges": NaN,
        "Write Off": NaN,
        "Gain On Sale Of Security": -117000.0,
        "Net Non Operating Interest Income Expense": 1455000.0,
        "Interest Income Non Operating": 1455000.0,
        "Operating Income": -2620000.0,
        "Operating Expense": 25374000.0,
        "Depreciation Amortization Depletion Income Statement": 154000.0,
        "Depreciation And Amortization In Income Statement": 154000.0,
        "Amortization": 154000.0,
        "Amortization Of Intangibles Income Statement": 154000.0,
        "Research And Development": 18674000.0,
        "Selling General And Administration": 6546000.0,
        "Selling And Marketing Expense": 2719000.0,
        "General And Administrative Expense": 3827000.0,
        "Other Gand A": 3827000.0,
        "Gross Profit": 22754000.0,
        "Cost Of Revenue": 3508000.0,
        "Total Revenue": 26262000.0,
        "Operating Revenue": 26262000.0
    },
    "2022-12-31": {
        "Tax Effect Of Unusual Items": NaN,
        "Tax Rate For Calcs": NaN,
        "Normalized EBITDA": NaN,
        "Total Unusual Items": NaN,
        "Total Unusual Items Excluding Goodwill": NaN,
        "Net Income From Continuing Operation Net Minority Interest": NaN,
        "Reconciled Depreciation": NaN,
        "Reconciled Cost Of Revenue": NaN,
        "EBITDA": NaN,
        "EBIT": NaN,
        "Net Interest Income": NaN,
        "Interest Income": NaN,
        "Normalized Income": NaN,
        "Net Income From Continuing And Discontinued Operation": NaN,
        "Total Expenses": NaN,
        "Total Operating Income As Reported": NaN,
        "Diluted Average Shares": NaN,
        "Basic Average Shares": NaN,
        "Diluted EPS": NaN,
        "Basic EPS": NaN,
        "Diluted NI Availto Com Stockholders": NaN,
        "Net Income Common Stockholders": NaN,
        "Net Income": NaN,
        "Net Income Including Noncontrolling Interests": NaN,
        "Net Income Discontinuous Operations": NaN,
        "Net Income Continuous Operations": NaN,
        "Tax Provision": NaN,
        "Pretax Income": NaN,
        "Other Income Expense": NaN,
        "Special Income Charges": 0.0,
        "Write Off": 0.0,
        "Gain On Sale Of Security": NaN,
        "Net Non Operating Interest Income Expense": NaN,
        "Interest Income Non Operating": NaN,
        "Operating Income": NaN,
        "Operating Expense": NaN,
        "Depreciation Amortization Depletion Income Statement": NaN,
        "Depreciation And Amortization In Income Statement": NaN,
        "Amortization": NaN,
        "Amortization Of Intangibles Income Statement": NaN,
        "Research And Development": NaN,
        "Selling General And Administration": NaN,
        "Selling And Marketing Expense": NaN,
        "General And Administrative Expense": NaN,
        "Other Gand A": NaN,
        "Gross Profit": NaN,
        "Cost Of Revenue": NaN,
        "Total Revenue": NaN,
        "Operating Revenue": NaN
    },
    "2022-09-30": {
        "Tax Effect Of Unusual Items": NaN,
        "Tax Rate For Calcs": NaN,
        "Normalized EBITDA": NaN,
        "Total Unusual Items": NaN,
        "Total Unusual Items Excluding Goodwill": NaN,
        "Net Income From Continuing Operation Net Minority Interest": NaN,
        "Reconciled Depreciation": NaN,
        "Reconciled Cost Of Revenue": NaN,
        "EBITDA": NaN,
        "EBIT": NaN,
        "Net Interest Income": NaN,
        "Interest Income": NaN,
        "Normalized Income": NaN,
        "Net Income From Continuing And Discontinued Operation": NaN,
        "Total Expenses": NaN,
        "Total Operating Income As Reported": NaN,
        "Diluted Average Shares": NaN,
        "Basic Average Shares": NaN,
        "Diluted EPS": NaN,
        "Basic EPS": NaN,
        "Diluted NI Availto Com Stockholders": NaN,
        "Net Income Common Stockholders": NaN,
        "Net Income": NaN,
        "Net Income Including Noncontrolling Interests": NaN,
        "Net Income Discontinuous Operations": -1672000.0,
        "Net Income Continuous Operations": NaN,
        "Tax Provision": NaN,
        "Pretax Income": NaN,
        "Other Income Expense": NaN,
        "Special Income Charges": -3556000.0,
        "Write Off": 3556000.0,
        "Gain On Sale Of Security": NaN,
        "Net Non Operating Interest Income Expense": NaN,
        "Total Other Finance Cost": -108000.0,
        "Interest Income Non Operating": NaN,
        "Operating Income": NaN,
        "Operating Expense": NaN,
        "Depreciation Amortization Depletion Income Statement": NaN,
        "Depreciation And Amortization In Income Statement": NaN,
        "Amortization": NaN,
        "Amortization Of Intangibles Income Statement": NaN,
        "Research And Development": NaN,
        "Selling General And Administration": NaN,
        "Selling And Marketing Expense": NaN,
        "General And Administrative Expense": NaN,
        "Other Gand A": NaN,
        "Gross Profit": NaN,
        "Cost Of Revenue": NaN,
        "Total Revenue": NaN,
        "Operating Revenue": NaN
    },
    "2022-06-30": {
        "Tax Effect Of Unusual Items": -342000.0,
        "Tax Rate For Calcs": 0.4,
        "Normalized EBITDA": 2561000.0,
        "Total Unusual Items": -855000.0,
        "Total Unusual Items Excluding Goodwill": -855000.0,
        "Net Income From Continuing Operation Net Minority Interest": -1123000.0,
        "Reconciled Depreciation": 1982000.0,
        "Reconciled Cost Of Revenue": 5593000.0,
        "EBITDA": 1706000.0,
        "EBIT": -276000.0,
        "Net Interest Income": 580000.0,
        "Interest Income": 580000.0,
        "Normalized Income": -610000.0,
        "Net Income From Continuing And Discontinued Operation": -1123000.0,
        "Total Expenses": 33471000.0,
        "Total Operating Income As Reported": -276000.0,
        "Diluted Average Shares": 23174000.0,
        "Basic Average Shares": 23174000.0,
        "Diluted EPS": -0.05,
        "Basic EPS": -0.05,
        "Diluted NI Availto Com Stockholders": -1123000.0,
        "Net Income Common Stockholders": -1123000.0,
        "Net Income": -1123000.0,
        "Net Income Including Noncontrolling Interests": -1123000.0,
        "Net Income Continuous Operations": -1123000.0,
        "Tax Provision": 575000.0,
        "Pretax Income": -548000.0,
        "Other Income Expense": -855000.0,
        "Special Income Charges": NaN,
        "Write Off": NaN,
        "Gain On Sale Of Security": -855000.0,
        "Net Non Operating Interest Income Expense": 580000.0,
        "Total Other Finance Cost": NaN,
        "Interest Income Non Operating": 580000.0,
        "Operating Income": -276000.0,
        "Operating Expense": 26646000.0,
        "Depreciation Amortization Depletion Income Statement": 750000.0,
        "Depreciation And Amortization In Income Statement": 750000.0,
        "Amortization": 750000.0,
        "Amortization Of Intangibles Income Statement": 750000.0,
        "Research And Development": 19538000.0,
        "Selling General And Administration": 6358000.0,
        "Selling And Marketing Expense": 2723000.0,
        "General And Administrative Expense": 3635000.0,
        "Other Gand A": 3635000.0,
        "Gross Profit": 26370000.0,
        "Cost Of Revenue": 6825000.0,
        "Total Revenue": 33195000.0,
        "Operating Revenue": 33195000.0
    },
    "2022-03-31": {
        "Diluted EPS": -0.07,
        "Total Revenue": 34,
        "Gross Profit": 28,
        "Operating Income": 0,
        "EBIT": 3,
        "Net Income": -2
    },
    "2021-12-31": {
        "Diluted EPS": 0.18,
        "Total Revenue": 34,
        "Gross Profit": 28,
        "Operating Income": 2,
        "EBIT": 4,
        "Net Income": 4
    },
    "2021-09-30": {
        "Diluted EPS": -0.01,
        "Total Revenue": 33,
        "Gross Profit": 28,
        "Operating Income": 2,
        "EBIT": 3,
        "Net Income": 0
    },
    "2021-06-30": {
        "Diluted EPS": 0.01,
        "Total Revenue": 30,
        "Gross Profit": 27,
        "Operating Income": 2,
        "EBIT": 3,
        "Net Income": 0
    },
    "2021-03-31": {
        "Diluted EPS": -0.16,
        "Total Revenue": 25,
        "Gross Profit": 23,
        "Operating Income": -1,
        "EBIT": 0,
        "Net Income": -4
    },
    "2020-12-31": {
        "Diluted EPS": 0.02,
        "Total Revenue": 28,
        "Gross Profit": 26,
        "Operating Income": 2,
        "EBIT": 4,
        "Net Income": 1
    },
    "2020-09-30": {
        "Diluted EPS": -0.03,
        "Total Revenue": 25,
        "Gross Profit": 22,
        "Operating Income": 0,
        "EBIT": 2,
        "Net Income": -1
    },
    "2020-06-30": {
        "Diluted EPS": -0.05,
        "Total Revenue": 24,
        "Gross Profit": 21,
        "Operating Income": -2,
        "EBIT": 0,
        "Net Income": -1
    },
    "2020-03-31": {
        "Diluted EPS": -0.05,
        "Total Revenue": 24,
        "Gross Profit": 21,
        "Operating Income": -2,
        "EBIT": 0,
        "Net Income": -1
    },
    "2019-12-31": {
        "Diluted EPS": 0.14,
        "Total Revenue": 28,
        "Gross Profit": 25,
        "Operating Income": 3,
        "EBIT": 5,
        "Net Income": 3
    },
    "2019-09-30": {
        "Diluted EPS": 0.03,
        "Total Revenue": 23,
        "Gross Profit": 21,
        "Operating Income": 0,
        "EBIT": 2,
        "Net Income": 1
    },
    "2019-06-30": {
        "Diluted EPS": -0.07,
        "Total Revenue": 18,
        "Gross Profit": 16,
        "Operating Income": -2,
        "EBIT": -1,
        "Net Income": -2
    },
    "2019-03-31": {
        "Diluted EPS": -0.1,
        "Total Revenue": 17,
        "Gross Profit": 15,
        "Operating Income": -3,
        "EBIT": -2,
        "Net Income": -2
    },
    "2018-12-31": {
        "Diluted EPS": 0.11,
        "Total Revenue": 21,
        "Gross Profit": 19,
        "Operating Income": 2,
        "EBIT": 4,
        "Net Income": 2
    },
    "2018-09-30": {
        "Diluted EPS": 0.11,
        "Total Revenue": 21,
        "Gross Profit": 19,
        "Operating Income": 2,
        "EBIT": 3,
        "Net Income": 3
    },
    "2018-06-30": {
        "Diluted EPS": -0.09,
        "Total Revenue": 17,
        "Gross Profit": 16,
        "Operating Income": -3,
        "EBIT": -2,
        "Net Income": -2
    },
    "2018-03-31": {
        "Diluted EPS": -0.1,
        "Total Revenue": 18,
        "Gross Profit": 16,
        "Operating Income": -3,
        "EBIT": -2,
        "Net Income": -2
    },
    "2017-12-31": {
        "Diluted EPS": 0.13,
        "Total Revenue": 22,
        "Gross Profit": 20,
        "Operating Income": 3,
        "EBIT": 4,
        "Net Income": 3
    },
    "2017-09-30": {
        "Diluted EPS": 0.26,
        "Total Revenue": 24,
        "Gross Profit": 22,
        "Operating Income": 6,
        "EBIT": 7,
        "Net Income": 6
    },
    "2017-06-30": {
        "Diluted EPS": 0.17,
        "Total Revenue": 21,
        "Gross Profit": 19,
        "Operating Income": 2,
        "EBIT": 3,
        "Net Income": 4
    },
    "2017-03-31": {
        "Diluted EPS": 0.19,
        "Total Revenue": 21,
        "Gross Profit": 20,
        "Operating Income": 4,
        "EBIT": 5,
        "Net Income": 4
    },
    "2016-12-31": {
        "Diluted EPS": 0.24,
        "Total Revenue": 21,
        "Gross Profit": 20,
        "Operating Income": 6,
        "EBIT": 7,
        "Net Income": 5
    },
    "2016-09-30": {
        "Diluted EPS": 0.15,
        "Total Revenue": 18,
        "Gross Profit": 16,
        "Operating Income": 4,
        "EBIT": 5,
        "Net Income": 3
    },
    "2016-06-30": {
        "Diluted EPS": 0.13,
        "Total Revenue": 17,
        "Gross Profit": 16,
        "Operating Income": 3,
        "EBIT": 4,
        "Net Income": 3
    },
    "2016-03-31": {
        "Diluted EPS": 0.09,
        "Total Revenue": 17,
        "Gross Profit": 15,
        "Operating Income": 2,
        "EBIT": 3,
        "Net Income": 2
    },
    "2015-12-31": {
        "Diluted EPS": 0.11,
        "Total Revenue": 16,
        "Gross Profit": 15,
        "Operating Income": 2,
        "EBIT": 3,
        "Net Income": 2
    },
    "2015-09-30": {
        "Diluted EPS": 0.16,
        "Total Revenue": 16,
        "Gross Profit": 15,
        "Operating Income": 3,
        "EBIT": 4,
        "Net Income": 3
    },
    "2015-06-30": {
        "Diluted EPS": 0.01,
        "Total Revenue": 13,
        "Gross Profit": 12,
        "Operating Income": 0,
        "EBIT": 1,
        "Net Income": 0
    },
    "2015-03-31": {
        "Diluted EPS": 0.02,
        "Total Revenue": 14,
        "Gross Profit": 13,
        "Operating Income": 1,
        "EBIT": 1,
        "Net Income": 0
    },
    "2014-12-31": {
        "Diluted EPS": -0.09,
        "Total Revenue": 14,
        "Gross Profit": 13,
        "Operating Income": 0,
        "EBIT": 1,
        "Net Income": -2
    },
    "2014-09-30": {
        "Diluted EPS": 0.03,
        "Total Revenue": 14,
        "Gross Profit": 13,
        "Operating Income": 1,
        "EBIT": 2,
        "Net Income": 1
    },
    "2014-06-30": {
        "Diluted EPS": -0.07,
        "Total Revenue": 9,
        "Gross Profit": 8,
        "Operating Income": -2,
        "EBIT": -2,
        "Net Income": -2
    },
    "2014-03-31": {
        "Diluted EPS": 0.09,
        "Total Revenue": 14,
        "Gross Profit": 13,
        "Operating Income": 2,
        "EBIT": 3,
        "Net Income": 2
    },
    "2013-12-31": {
        "Diluted EPS": 0.13,
        "Total Revenue": 14,
        "Gross Profit": 13,
        "Operating Income": 3,
        "EBIT": 3,
        "Net Income": 3
    },
    "2013-09-30": {
        "Diluted EPS": -0.01,
        "Total Revenue": 10,
        "Gross Profit": 9,
        "Operating Income": -1,
        "EBIT": -1,
        "Net Income": 0
    },
    "2013-06-30": {
        "Diluted EPS": 0.1,
        "Total Revenue": 13,
        "Gross Profit": 12,
        "Operating Income": 2,
        "EBIT": 2,
        "Net Income": 2
    },
    "2013-03-31": {
        "Diluted EPS": 0.08,
        "Total Revenue": 12,
        "Gross Profit": 11,
        "Operating Income": 1,
        "EBIT": 2,
        "Net Income": 2
    },
    "2012-12-31": {
        "Diluted EPS": 0.13,
        "Total Revenue": 13,
        "Gross Profit": 12,
        "Operating Income": 2,
        "EBIT": 3,
        "Net Income": 3
    },
    "2012-09-30": {
        "Diluted EPS": 0.11,
        "Total Revenue": 12,
        "Gross Profit": 11,
        "Operating Income": 2,
        "EBIT": 3,
        "Net Income": 3
    },
    "2012-06-30": {
        "Diluted EPS": 0.15,
        "Total Revenue": 14,
        "Gross Profit": 13,
        "Operating Income": 3,
        "EBIT": 4,
        "Net Income": 3
    },
    "2012-03-31": {
        "Diluted EPS": 0.2,
        "Total Revenue": 15,
        "Gross Profit": 14,
        "Operating Income": 5,
        "EBIT": 5,
        "Net Income": 5
    },
    "2011-12-31": {
        "Diluted EPS": 0.21,
        "Total Revenue": 16,
        "Gross Profit": 15,
        "Operating Income": 5,
        "EBIT": 6,
        "Net Income": 5
    },
    "2011-09-30": {
        "Diluted EPS": 0.2,
        "Total Revenue": 15,
        "Gross Profit": 14,
        "Operating Income": 5,
        "EBIT": 5,
        "Net Income": 5
    },
    "2011-06-30": {
        "Diluted EPS": 0.17,
        "Total Revenue": 14,
        "Gross Profit": 14,
        "Operating Income": 4,
        "EBIT": 5,
        "Net Income": 4
    },
    "2011-03-31": {
        "Diluted EPS": 0.19,
        "Total Revenue": 15,
        "Gross Profit": 14,
        "Operating Income": 5,
        "EBIT": 6,
        "Net Income": 5
    },
    "2010-12-31": {
        "Diluted EPS": 0.19,
        "Total Revenue": 13,
        "Gross Profit": 12,
        "Operating Income": 4,
        "EBIT": 4,
        "Net Income": 4
    },
    "2010-09-30": {
        "Diluted EPS": 0.13,
        "Total Revenue": 11,
        "Gross Profit": 10,
        "Operating Income": 2,
        "EBIT": 3,
        "Net Income": 3
    },
    "2010-06-30": {
        "Diluted EPS": 0.1,
        "Total Revenue": 11,
        "Gross Profit": 10,
        "Operating Income": 2,
        "EBIT": 2,
        "Net Income": 2
    },
    "2010-03-31": {
        "Diluted EPS": 0.09,
        "Total Revenue": 11,
        "Gross Profit": 10,
        "Operating Income": 2,
        "EBIT": 2,
        "Net Income": 2
    },
    "2009-12-31": {
        "Diluted EPS": 0.13,
        "Total Revenue": 10,
        "Gross Profit": 9,
        "Operating Income": 2,
        "EBIT": 2,
        "Net Income": 3
    },
    "2009-09-30": {
        "Diluted EPS": 0.09,
        "Total Revenue": 10,
        "Gross Profit": 9,
        "Operating Income": 2,
        "EBIT": 2,
        "Net Income": 2
    },
    "2009-06-30": {
        "Diluted EPS": 0.12,
        "Total Revenue": 9,
        "Gross Profit": 8,
        "Operating Income": 1,
        "EBIT": 1,
        "Net Income": 2
    },
    "2009-03-31": {
        "Diluted EPS": 0.07,
        "Total Revenue": 10,
        "Gross Profit": 8,
        "Operating Income": 1,
        "EBIT": 1,
        "Net Income": 1
    },
    "2023-06-30": {
        "Tax Effect Of Unusual Items": -24990.0,
        "Tax Rate For Calcs": 0.21,
        "Normalized EBITDA": -3802000.0,
        "Total Unusual Items": -119000.0,
        "Total Unusual Items Excluding Goodwill": -119000.0,
        "Net Income From Continuing Operation Net Minority Interest": -4890000.0,
        "Reconciled Depreciation": 1422000.0,
        "Reconciled Cost Of Revenue": 2244000.0,
        "EBITDA": -3921000.0,
        "EBIT": -5343000.0,
        "Net Interest Income": 1118000.0,
        "Interest Income": 1118000.0,
        "Normalized Income": -4795990.0,
        "Net Income From Continuing And Discontinued Operation": -5818000.0,
        "Total Expenses": 28265000.0,
        "Total Operating Income As Reported": -5343000.0,
        "Diluted Average Shares": 23476000.0,
        "Basic Average Shares": 23476000.0,
        "Diluted EPS": -0.25,
        "Basic EPS": -0.25,
        "Diluted NI Availto Com Stockholders": -5818000.0,
        "Net Income Common Stockholders": -5818000.0,
        "Net Income": -5818000.0,
        "Net Income Including Noncontrolling Interests": -5818000.0,
        "Net Income Discontinuous Operations": -928000.0,
        "Net Income Continuous Operations": -4890000.0,
        "Tax Provision": 546000.0,
        "Pretax Income": -4344000.0,
        "Other Income Expense": -119000.0,
        "Special Income Charges": NaN,
        "Write Off": NaN,
        "Gain On Sale Of Security": -119000.0,
        "Net Non Operating Interest Income Expense": 1118000.0,
        "Interest Income Non Operating": 1118000.0,
        "Operating Income": -5343000.0,
        "Operating Expense": 24741000.0,
        "Depreciation Amortization Depletion Income Statement": 142000.0,
        "Depreciation And Amortization In Income Statement": 142000.0,
        "Amortization": 142000.0,
        "Amortization Of Intangibles Income Statement": 142000.0,
        "Research And Development": 18056000.0,
        "Selling General And Administration": 6543000.0,
        "Selling And Marketing Expense": 2632000.0,
        "General And Administrative Expense": 3911000.0,
        "Other Gand A": 3911000.0,
        "Gross Profit": 19398000.0,
        "Cost Of Revenue": 3524000.0,
        "Total Revenue": 22922000.0,
        "Operating Revenue": 22922000.0
    },
    "2023-09-30": {
        "Tax Effect Of Unusual Items": 33600.0,
        "Tax Rate For Calcs": 0.21,
        "Normalized EBITDA": -1805000.0,
        "Total Unusual Items": 160000.0,
        "Total Unusual Items Excluding Goodwill": 160000.0,
        "Net Income From Continuing Operation Net Minority Interest": -2750000.0,
        "Reconciled Depreciation": 1072000.0,
        "Reconciled Cost Of Revenue": 1434000.0,
        "EBITDA": -1645000.0,
        "EBIT": -2717000.0,
        "Net Interest Income": 924000.0,
        "Interest Income": 924000.0,
        "Normalized Income": -2876400.0,
        "Net Income From Continuing And Discontinued Operation": -4957000.0,
        "Total Expenses": 26790000.0,
        "Total Operating Income As Reported": -2717000.0,
        "Diluted Average Shares": 23605000.0,
        "Basic Average Shares": 23605000.0,
        "Diluted EPS": -0.21,
        "Basic EPS": -0.21,
        "Diluted NI Availto Com Stockholders": -4957000.0,
        "Net Income Common Stockholders": -4957000.0,
        "Net Income": -4957000.0,
        "Net Income Including Noncontrolling Interests": -4957000.0,
        "Net Income Discontinuous Operations": -2207000.0,
        "Net Income Continuous Operations": -2750000.0,
        "Tax Provision": 1117000.0,
        "Pretax Income": -1633000.0,
        "Other Income Expense": 160000.0,
        "Special Income Charges": 0.0,
        "Write Off": 0.0,
        "Gain On Sale Of Security": 160000.0,
        "Net Non Operating Interest Income Expense": 924000.0,
        "Interest Income Non Operating": 924000.0,
        "Operating Income": -2717000.0,
        "Operating Expense": 24433000.0,
        "Depreciation Amortization Depletion Income Statement": 149000.0,
        "Depreciation And Amortization In Income Statement": 149000.0,
        "Amortization": 149000.0,
        "Amortization Of Intangibles Income Statement": 149000.0,
        "Research And Development": 17814000.0,
        "Selling General And Administration": 6470000.0,
        "Selling And Marketing Expense": 2862000.0,
        "General And Administrative Expense": 3608000.0,
        "Other Gand A": 3608000.0,
        "Gross Profit": 21716000.0,
        "Cost Of Revenue": 2357000.0,
        "Total Revenue": 24073000.0,
        "Operating Revenue": 24073000.0
    },
    "2023-12-31": {
        "Tax Effect Of Unusual Items": 178920.0,
        "Tax Rate For Calcs": 0.21,
        "Normalized EBITDA": -2669000.0,
        "Total Unusual Items": 852000.0,
        "Total Unusual Items Excluding Goodwill": 852000.0,
        "Net Income From Continuing Operation Net Minority Interest": -8098000.0,
        "Reconciled Depreciation": 970000.0,
        "Reconciled Cost Of Revenue": 1438000.0,
        "EBITDA": -1817000.0,
        "EBIT": -2787000.0,
        "Net Interest Income": 989000.0,
        "Interest Income": 989000.0,
        "Normalized Income": -8771080.0,
        "Net Income From Continuing And Discontinued Operation": 3769000.0,
        "Total Expenses": 26949000.0,
        "Total Operating Income As Reported": -2787000.0,
        "Diluted Average Shares": 23518000.0,
        "Basic Average Shares": 23518000.0,
        "Diluted EPS": 0.16,
        "Basic EPS": 0.16,
        "Diluted NI Availto Com Stockholders": 3769000.0,
        "Net Income Common Stockholders": 3769000.0,
        "Net Income": 3769000.0,
        "Net Income Including Noncontrolling Interests": 3769000.0,
        "Net Income Discontinuous Operations": 11867000.0,
        "Net Income Continuous Operations": -8098000.0,
        "Tax Provision": 7152000.0,
        "Pretax Income": -946000.0,
        "Other Income Expense": 852000.0,
        "Special Income Charges": 0.0,
        "Write Off": NaN,
        "Gain On Sale Of Security": 852000.0,
        "Net Non Operating Interest Income Expense": 989000.0,
        "Interest Income Non Operating": 989000.0,
        "Operating Income": -2787000.0,
        "Operating Expense": 24690000.0,
        "Depreciation Amortization Depletion Income Statement": 149000.0,
        "Depreciation And Amortization In Income Statement": 149000.0,
        "Amortization": 149000.0,
        "Amortization Of Intangibles Income Statement": 149000.0,
        "Research And Development": 18145000.0,
        "Selling General And Administration": 6396000.0,
        "Selling And Marketing Expense": 2829000.0,
        "General And Administrative Expense": 3567000.0,
        "Other Gand A": 3567000.0,
        "Gross Profit": 21903000.0,
        "Cost Of Revenue": 2259000.0,
        "Total Revenue": 24162000.0,
        "Operating Revenue": 24162000.0
    },
    "2024-03-31": {
        "Tax Effect Of Unusual Items": -12600.0,
        "Tax Rate For Calcs": 0.21,
        "Normalized EBITDA": -3922000.0,
        "Total Unusual Items": -60000.0,
        "Total Unusual Items Excluding Goodwill": -60000.0,
        "Net Income From Continuing Operation Net Minority Interest": -5448000.0,
        "Reconciled Depreciation": 978000.0,
        "Reconciled Cost Of Revenue": 1675000.0,
        "EBITDA": -3982000.0,
        "EBIT": -4960000.0,
        "Net Interest Income": 1257000.0,
        "Interest Income": 1257000.0,
        "Normalized Income": -5400600.0,
        "Net Income From Continuing And Discontinued Operation": -5448000.0,
        "Total Expenses": 27032000.0,
        "Total Operating Income As Reported": -4960000.0,
        "Diluted Average Shares": 23508000.0,
        "Basic Average Shares": 23508000.0,
        "Diluted EPS": -0.23,
        "Basic EPS": -0.23,
        "Diluted NI Availto Com Stockholders": -5448000.0,
        "Net Income Common Stockholders": -5448000.0,
        "Net Income": -5448000.0,
        "Net Income Including Noncontrolling Interests": -5448000.0,
        "Net Income Discontinuous Operations": 0.0,
        "Net Income Continuous Operations": -5448000.0,
        "Tax Provision": 1685000.0,
        "Pretax Income": -3763000.0,
        "Other Income Expense": -60000.0,
        "Special Income Charges": NaN,
        "Write Off": NaN,
        "Gain On Sale Of Security": -60000.0,
        "Net Non Operating Interest Income Expense": 1257000.0,
        "Interest Income Non Operating": 1257000.0,
        "Operating Income": -4960000.0,
        "Operating Expense": 24529000.0,
        "Depreciation Amortization Depletion Income Statement": 150000.0,
        "Depreciation And Amortization In Income Statement": 150000.0,
        "Amortization": 150000.0,
        "Amortization Of Intangibles Income Statement": 150000.0,
        "Research And Development": 17991000.0,
        "Selling General And Administration": 6388000.0,
        "Selling And Marketing Expense": 2816000.0,
        "General And Administrative Expense": 3572000.0,
        "Other Gand A": 3572000.0,
        "Gross Profit": 19569000.0,
        "Cost Of Revenue": 2503000.0,
        "Total Revenue": 22072000.0,
        "Operating Revenue": 22072000.0
    },
    "2024-06-30": {
        "Tax Effect Of Unusual Items": -12180.0,
        "Tax Rate For Calcs": 0.21,
        "Normalized EBITDA": 1045000.0,
        "Total Unusual Items": -58000.0,
        "Total Unusual Items Excluding Goodwill": -58000.0,
        "Net Income From Continuing Operation Net Minority Interest": -291000.0,
        "Reconciled Depreciation": 1022000.0,
        "Reconciled Cost Of Revenue": 2060000.0,
        "EBITDA": 987000.0,
        "EBIT": -35000.0,
        "Net Interest Income": 1406000.0,
        "Interest Income": 1406000.0,
        "Normalized Income": -245180.0,
        "Net Income From Continuing And Discontinued Operation": -291000.0,
        "Total Expenses": 28472000.0,
        "Total Operating Income As Reported": -35000.0,
        "Diluted Average Shares": 23628000.0,
        "Basic Average Shares": 23628000.0,
        "Diluted EPS": -0.01,
        "Basic EPS": -0.01,
        "Diluted NI Availto Com Stockholders": -291000.0,
        "Net Income Common Stockholders": -291000.0,
        "Net Income": -291000.0,
        "Net Income Including Noncontrolling Interests": -291000.0,
        "Net Income Discontinuous Operations": 0.0,
        "Net Income Continuous Operations": -291000.0,
        "Tax Provision": 1604000.0,
        "Pretax Income": 1313000.0,
        "Other Income Expense": -58000.0,
        "Special Income Charges": NaN,
        "Write Off": NaN,
        "Gain On Sale Of Security": -58000.0,
        "Net Non Operating Interest Income Expense": 1406000.0,
        "Interest Income Non Operating": 1406000.0,
        "Operating Income": -35000.0,
        "Operating Expense": 25539000.0,
        "Depreciation Amortization Depletion Income Statement": 149000.0,
        "Depreciation And Amortization In Income Statement": 149000.0,
        "Amortization": 149000.0,
        "Amortization Of Intangibles Income Statement": 149000.0,
        "Research And Development": 18758000.0,
        "Selling General And Administration": 6632000.0,
        "Selling And Marketing Expense": 3095000.0,
        "General And Administrative Expense": 3537000.0,
        "Other Gand A": 3537000.0,
        "Gross Profit": 25504000.0,
        "Cost Of Revenue": 2933000.0,
        "Total Revenue": 28437000.0,
        "Operating Revenue": 28437000.0
    },
    "2024-09-30": {
        "Tax Effect Of Unusual Items": 4410.0,
        "Tax Rate For Calcs": 0.21,
        "Normalized EBITDA": -1655000.0,
        "Total Unusual Items": 21000.0,
        "Total Unusual Items Excluding Goodwill": 21000.0,
        "Net Income From Continuing Operation Net Minority Interest": -1311000.0,
        "Reconciled Depreciation": 990000.0,
        "Reconciled Cost Of Revenue": 3121000.0,
        "EBITDA": -1634000.0,
        "EBIT": -2624000.0,
        "Net Interest Income": 2299000.0,
        "Interest Income": 2299000.0,
        "Normalized Income": -1327590.0,
        "Net Income From Continuing And Discontinued Operation": -1311000.0,
        "Total Expenses": 29831000.0,
        "Total Operating Income As Reported": -2624000.0,
        "Diluted Average Shares": 23678000.0,
        "Basic Average Shares": 23678000.0,
        "Diluted EPS": -0.06,
        "Basic EPS": -0.06,
        "Diluted NI Availto Com Stockholders": -1311000.0,
        "Net Income Common Stockholders": -1311000.0,
        "Net Income": -1311000.0,
        "Net Income Including Noncontrolling Interests": -1311000.0,
        "Net Income Discontinuous Operations": 0.0,
        "Net Income Continuous Operations": -1311000.0,
        "Tax Provision": 1007000.0,
        "Pretax Income": -304000.0,
        "Other Income Expense": 21000.0,
        "Special Income Charges": NaN,
        "Write Off": NaN,
        "Gain On Sale Of Security": 21000.0,
        "Net Non Operating Interest Income Expense": 2299000.0,
        "Interest Income Non Operating": 2299000.0,
        "Operating Income": -2624000.0,
        "Operating Expense": 25870000.0,
        "Depreciation Amortization Depletion Income Statement": 150000.0,
        "Depreciation And Amortization In Income Statement": 150000.0,
        "Amortization": 150000.0,
        "Amortization Of Intangibles Income Statement": 150000.0,
        "Research And Development": 17990000.0,
        "Selling General And Administration": 7730000.0,
        "Selling And Marketing Expense": 3088000.0,
        "General And Administrative Expense": 4642000.0,
        "Other Gand A": 4642000.0,
        "Gross Profit": 23246000.0,
        "Cost Of Revenue": 3961000.0,
        "Total Revenue": 27207000.0,
        "Operating Revenue": 27207000.0
    }
}