{
    "2023-03-31": {
        "Tax Effect Of Unusual Items": -294248.745591,
        "Tax Rate For Calcs": 0.199762,
        "Total Unusual Items": -1473000.0,
        "Total Unusual Items Excluding Goodwill": -1473000.0,
        "Net Income From Continuing Operation Net Minority Interest": 16108000.0,
        "Reconciled Depreciation": 2318000.0,
        "Net Interest Income": 58221000.0,
        "Interest Expense": 39316000.0,
        "Interest Income": 97537000.0,
        "Normalized Income": 17286751.254409,
        "Net Income From Continuing And Discontinued Operation": 16108000.0,
        "Diluted Average Shares": 49043621.0,
        "Basic Average Shares": 48635910.0,
        "Diluted EPS": 0.33,
        "Basic EPS": 0.33,
        "Diluted NI Availto Com Stockholders": 16108000.0,
        "Net Income Common Stockholders": 16108000.0,
        "Net Income": 16108000.0,
        "Net Income Including Noncontrolling Interests": 16108000.0,
        "Net Income Continuous Operations": 16108000.0,
        "Tax Provision": 4021000.0,
        "Pretax Income": 20129000.0,
        "Special Income Charges": -1473000.0,
        "Other Special Charges": -4000.0,
        "Write Off": NaN,
        "Restructuring And Mergern Acquisition": 1477000.0,
        "Gain On Sale Of Security": 163000.0,
        "Depreciation Amortization Depletion Income Statement": 822000.0,
        "Depreciation And Amortization In Income Statement": 822000.0,
        "Amortization": 822000.0,
        "Amortization Of Intangibles Income Statement": 822000.0,
        "Selling General And Administration": 24905000.0,
        "Selling And Marketing Expense": 752000.0,
        "General And Administrative Expense": 24153000.0,
        "Other Gand A": NaN,
        "Insurance And Claims": 1531000.0,
        "Salaries And Wages": 22622000.0,
        "Total Revenue": 62638000.0,
        "Operating Revenue": 62638000.0
    },
    "2022-12-31": {
        "Tax Effect Of Unusual Items": -1745430.0,
        "Tax Rate For Calcs": 0.219,
        "Total Unusual Items": -7970000.0,
        "Total Unusual Items Excluding Goodwill": -7970000.0,
        "Net Income From Continuing Operation Net Minority Interest": 11946000.0,
        "Reconciled Depreciation": 1589000.0,
        "Net Interest Income": 54015000.0,
        "Interest Expense": 28348000.0,
        "Interest Income": 82363000.0,
        "Normalized Income": 18170570.0,
        "Net Income From Continuing And Discontinued Operation": 11946000.0,
        "Diluted Average Shares": 49165578.0,
        "Basic Average Shares": 47784000.0,
        "Diluted EPS": 0.24,
        "Basic EPS": 0.25,
        "Diluted NI Availto Com Stockholders": 11946000.0,
        "Net Income Common Stockholders": 11946000.0,
        "Net Income": 11946000.0,
        "Net Income Including Noncontrolling Interests": 11946000.0,
        "Net Income Continuous Operations": 11946000.0,
        "Tax Provision": 3348000.0,
        "Pretax Income": 15294000.0,
        "Special Income Charges": -7970000.0,
        "Other Special Charges": -114000.0,
        "Write Off": 0.0,
        "Restructuring And Mergern Acquisition": 7970000.0,
        "Gain On Sale Of Security": 284000.0,
        "Depreciation Amortization Depletion Income Statement": NaN,
        "Depreciation And Amortization In Income Statement": NaN,
        "Amortization": NaN,
        "Amortization Of Intangibles Income Statement": NaN,
        "Selling General And Administration": 23953000.0,
        "Selling And Marketing Expense": 954000.0,
        "General And Administrative Expense": 22999000.0,
        "Other Gand A": -1445000.0,
        "Insurance And Claims": 999000.0,
        "Salaries And Wages": 22000000.0,
        "Total Revenue": 58374000.0,
        "Operating Revenue": 58374000.0
    },
    "2022-09-30": {
        "Tax Effect Of Unusual Items": 0.0,
        "Tax Rate For Calcs": 0.2,
        "Total Unusual Items": NaN,
        "Total Unusual Items Excluding Goodwill": NaN,
        "Net Income From Continuing Operation Net Minority Interest": 17280000.0,
        "Reconciled Depreciation": 1242000.0,
        "Net Interest Income": 49695000.0,
        "Interest Expense": 15855000.0,
        "Interest Income": 65550000.0,
        "Normalized Income": 17280000.0,
        "Net Income From Continuing And Discontinued Operation": 17280000.0,
        "Diluted Average Shares": 49721493.0,
        "Basic Average Shares": 49266811.0,
        "Diluted EPS": 0.35,
        "Basic EPS": 0.35,
        "Diluted NI Availto Com Stockholders": 17280000.0,
        "Net Income Common Stockholders": 17280000.0,
        "Net Income": 17280000.0,
        "Net Income Including Noncontrolling Interests": 17280000.0,
        "Net Income Continuous Operations": 17280000.0,
        "Tax Provision": 4410000.0,
        "Pretax Income": 21690000.0,
        "Special Income Charges": NaN,
        "Other Special Charges": NaN,
        "Write Off": NaN,
        "Restructuring And Mergern Acquisition": NaN,
        "Gain On Sale Of Security": -98000.0,
        "Depreciation Amortization Depletion Income Statement": NaN,
        "Depreciation And Amortization In Income Statement": NaN,
        "Amortization": NaN,
        "Amortization Of Intangibles Income Statement": NaN,
        "Selling General And Administration": 19951000.0,
        "Selling And Marketing Expense": 796000.0,
        "General And Administrative Expense": 19155000.0,
        "Other Gand A": 2099000.0,
        "Insurance And Claims": 903000.0,
        "Salaries And Wages": 18252000.0,
        "Total Revenue": 53475000.0,
        "Operating Revenue": 53475000.0
    },
    "2022-06-30": {
        "Tax Effect Of Unusual Items": -231000.0,
        "Tax Rate For Calcs": 0.21,
        "Total Unusual Items": -1100000.0,
        "Total Unusual Items Excluding Goodwill": -1100000.0,
        "Net Income From Continuing Operation Net Minority Interest": 15545000.0,
        "Reconciled Depreciation": 1233000.0,
        "Net Interest Income": 46709000.0,
        "Interest Expense": 6131000.0,
        "Interest Income": 52840000.0,
        "Normalized Income": 16414000.0,
        "Net Income From Continuing And Discontinued Operation": 15545000.0,
        "Diluted Average Shares": 50203725.0,
        "Basic Average Shares": 49758263.0,
        "Diluted EPS": 0.31,
        "Basic EPS": 0.31,
        "Diluted NI Availto Com Stockholders": 15545000.0,
        "Net Income Common Stockholders": 15545000.0,
        "Net Income": 15545000.0,
        "Net Income Including Noncontrolling Interests": 15545000.0,
        "Net Income Continuous Operations": 15545000.0,
        "Tax Provision": 4027000.0,
        "Pretax Income": 19572000.0,
        "Special Income Charges": -1100000.0,
        "Other Special Charges": 1100000.0,
        "Write Off": NaN,
        "Restructuring And Mergern Acquisition": NaN,
        "Gain On Sale Of Security": -71000.0,
        "Depreciation Amortization Depletion Income Statement": NaN,
        "Depreciation And Amortization In Income Statement": NaN,
        "Amortization": NaN,
        "Amortization Of Intangibles Income Statement": NaN,
        "Selling General And Administration": 18565000.0,
        "Selling And Marketing Expense": 757000.0,
        "General And Administrative Expense": 17808000.0,
        "Other Gand A": 2358000.0,
        "Insurance And Claims": 713000.0,
        "Salaries And Wages": 17095000.0,
        "Total Revenue": 50910000.0,
        "Operating Revenue": 50910000.0
    },
    "2022-03-31": {
        "Diluted EPS": 0.33,
        "Total Revenue": 53,
        "Gross Profit": 48,
        "Operating Income": 21,
        "EBIT": NaN,
        "Net Income": 17
    },
    "2021-12-31": {
        "Diluted EPS": 0.39,
        "Total Revenue": 54,
        "Gross Profit": 48,
        "Operating Income": 27,
        "EBIT": NaN,
        "Net Income": 21
    },
    "2021-09-30": {
        "Diluted EPS": 0.41,
        "Total Revenue": 46,
        "Gross Profit": 41,
        "Operating Income": 27,
        "EBIT": NaN,
        "Net Income": 21
    },
    "2021-06-30": {
        "Diluted EPS": 0.3,
        "Total Revenue": 54,
        "Gross Profit": 48,
        "Operating Income": 19,
        "EBIT": NaN,
        "Net Income": 16
    },
    "2021-03-31": {
        "Diluted EPS": 0.23,
        "Total Revenue": 52,
        "Gross Profit": 45,
        "Operating Income": 15,
        "EBIT": NaN,
        "Net Income": 12
    },
    "2020-12-31": {
        "Diluted EPS": 0.16,
        "Total Revenue": 52,
        "Gross Profit": 44,
        "Operating Income": 10,
        "EBIT": NaN,
        "Net Income": 8
    },
    "2020-09-30": {
        "Diluted EPS": 0.15,
        "Total Revenue": 53,
        "Gross Profit": 43,
        "Operating Income": 10,
        "EBIT": NaN,
        "Net Income": 8
    },
    "2020-06-30": {
        "Diluted EPS": -0.14,
        "Total Revenue": 54,
        "Gross Profit": 44,
        "Operating Income": -1,
        "EBIT": NaN,
        "Net Income": -7
    },
    "2020-03-31": {
        "Diluted EPS": 0.07,
        "Total Revenue": 56,
        "Gross Profit": 40,
        "Operating Income": 4,
        "EBIT": NaN,
        "Net Income": 4
    },
    "2019-12-31": {
        "Diluted EPS": -0.03,
        "Total Revenue": 57,
        "Gross Profit": 39,
        "Operating Income": -2,
        "EBIT": NaN,
        "Net Income": -1
    },
    "2019-09-30": {
        "Diluted EPS": 0.21,
        "Total Revenue": 59,
        "Gross Profit": 39,
        "Operating Income": 13,
        "EBIT": NaN,
        "Net Income": 10
    },
    "2019-06-30": {
        "Diluted EPS": 0.2,
        "Total Revenue": 56,
        "Gross Profit": 37,
        "Operating Income": 12,
        "EBIT": NaN,
        "Net Income": 9
    },
    "2019-03-31": {
        "Diluted EPS": 0.2,
        "Total Revenue": 53,
        "Gross Profit": 35,
        "Operating Income": 10,
        "EBIT": NaN,
        "Net Income": 9
    },
    "2018-12-31": {
        "Diluted EPS": 0.0,
        "Total Revenue": NaN,
        "Gross Profit": NaN,
        "Operating Income": NaN,
        "EBIT": NaN,
        "Net Income": NaN
    },
    "2018-09-30": {
        "Diluted EPS": 0.15,
        "Total Revenue": 42,
        "Gross Profit": 30,
        "Operating Income": 7,
        "EBIT": NaN,
        "Net Income": 6
    },
    "2017-12-31": {
        "Diluted EPS": 0.0,
        "Total Revenue": NaN,
        "Gross Profit": NaN,
        "Operating Income": NaN,
        "EBIT": NaN,
        "Net Income": NaN
    },
    "2023-06-30": {
        "Tax Effect Of Unusual Items": -354480.0,
        "Tax Rate For Calcs": 0.21,
        "Total Unusual Items": -1688000.0,
        "Total Unusual Items Excluding Goodwill": -1688000.0,
        "Net Income From Continuing Operation Net Minority Interest": 16047000.0,
        "Reconciled Depreciation": 2324000.0,
        "Net Interest Income": 54539000.0,
        "Interest Expense": 52609000.0,
        "Interest Income": 107148000.0,
        "Normalized Income": 17380520.0,
        "Net Income From Continuing And Discontinued Operation": 16047000.0,
        "Diluted Average Shares": 48943325.0,
        "Basic Average Shares": 48744507.0,
        "Diluted EPS": 0.33,
        "Basic EPS": 0.33,
        "Diluted NI Availto Com Stockholders": 16047000.0,
        "Net Income Common Stockholders": 16047000.0,
        "Net Income": 16047000.0,
        "Net Income Including Noncontrolling Interests": 16047000.0,
        "Net Income Continuous Operations": 16047000.0,
        "Tax Provision": 4219000.0,
        "Pretax Income": 20266000.0,
        "Special Income Charges": -1688000.0,
        "Other Special Charges": 1300000.0,
        "Write Off": NaN,
        "Restructuring And Mergern Acquisition": 388000.0,
        "Gain On Sale Of Security": 90000.0,
        "Depreciation Amortization Depletion Income Statement": 802000.0,
        "Depreciation And Amortization In Income Statement": 802000.0,
        "Amortization": 802000.0,
        "Amortization Of Intangibles Income Statement": 802000.0,
        "Selling General And Administration": 26591000.0,
        "Selling And Marketing Expense": 649000.0,
        "General And Administrative Expense": 25942000.0,
        "Other Gand A": NaN,
        "Insurance And Claims": 1881000.0,
        "Salaries And Wages": 24061000.0,
        "Total Revenue": 60318000.0,
        "Operating Revenue": 60318000.0
    }
}