{
    "2023-03-31": {
        "Tax Effect Of Unusual Items": 0.0,
        "Tax Rate For Calcs": 0.195,
        "Total Unusual Items": NaN,
        "Total Unusual Items Excluding Goodwill": NaN,
        "Net Income From Continuing Operation Net Minority Interest": 4448000.0,
        "Reconciled Depreciation": -72000.0,
        "Net Interest Income": 12612000.0,
        "Interest Expense": 11443000.0,
        "Interest Income": 24055000.0,
        "Normalized Income": 4448000.0,
        "Net Income From Continuing And Discontinued Operation": 4448000.0,
        "Diluted NI Availto Com Stockholders": 4448000.0,
        "Net Income Common Stockholders": 4448000.0,
        "Net Income": 4448000.0,
        "Net Income Including Noncontrolling Interests": 4448000.0,
        "Net Income Continuous Operations": 4448000.0,
        "Tax Provision": 1076000.0,
        "Pretax Income": 5524000.0,
        "Special Income Charges": NaN,
        "Impairment Of Capital Assets": NaN,
        "Gain On Sale Of Security": 0.0,
        "Depreciation Amortization Depletion Income Statement": 133000.0,
        "Depreciation And Amortization In Income Statement": 133000.0,
        "Depreciation Income Statement": 133000.0,
        "Selling General And Administration": 4889000.0,
        "Selling And Marketing Expense": 183000.0,
        "General And Administrative Expense": 4706000.0,
        "Insurance And Claims": 550000.0,
        "Salaries And Wages": 4156000.0,
        "Total Revenue": 13280000.0,
        "Operating Revenue": 13280000.0
    },
    "2022-12-31": {
        "Tax Effect Of Unusual Items": 0.0,
        "Tax Rate For Calcs": 0.207768,
        "Total Unusual Items": 0.0,
        "Total Unusual Items Excluding Goodwill": 0.0,
        "Net Income From Continuing Operation Net Minority Interest": 4671000.0,
        "Reconciled Depreciation": -86000.0,
        "Net Interest Income": 13045000.0,
        "Interest Expense": 8746000.0,
        "Interest Income": 21791000.0,
        "Normalized Income": 4671000.0,
        "Net Income From Continuing And Discontinued Operation": 4671000.0,
        "Diluted NI Availto Com Stockholders": 4671000.0,
        "Net Income Common Stockholders": 4671000.0,
        "Net Income": 4671000.0,
        "Net Income Including Noncontrolling Interests": 4671000.0,
        "Net Income Continuous Operations": 4671000.0,
        "Tax Provision": 1225000.0,
        "Pretax Income": 5896000.0,
        "Special Income Charges": 0.0,
        "Impairment Of Capital Assets": 0.0,
        "Gain On Sale Of Security": 0.0,
        "Depreciation Amortization Depletion Income Statement": 121000.0,
        "Depreciation And Amortization In Income Statement": 121000.0,
        "Depreciation Income Statement": 121000.0,
        "Selling General And Administration": 4607000.0,
        "Selling And Marketing Expense": 144000.0,
        "General And Administrative Expense": 4463000.0,
        "Insurance And Claims": 482000.0,
        "Salaries And Wages": 3981000.0,
        "Total Revenue": 13614000.0,
        "Operating Revenue": 13614000.0
    },
    "2022-09-30": {
        "Tax Effect Of Unusual Items": -110580.0,
        "Tax Rate For Calcs": 0.194,
        "Total Unusual Items": -570000.0,
        "Total Unusual Items Excluding Goodwill": -570000.0,
        "Net Income From Continuing Operation Net Minority Interest": 4249000.0,
        "Reconciled Depreciation": 134000.0,
        "Net Interest Income": 13316000.0,
        "Interest Expense": 4690000.0,
        "Interest Income": 18006000.0,
        "Normalized Income": 4708420.0,
        "Net Income From Continuing And Discontinued Operation": 4249000.0,
        "Diluted Average Shares": 6547791.0,
        "Basic Average Shares": 6393531.0,
        "Diluted EPS": 0.65,
        "Basic EPS": 0.66,
        "Diluted NI Availto Com Stockholders": 4249000.0,
        "Average Dilution Earnings": 0.0,
        "Net Income Common Stockholders": 4249000.0,
        "Net Income": 4249000.0,
        "Net Income Including Noncontrolling Interests": 4249000.0,
        "Net Income Continuous Operations": 4249000.0,
        "Tax Provision": 1023000.0,
        "Pretax Income": 5272000.0,
        "Special Income Charges": -570000.0,
        "Impairment Of Capital Assets": 570000.0,
        "Gain On Sale Of Security": 0.0,
        "Depreciation Amortization Depletion Income Statement": 134000.0,
        "Depreciation And Amortization In Income Statement": 134000.0,
        "Depreciation Income Statement": 134000.0,
        "Selling General And Administration": 4748000.0,
        "Selling And Marketing Expense": 108000.0,
        "General And Administrative Expense": 4640000.0,
        "Insurance And Claims": 357000.0,
        "Salaries And Wages": 4283000.0,
        "Total Revenue": 13725000.0,
        "Operating Revenue": 13725000.0
    },
    "2022-06-30": {
        "Tax Effect Of Unusual Items": 0.0,
        "Tax Rate For Calcs": 0.196,
        "Total Unusual Items": NaN,
        "Total Unusual Items Excluding Goodwill": NaN,
        "Net Income From Continuing Operation Net Minority Interest": 4726000.0,
        "Reconciled Depreciation": 126000.0,
        "Net Interest Income": 11467000.0,
        "Interest Expense": 3160000.0,
        "Interest Income": 14627000.0,
        "Normalized Income": 4726000.0,
        "Net Income From Continuing And Discontinued Operation": 4726000.0,
        "Diluted Average Shares": 6552763.0,
        "Basic Average Shares": 6413884.0,
        "Diluted EPS": 0.72,
        "Basic EPS": 0.74,
        "Diluted NI Availto Com Stockholders": 4726000.0,
        "Average Dilution Earnings": 0.0,
        "Net Income Common Stockholders": 4726000.0,
        "Net Income": 4726000.0,
        "Net Income Including Noncontrolling Interests": 4726000.0,
        "Net Income Continuous Operations": 4726000.0,
        "Tax Provision": 1155000.0,
        "Pretax Income": 5881000.0,
        "Special Income Charges": NaN,
        "Impairment Of Capital Assets": NaN,
        "Gain On Sale Of Security": 0.0,
        "Depreciation Amortization Depletion Income Statement": 126000.0,
        "Depreciation And Amortization In Income Statement": 126000.0,
        "Depreciation Income Statement": 126000.0,
        "Selling General And Administration": 4138000.0,
        "Selling And Marketing Expense": 134000.0,
        "General And Administrative Expense": 4004000.0,
        "Other Gand A": 693000.0,
        "Insurance And Claims": 273000.0,
        "Salaries And Wages": 3731000.0,
        "Total Revenue": 12247000.0,
        "Operating Revenue": 12247000.0
    },
    "2022-03-31": {
        "Diluted EPS": 0.69,
        "Total Revenue": 14,
        "Gross Profit": 12,
        "Operating Income": 6,
        "EBIT": NaN,
        "Net Income": 5
    },
    "2021-12-31": {
        "Diluted EPS": 0.68,
        "Total Revenue": 15,
        "Gross Profit": 12,
        "Operating Income": 6,
        "EBIT": NaN,
        "Net Income": 4
    },
    "2021-09-30": {
        "Diluted EPS": 0.61,
        "Total Revenue": 15,
        "Gross Profit": 12,
        "Operating Income": 5,
        "EBIT": NaN,
        "Net Income": 4
    },
    "2021-06-30": {
        "Diluted EPS": 0.52,
        "Total Revenue": 15,
        "Gross Profit": 12,
        "Operating Income": 4,
        "EBIT": NaN,
        "Net Income": 3
    },
    "2021-03-31": {
        "Diluted EPS": 0.96,
        "Total Revenue": 20,
        "Gross Profit": 17,
        "Operating Income": 8,
        "EBIT": NaN,
        "Net Income": 6
    },
    "2020-12-31": {
        "Diluted EPS": 1.1,
        "Total Revenue": 25,
        "Gross Profit": 22,
        "Operating Income": 8,
        "EBIT": NaN,
        "Net Income": 7
    },
    "2020-09-30": {
        "Diluted EPS": 1.54,
        "Total Revenue": 34,
        "Gross Profit": 31,
        "Operating Income": 13,
        "EBIT": NaN,
        "Net Income": 10
    },
    "2020-06-30": {
        "Diluted EPS": 1.53,
        "Total Revenue": 30,
        "Gross Profit": 26,
        "Operating Income": 13,
        "EBIT": NaN,
        "Net Income": 9
    },
    "2020-03-31": {
        "Diluted EPS": 0.3,
        "Total Revenue": 13,
        "Gross Profit": 10,
        "Operating Income": 3,
        "EBIT": NaN,
        "Net Income": 2
    },
    "2019-12-31": {
        "Diluted EPS": 0.5,
        "Total Revenue": 14,
        "Gross Profit": 10,
        "Operating Income": 4,
        "EBIT": NaN,
        "Net Income": 3
    },
    "2019-09-30": {
        "Diluted EPS": 0.59,
        "Total Revenue": 12,
        "Gross Profit": 9,
        "Operating Income": 3,
        "EBIT": NaN,
        "Net Income": 3
    },
    "2019-06-30": {
        "Diluted EPS": 0.55,
        "Total Revenue": 11,
        "Gross Profit": 8,
        "Operating Income": 3,
        "EBIT": NaN,
        "Net Income": 2
    },
    "2019-03-31": {
        "Diluted EPS": 0.39,
        "Total Revenue": 10,
        "Gross Profit": 7,
        "Operating Income": 2,
        "EBIT": NaN,
        "Net Income": 2
    },
    "2018-12-31": {
        "Diluted EPS": 0.34,
        "Total Revenue": 8,
        "Gross Profit": 6,
        "Operating Income": 2,
        "EBIT": NaN,
        "Net Income": 1
    },
    "2018-09-30": {
        "Diluted EPS": 0.24,
        "Total Revenue": 7,
        "Gross Profit": 5,
        "Operating Income": 1,
        "EBIT": NaN,
        "Net Income": 1
    },
    "2018-06-30": {
        "Diluted EPS": 0.25,
        "Total Revenue": 7,
        "Gross Profit": 5,
        "Operating Income": 1,
        "EBIT": NaN,
        "Net Income": 1
    },
    "2018-03-31": {
        "Diluted EPS": 0.17,
        "Total Revenue": 6,
        "Gross Profit": 4,
        "Operating Income": 1,
        "EBIT": NaN,
        "Net Income": 1
    },
    "2017-12-31": {
        "Diluted EPS": -0.13,
        "Total Revenue": 5,
        "Gross Profit": 4,
        "Operating Income": 1,
        "EBIT": NaN,
        "Net Income": 0
    },
    "2017-09-30": {
        "Diluted EPS": 0.15,
        "Total Revenue": 5,
        "Gross Profit": 4,
        "Operating Income": 1,
        "EBIT": NaN,
        "Net Income": 0
    },
    "2017-06-30": {
        "Diluted EPS": 0.11,
        "Total Revenue": 4,
        "Gross Profit": 4,
        "Operating Income": 1,
        "EBIT": NaN,
        "Net Income": 0
    },
    "2017-03-31": {
        "Diluted EPS": 0.06,
        "Total Revenue": 4,
        "Gross Profit": 3,
        "Operating Income": 1,
        "EBIT": NaN,
        "Net Income": 0
    },
    "2016-12-31": {
        "Diluted EPS": 0.06,
        "Total Revenue": 4,
        "Gross Profit": 3,
        "Operating Income": 1,
        "EBIT": NaN,
        "Net Income": 0
    },
    "2016-09-30": {
        "Diluted EPS": 0.11,
        "Total Revenue": 4,
        "Gross Profit": 3,
        "Operating Income": 1,
        "EBIT": NaN,
        "Net Income": 0
    },
    "2016-06-30": {
        "Diluted EPS": 0.06,
        "Total Revenue": 4,
        "Gross Profit": 3,
        "Operating Income": 1,
        "EBIT": NaN,
        "Net Income": 0
    },
    "2016-03-31": {
        "Diluted EPS": 0.06,
        "Total Revenue": 4,
        "Gross Profit": 3,
        "Operating Income": 0,
        "EBIT": NaN,
        "Net Income": 0
    },
    "2015-12-31": {
        "Diluted EPS": 0.94,
        "Total Revenue": 3,
        "Gross Profit": 3,
        "Operating Income": 0,
        "EBIT": NaN,
        "Net Income": 3
    },
    "2015-09-30": {
        "Diluted EPS": 0.06,
        "Total Revenue": 3,
        "Gross Profit": 3,
        "Operating Income": 0,
        "EBIT": NaN,
        "Net Income": 0
    },
    "2015-06-30": {
        "Diluted EPS": 0.11,
        "Total Revenue": 4,
        "Gross Profit": 3,
        "Operating Income": 0,
        "EBIT": NaN,
        "Net Income": 0
    },
    "2015-03-31": {
        "Diluted EPS": 0.0,
        "Total Revenue": 3,
        "Gross Profit": 3,
        "Operating Income": 0,
        "EBIT": NaN,
        "Net Income": 0
    },
    "2014-12-31": {
        "Diluted EPS": 0.0,
        "Total Revenue": 3,
        "Gross Profit": 3,
        "Operating Income": 0,
        "EBIT": NaN,
        "Net Income": 0
    },
    "2014-09-30": {
        "Diluted EPS": 0.06,
        "Total Revenue": 3,
        "Gross Profit": 3,
        "Operating Income": 0,
        "EBIT": NaN,
        "Net Income": 0
    },
    "2014-06-30": {
        "Diluted EPS": 0.0,
        "Total Revenue": 3,
        "Gross Profit": 2,
        "Operating Income": 0,
        "EBIT": NaN,
        "Net Income": 0
    },
    "2014-03-31": {
        "Diluted EPS": -0.06,
        "Total Revenue": 2,
        "Gross Profit": 2,
        "Operating Income": 0,
        "EBIT": NaN,
        "Net Income": 0
    },
    "2013-12-31": {
        "Diluted EPS": 0.28,
        "Total Revenue": 3,
        "Gross Profit": 3,
        "Operating Income": 1,
        "EBIT": NaN,
        "Net Income": 1
    },
    "2013-09-30": {
        "Diluted EPS": -0.11,
        "Total Revenue": 2,
        "Gross Profit": 2,
        "Operating Income": 0,
        "EBIT": NaN,
        "Net Income": 0
    },
    "2013-06-30": {
        "Diluted EPS": -0.22,
        "Total Revenue": 2,
        "Gross Profit": 2,
        "Operating Income": -1,
        "EBIT": NaN,
        "Net Income": -1
    },
    "2013-03-31": {
        "Diluted EPS": -0.28,
        "Total Revenue": 2,
        "Gross Profit": 1,
        "Operating Income": -1,
        "EBIT": NaN,
        "Net Income": -1
    },
    "2012-12-31": {
        "Diluted EPS": 9.63,
        "Total Revenue": 2,
        "Gross Profit": 1,
        "Operating Income": 0,
        "EBIT": NaN,
        "Net Income": 0
    },
    "2012-09-30": {
        "Diluted EPS": 2.09,
        "Total Revenue": 2,
        "Gross Profit": 1,
        "Operating Income": -2,
        "EBIT": NaN,
        "Net Income": 3
    },
    "2012-06-30": {
        "Diluted EPS": -5.28,
        "Total Revenue": 2,
        "Gross Profit": 2,
        "Operating Income": -1,
        "EBIT": NaN,
        "Net Income": -1
    },
    "2012-03-31": {
        "Diluted EPS": -5.67,
        "Total Revenue": 2,
        "Gross Profit": 1,
        "Operating Income": -1,
        "EBIT": NaN,
        "Net Income": -1
    },
    "2011-12-31": {
        "Diluted EPS": -9.79,
        "Total Revenue": 2,
        "Gross Profit": 2,
        "Operating Income": -1,
        "EBIT": NaN,
        "Net Income": -1
    },
    "2011-09-30": {
        "Diluted EPS": -3.63,
        "Total Revenue": 3,
        "Gross Profit": 2,
        "Operating Income": 0,
        "EBIT": NaN,
        "Net Income": -1
    },
    "2011-06-30": {
        "Diluted EPS": -13.48,
        "Total Revenue": 3,
        "Gross Profit": 2,
        "Operating Income": -2,
        "EBIT": NaN,
        "Net Income": -2
    },
    "2011-03-31": {
        "Diluted EPS": -12.1,
        "Total Revenue": 3,
        "Gross Profit": 2,
        "Operating Income": -2,
        "EBIT": NaN,
        "Net Income": -2
    },
    "2010-12-31": {
        "Diluted EPS": -7.15,
        "Total Revenue": 3,
        "Gross Profit": 2,
        "Operating Income": -1,
        "EBIT": NaN,
        "Net Income": -1
    },
    "2010-09-30": {
        "Diluted EPS": -2.2,
        "Total Revenue": 4,
        "Gross Profit": 3,
        "Operating Income": 0,
        "EBIT": NaN,
        "Net Income": 0
    },
    "2010-06-30": {
        "Diluted EPS": -37.95,
        "Total Revenue": 4,
        "Gross Profit": 2,
        "Operating Income": -6,
        "EBIT": NaN,
        "Net Income": -6
    },
    "2010-03-31": {
        "Diluted EPS": -1.38,
        "Total Revenue": 4,
        "Gross Profit": 3,
        "Operating Income": 0,
        "EBIT": NaN,
        "Net Income": 0
    },
    "2009-12-31": {
        "Diluted EPS": -15.4,
        "Total Revenue": 4,
        "Gross Profit": 3,
        "Operating Income": -2,
        "EBIT": NaN,
        "Net Income": -2
    },
    "2009-09-30": {
        "Diluted EPS": -45.66,
        "Total Revenue": 4,
        "Gross Profit": 2,
        "Operating Income": -4,
        "EBIT": NaN,
        "Net Income": -7
    },
    "2009-06-30": {
        "Diluted EPS": -5.78,
        "Total Revenue": 4,
        "Gross Profit": 2,
        "Operating Income": -1,
        "EBIT": NaN,
        "Net Income": -1
    },
    "2009-03-31": {
        "Diluted EPS": -2.2,
        "Total Revenue": 4,
        "Gross Profit": 2,
        "Operating Income": 0,
        "EBIT": NaN,
        "Net Income": 0
    },
    "2023-06-30": {
        "Tax Effect Of Unusual Items": 0.0,
        "Tax Rate For Calcs": 0.2,
        "Total Unusual Items": NaN,
        "Total Unusual Items Excluding Goodwill": NaN,
        "Net Income From Continuing Operation Net Minority Interest": 4223000.0,
        "Reconciled Depreciation": 16000.0,
        "Net Interest Income": 11348000.0,
        "Interest Expense": 14739000.0,
        "Interest Income": 26087000.0,
        "Normalized Income": 4223000.0,
        "Net Income From Continuing And Discontinued Operation": 4223000.0,
        "Diluted NI Availto Com Stockholders": 4223000.0,
        "Net Income Common Stockholders": 4223000.0,
        "Net Income": 4223000.0,
        "Net Income Including Noncontrolling Interests": 4223000.0,
        "Net Income Continuous Operations": 4223000.0,
        "Tax Provision": 1056000.0,
        "Pretax Income": 5279000.0,
        "Special Income Charges": NaN,
        "Impairment Of Capital Assets": NaN,
        "Gain On Sale Of Security": 0.0,
        "Depreciation Amortization Depletion Income Statement": 148000.0,
        "Depreciation And Amortization In Income Statement": 148000.0,
        "Depreciation Income Statement": 148000.0,
        "Selling General And Administration": 4584000.0,
        "Selling And Marketing Expense": 71000.0,
        "General And Administrative Expense": 4513000.0,
        "Insurance And Claims": 571000.0,
        "Salaries And Wages": 3942000.0,
        "Total Revenue": 12277000.0,
        "Operating Revenue": 12277000.0
    },
    "2023-09-30": {
        "Tax Effect Of Unusual Items": 0.0,
        "Tax Rate For Calcs": 0.196,
        "Total Unusual Items": 0.0,
        "Total Unusual Items Excluding Goodwill": 0.0,
        "Net Income From Continuing Operation Net Minority Interest": 4031000.0,
        "Reconciled Depreciation": -189000.0,
        "Net Interest Income": 11501000.0,
        "Interest Expense": 16499000.0,
        "Interest Income": 28000000.0,
        "Normalized Income": 4031000.0,
        "Net Income From Continuing And Discontinued Operation": 4031000.0,
        "Diluted NI Availto Com Stockholders": 4031000.0,
        "Net Income Common Stockholders": 4031000.0,
        "Net Income": 4031000.0,
        "Net Income Including Noncontrolling Interests": 4031000.0,
        "Net Income Continuous Operations": 4031000.0,
        "Tax Provision": 984000.0,
        "Pretax Income": 5015000.0,
        "Special Income Charges": 0.0,
        "Impairment Of Capital Assets": 0.0,
        "Gain On Sale Of Security": 0.0,
        "Depreciation Amortization Depletion Income Statement": 145000.0,
        "Depreciation And Amortization In Income Statement": 145000.0,
        "Depreciation Income Statement": 145000.0,
        "Selling General And Administration": 4258000.0,
        "Selling And Marketing Expense": 53000.0,
        "General And Administrative Expense": 4205000.0,
        "Insurance And Claims": 623000.0,
        "Salaries And Wages": 3582000.0,
        "Total Revenue": 12817000.0,
        "Operating Revenue": 12817000.0
    }
}