{
    "2023-06-30": {
        "Tax Effect Of Unusual Items": 0.0,
        "Tax Rate For Calcs": 0.193634,
        "Net Income From Continuing Operation Net Minority Interest": 6306000.0,
        "Reconciled Depreciation": 975000.0,
        "Net Interest Income": 24345000.0,
        "Interest Expense": 6393000.0,
        "Interest Income": 30738000.0,
        "Normalized Income": 6306000.0,
        "Net Income From Continuing And Discontinued Operation": 6306000.0,
        "Diluted Average Shares": 3424820.0,
        "Basic Average Shares": 3424820.0,
        "Diluted EPS": 1.84,
        "Basic EPS": 1.84,
        "Diluted NI Availto Com Stockholders": 6306000.0,
        "Net Income Common Stockholders": 6306000.0,
        "Net Income": 6306000.0,
        "Minority Interests": -78000.0,
        "Net Income Including Noncontrolling Interests": 6384000.0,
        "Net Income Continuous Operations": 6384000.0,
        "Tax Provision": 1533000.0,
        "Pretax Income": 7917000.0,
        "Gain On Sale Of Security": 156000.0,
        "Selling General And Administration": 14721000.0,
        "Selling And Marketing Expense": 410000.0,
        "General And Administrative Expense": 14311000.0,
        "Other Gand A": 656000.0,
        "Insurance And Claims": 393000.0,
        "Salaries And Wages": 13918000.0,
        "Total Revenue": 31982000.0,
        "Operating Revenue": 31982000.0,
        "Occupancy And Equipment": 1987000.0,
        "Professional Expense And Contract Services Expense": 794000.0,
        "Other Non Interest Expense": 4863000.0
    },
    "2023-03-31": {
        "Tax Effect Of Unusual Items": NaN,
        "Tax Rate For Calcs": NaN,
        "Net Income From Continuing Operation Net Minority Interest": NaN,
        "Reconciled Depreciation": NaN,
        "Net Interest Income": NaN,
        "Interest Expense": NaN,
        "Interest Income": NaN,
        "Normalized Income": NaN,
        "Net Income From Continuing And Discontinued Operation": NaN,
        "Diluted Average Shares": NaN,
        "Basic Average Shares": NaN,
        "Diluted EPS": NaN,
        "Basic EPS": NaN,
        "Diluted NI Availto Com Stockholders": NaN,
        "Net Income Common Stockholders": NaN,
        "Net Income": NaN,
        "Minority Interests": NaN,
        "Net Income Including Noncontrolling Interests": NaN,
        "Net Income Continuous Operations": NaN,
        "Tax Provision": NaN,
        "Pretax Income": NaN,
        "Gain On Sale Of Security": NaN,
        "Selling General And Administration": NaN,
        "Selling And Marketing Expense": NaN,
        "General And Administrative Expense": NaN,
        "Other Gand A": 623000.0,
        "Insurance And Claims": NaN,
        "Salaries And Wages": NaN,
        "Total Revenue": NaN,
        "Operating Revenue": NaN,
        "Occupancy And Equipment": NaN,
        "Professional Expense And Contract Services Expense": NaN,
        "Other Non Interest Expense": NaN
    },
    "2022-12-31": {
        "Tax Effect Of Unusual Items": NaN,
        "Tax Rate For Calcs": NaN,
        "Net Income From Continuing Operation Net Minority Interest": NaN,
        "Reconciled Depreciation": NaN,
        "Net Interest Income": NaN,
        "Interest Expense": NaN,
        "Interest Income": NaN,
        "Normalized Income": NaN,
        "Net Income From Continuing And Discontinued Operation": NaN,
        "Diluted Average Shares": NaN,
        "Basic Average Shares": NaN,
        "Diluted EPS": NaN,
        "Basic EPS": NaN,
        "Diluted NI Availto Com Stockholders": NaN,
        "Net Income Common Stockholders": NaN,
        "Net Income": NaN,
        "Minority Interests": NaN,
        "Net Income Including Noncontrolling Interests": NaN,
        "Net Income Continuous Operations": NaN,
        "Tax Provision": NaN,
        "Pretax Income": NaN,
        "Gain On Sale Of Security": NaN,
        "Selling General And Administration": NaN,
        "Selling And Marketing Expense": NaN,
        "General And Administrative Expense": NaN,
        "Other Gand A": 647000.0,
        "Insurance And Claims": NaN,
        "Salaries And Wages": NaN,
        "Total Revenue": NaN,
        "Operating Revenue": NaN,
        "Occupancy And Equipment": NaN,
        "Professional Expense And Contract Services Expense": NaN,
        "Other Non Interest Expense": NaN
    },
    "2022-09-30": {
        "Tax Effect Of Unusual Items": NaN,
        "Tax Rate For Calcs": NaN,
        "Net Income From Continuing Operation Net Minority Interest": NaN,
        "Reconciled Depreciation": NaN,
        "Net Interest Income": NaN,
        "Interest Expense": NaN,
        "Interest Income": NaN,
        "Normalized Income": NaN,
        "Net Income From Continuing And Discontinued Operation": NaN,
        "Diluted Average Shares": NaN,
        "Basic Average Shares": NaN,
        "Diluted EPS": NaN,
        "Basic EPS": NaN,
        "Diluted NI Availto Com Stockholders": NaN,
        "Net Income Common Stockholders": NaN,
        "Net Income": NaN,
        "Minority Interests": NaN,
        "Net Income Including Noncontrolling Interests": NaN,
        "Net Income Continuous Operations": NaN,
        "Tax Provision": NaN,
        "Pretax Income": NaN,
        "Gain On Sale Of Security": NaN,
        "Selling General And Administration": NaN,
        "Selling And Marketing Expense": NaN,
        "General And Administrative Expense": NaN,
        "Other Gand A": 672000.0,
        "Insurance And Claims": NaN,
        "Salaries And Wages": NaN,
        "Total Revenue": NaN,
        "Operating Revenue": NaN
    },
    "2022-06-30": {
        "Tax Effect Of Unusual Items": 0.0,
        "Tax Rate For Calcs": 0.217196,
        "Net Income From Continuing Operation Net Minority Interest": 6783000.0,
        "Reconciled Depreciation": 1087000.0,
        "Net Interest Income": 22631000.0,
        "Interest Expense": 1761000.0,
        "Interest Income": 24392000.0,
        "Normalized Income": 6783000.0,
        "Net Income From Continuing And Discontinued Operation": 6783000.0,
        "Diluted Average Shares": 3534489.0,
        "Basic Average Shares": 3534489.0,
        "Diluted EPS": 1.91,
        "Basic EPS": 1.91,
        "Diluted NI Availto Com Stockholders": 6783000.0,
        "Net Income Common Stockholders": 6783000.0,
        "Otherunder Preferred Stock Dividend": NaN,
        "Net Income": 6783000.0,
        "Minority Interests": -41000.0,
        "Net Income Including Noncontrolling Interests": 6783000.0,
        "Net Income Continuous Operations": 6783000.0,
        "Tax Provision": 1882000.0,
        "Pretax Income": 8665000.0,
        "Gain On Sale Of Security": 0.0,
        "Selling General And Administration": 10642000.0,
        "Selling And Marketing Expense": 506000.0,
        "General And Administrative Expense": 10642000.0,
        "Other Gand A": 3278000.0,
        "Insurance And Claims": NaN,
        "Salaries And Wages": 10642000.0,
        "Total Revenue": 28294000.0,
        "Operating Revenue": 28294000.0
    },
    "2022-03-31": {
        "Diluted EPS": 1.59,
        "Total Revenue": 29,
        "Gross Profit": 27,
        "Operating Income": 7,
        "EBIT": NaN,
        "Net Income": 6
    },
    "2021-12-31": {
        "Diluted EPS": 1.68,
        "Total Revenue": 34,
        "Gross Profit": 32,
        "Operating Income": 8,
        "EBIT": NaN,
        "Net Income": 6
    },
    "2021-09-30": {
        "Diluted EPS": 2.16,
        "Total Revenue": 35,
        "Gross Profit": 33,
        "Operating Income": 10,
        "EBIT": NaN,
        "Net Income": 8
    },
    "2021-06-30": {
        "Diluted EPS": 2.19,
        "Total Revenue": 37,
        "Gross Profit": 35,
        "Operating Income": 11,
        "EBIT": NaN,
        "Net Income": 8
    },
    "2021-03-31": {
        "Diluted EPS": 1.92,
        "Total Revenue": 37,
        "Gross Profit": 35,
        "Operating Income": 9,
        "EBIT": NaN,
        "Net Income": 7
    },
    "2020-12-31": {
        "Diluted EPS": 2.19,
        "Total Revenue": 44,
        "Gross Profit": 41,
        "Operating Income": 11,
        "EBIT": NaN,
        "Net Income": 8
    },
    "2020-09-30": {
        "Diluted EPS": 1.86,
        "Total Revenue": 41,
        "Gross Profit": 38,
        "Operating Income": 9,
        "EBIT": NaN,
        "Net Income": 7
    },
    "2020-06-30": {
        "Diluted EPS": 1.03,
        "Total Revenue": 35,
        "Gross Profit": 32,
        "Operating Income": 5,
        "EBIT": NaN,
        "Net Income": 4
    },
    "2020-03-31": {
        "Diluted EPS": 0.98,
        "Total Revenue": 32,
        "Gross Profit": 27,
        "Operating Income": 5,
        "EBIT": NaN,
        "Net Income": 4
    },
    "2019-12-31": {
        "Diluted EPS": 1.28,
        "Total Revenue": 32,
        "Gross Profit": 28,
        "Operating Income": 5,
        "EBIT": NaN,
        "Net Income": 4
    },
    "2019-09-30": {
        "Diluted EPS": 1.42,
        "Total Revenue": 32,
        "Gross Profit": 28,
        "Operating Income": 6,
        "EBIT": NaN,
        "Net Income": 5
    },
    "2019-06-30": {
        "Diluted EPS": 1.69,
        "Total Revenue": 32,
        "Gross Profit": 29,
        "Operating Income": 7,
        "EBIT": NaN,
        "Net Income": 6
    },
    "2019-03-31": {
        "Diluted EPS": 1.08,
        "Total Revenue": 30,
        "Gross Profit": 27,
        "Operating Income": 5,
        "EBIT": NaN,
        "Net Income": 4
    },
    "2018-12-31": {
        "Diluted EPS": 1.13,
        "Total Revenue": 30,
        "Gross Profit": 27,
        "Operating Income": 5,
        "EBIT": NaN,
        "Net Income": 4
    },
    "2018-09-30": {
        "Diluted EPS": 1.46,
        "Total Revenue": 30,
        "Gross Profit": 28,
        "Operating Income": 6,
        "EBIT": NaN,
        "Net Income": 5
    },
    "2018-06-30": {
        "Diluted EPS": 1.45,
        "Total Revenue": 30,
        "Gross Profit": 27,
        "Operating Income": 6,
        "EBIT": NaN,
        "Net Income": 5
    },
    "2018-03-31": {
        "Diluted EPS": 1.11,
        "Total Revenue": 29,
        "Gross Profit": 27,
        "Operating Income": 5,
        "EBIT": NaN,
        "Net Income": 4
    },
    "2017-12-31": {
        "Diluted EPS": -0.96,
        "Total Revenue": 29,
        "Gross Profit": 27,
        "Operating Income": 4,
        "EBIT": NaN,
        "Net Income": -3
    },
    "2017-09-30": {
        "Diluted EPS": 0.87,
        "Total Revenue": 30,
        "Gross Profit": 27,
        "Operating Income": 4,
        "EBIT": NaN,
        "Net Income": 3
    },
    "2017-06-30": {
        "Diluted EPS": 1.19,
        "Total Revenue": 30,
        "Gross Profit": 27,
        "Operating Income": 6,
        "EBIT": NaN,
        "Net Income": 4
    },
    "2017-03-31": {
        "Diluted EPS": 0.78,
        "Total Revenue": 28,
        "Gross Profit": 26,
        "Operating Income": 4,
        "EBIT": NaN,
        "Net Income": 3
    },
    "2016-12-31": {
        "Diluted EPS": 0.89,
        "Total Revenue": 29,
        "Gross Profit": 27,
        "Operating Income": 4,
        "EBIT": NaN,
        "Net Income": 3
    },
    "2016-09-30": {
        "Diluted EPS": 0.92,
        "Total Revenue": 29,
        "Gross Profit": 27,
        "Operating Income": 4,
        "EBIT": NaN,
        "Net Income": 3
    },
    "2016-06-30": {
        "Diluted EPS": 1.36,
        "Total Revenue": 30,
        "Gross Profit": 28,
        "Operating Income": 7,
        "EBIT": NaN,
        "Net Income": 5
    },
    "2016-03-31": {
        "Diluted EPS": 0.72,
        "Total Revenue": 27,
        "Gross Profit": 25,
        "Operating Income": 3,
        "EBIT": NaN,
        "Net Income": 2
    },
    "2015-12-31": {
        "Diluted EPS": 0.68,
        "Total Revenue": 27,
        "Gross Profit": 25,
        "Operating Income": 3,
        "EBIT": NaN,
        "Net Income": 2
    },
    "2015-09-30": {
        "Diluted EPS": 1.02,
        "Total Revenue": 28,
        "Gross Profit": 25,
        "Operating Income": 5,
        "EBIT": NaN,
        "Net Income": 3
    },
    "2015-06-30": {
        "Diluted EPS": 1.21,
        "Total Revenue": 27,
        "Gross Profit": 25,
        "Operating Income": 6,
        "EBIT": NaN,
        "Net Income": 4
    },
    "2015-03-31": {
        "Diluted EPS": 0.77,
        "Total Revenue": 26,
        "Gross Profit": 24,
        "Operating Income": 4,
        "EBIT": NaN,
        "Net Income": 3
    },
    "2014-12-31": {
        "Diluted EPS": 0.7,
        "Total Revenue": 26,
        "Gross Profit": 24,
        "Operating Income": 3,
        "EBIT": NaN,
        "Net Income": 2
    },
    "2014-09-30": {
        "Diluted EPS": 0.97,
        "Total Revenue": 27,
        "Gross Profit": 24,
        "Operating Income": 5,
        "EBIT": NaN,
        "Net Income": 3
    },
    "2014-06-30": {
        "Diluted EPS": 1.09,
        "Total Revenue": 27,
        "Gross Profit": 25,
        "Operating Income": 5,
        "EBIT": NaN,
        "Net Income": 4
    },
    "2014-03-31": {
        "Diluted EPS": 0.83,
        "Total Revenue": 26,
        "Gross Profit": 24,
        "Operating Income": 4,
        "EBIT": NaN,
        "Net Income": 3
    },
    "2013-12-31": {
        "Diluted EPS": 0.81,
        "Total Revenue": 26,
        "Gross Profit": 24,
        "Operating Income": 4,
        "EBIT": NaN,
        "Net Income": 3
    },
    "2013-09-30": {
        "Diluted EPS": 0.97,
        "Total Revenue": 25,
        "Gross Profit": 23,
        "Operating Income": 5,
        "EBIT": NaN,
        "Net Income": 3
    },
    "2013-06-30": {
        "Diluted EPS": 1.22,
        "Total Revenue": 26,
        "Gross Profit": 24,
        "Operating Income": 6,
        "EBIT": NaN,
        "Net Income": 4
    },
    "2013-03-31": {
        "Diluted EPS": 1.19,
        "Total Revenue": 24,
        "Gross Profit": 22,
        "Operating Income": 6,
        "EBIT": NaN,
        "Net Income": 4
    },
    "2012-12-31": {
        "Diluted EPS": 1.17,
        "Total Revenue": 22,
        "Gross Profit": 20,
        "Operating Income": 6,
        "EBIT": NaN,
        "Net Income": 4
    },
    "2012-09-30": {
        "Diluted EPS": 1.36,
        "Total Revenue": 25,
        "Gross Profit": 23,
        "Operating Income": 7,
        "EBIT": NaN,
        "Net Income": 5
    },
    "2012-06-30": {
        "Diluted EPS": 1.22,
        "Total Revenue": 24,
        "Gross Profit": 21,
        "Operating Income": 6,
        "EBIT": NaN,
        "Net Income": 4
    },
    "2012-03-31": {
        "Diluted EPS": 1.11,
        "Total Revenue": 26,
        "Gross Profit": 23,
        "Operating Income": 6,
        "EBIT": NaN,
        "Net Income": 4
    },
    "2011-12-31": {
        "Diluted EPS": 1.03,
        "Total Revenue": 16,
        "Gross Profit": 13,
        "Operating Income": 5,
        "EBIT": NaN,
        "Net Income": 3
    },
    "2011-09-30": {
        "Diluted EPS": 0.96,
        "Total Revenue": 26,
        "Gross Profit": 23,
        "Operating Income": 5,
        "EBIT": NaN,
        "Net Income": 3
    },
    "2011-06-30": {
        "Diluted EPS": 0.88,
        "Total Revenue": 25,
        "Gross Profit": 22,
        "Operating Income": 4,
        "EBIT": NaN,
        "Net Income": 3
    },
    "2011-03-31": {
        "Diluted EPS": 0.85,
        "Total Revenue": 24,
        "Gross Profit": 21,
        "Operating Income": 4,
        "EBIT": NaN,
        "Net Income": 3
    },
    "2010-12-31": {
        "Diluted EPS": 0.67,
        "Total Revenue": 27,
        "Gross Profit": 24,
        "Operating Income": 3,
        "EBIT": NaN,
        "Net Income": 2
    },
    "2010-09-30": {
        "Diluted EPS": 0.74,
        "Total Revenue": 26,
        "Gross Profit": 22,
        "Operating Income": 4,
        "EBIT": NaN,
        "Net Income": 2
    },
    "2010-06-30": {
        "Diluted EPS": 0.36,
        "Total Revenue": 25,
        "Gross Profit": 21,
        "Operating Income": 2,
        "EBIT": NaN,
        "Net Income": 1
    },
    "2010-03-31": {
        "Diluted EPS": 0.47,
        "Total Revenue": 22,
        "Gross Profit": 19,
        "Operating Income": 2,
        "EBIT": NaN,
        "Net Income": 1
    },
    "2009-12-31": {
        "Diluted EPS": 0.1,
        "Total Revenue": 26,
        "Gross Profit": 22,
        "Operating Income": 1,
        "EBIT": NaN,
        "Net Income": 0
    },
    "2009-09-30": {
        "Diluted EPS": 0.45,
        "Total Revenue": 25,
        "Gross Profit": 21,
        "Operating Income": 2,
        "EBIT": NaN,
        "Net Income": 1
    },
    "2009-06-30": {
        "Diluted EPS": 0.48,
        "Total Revenue": 26,
        "Gross Profit": 22,
        "Operating Income": 2,
        "EBIT": NaN,
        "Net Income": 1
    },
    "2009-03-31": {
        "Diluted EPS": 0.41,
        "Total Revenue": 25,
        "Gross Profit": 20,
        "Operating Income": 2,
        "EBIT": NaN,
        "Net Income": 1
    },
    "2023-09-30": {
        "Tax Effect Of Unusual Items": 0.0,
        "Tax Rate For Calcs": 0.186338,
        "Net Income From Continuing Operation Net Minority Interest": 5789000.0,
        "Reconciled Depreciation": 956000.0,
        "Net Interest Income": 24462000.0,
        "Interest Expense": 7224000.0,
        "Interest Income": 31686000.0,
        "Normalized Income": 5789000.0,
        "Net Income From Continuing And Discontinued Operation": 5789000.0,
        "Diluted Average Shares": 3391624.0,
        "Basic Average Shares": 3391624.0,
        "Diluted EPS": 1.71,
        "Basic EPS": 1.71,
        "Diluted NI Availto Com Stockholders": 5789000.0,
        "Net Income Common Stockholders": 5789000.0,
        "Net Income": 5789000.0,
        "Minority Interests": 12000.0,
        "Net Income Including Noncontrolling Interests": 5777000.0,
        "Net Income Continuous Operations": 5777000.0,
        "Tax Provision": 1323000.0,
        "Pretax Income": 7100000.0,
        "Gain On Sale Of Security": 211000.0,
        "Selling General And Administration": 13696000.0,
        "Selling And Marketing Expense": 361000.0,
        "General And Administrative Expense": 13335000.0,
        "Other Gand A": NaN,
        "Insurance And Claims": 414000.0,
        "Salaries And Wages": 12921000.0,
        "Total Revenue": 30210000.0,
        "Operating Revenue": 30210000.0,
        "Occupancy And Equipment": 1944000.0,
        "Professional Expense And Contract Services Expense": 707000.0,
        "Other Non Interest Expense": 4713000.0
    },
    "2023-12-31": {
        "Tax Effect Of Unusual Items": 0.0,
        "Tax Rate For Calcs": 0.178958,
        "Net Income From Continuing Operation Net Minority Interest": 5068000.0,
        "Reconciled Depreciation": 960000.0,
        "Net Interest Income": 23942000.0,
        "Interest Expense": 8466000.0,
        "Interest Income": 32408000.0,
        "Normalized Income": 5068000.0,
        "Net Income From Continuing And Discontinued Operation": 5068000.0,
        "Diluted Average Shares": 3367931.0,
        "Basic Average Shares": 3367931.0,
        "Diluted EPS": 1.5,
        "Basic EPS": 1.5,
        "Diluted NI Availto Com Stockholders": 5068000.0,
        "Net Income Common Stockholders": 5068000.0,
        "Net Income": 5068000.0,
        "Minority Interests": -20000.0,
        "Net Income Including Noncontrolling Interests": 5088000.0,
        "Net Income Continuous Operations": 5088000.0,
        "Tax Provision": 1109000.0,
        "Pretax Income": 6197000.0,
        "Gain On Sale Of Security": 197000.0,
        "Selling General And Administration": 14867000.0,
        "Selling And Marketing Expense": 376000.0,
        "General And Administrative Expense": 14491000.0,
        "Other Gand A": NaN,
        "Insurance And Claims": 456000.0,
        "Salaries And Wages": 14035000.0,
        "Total Revenue": 32137000.0,
        "Operating Revenue": 32137000.0,
        "Occupancy And Equipment": 2018000.0,
        "Professional Expense And Contract Services Expense": 656000.0,
        "Other Non Interest Expense": 5924000.0
    },
    "2024-03-31": {
        "Tax Effect Of Unusual Items": 0.0,
        "Tax Rate For Calcs": 0.141,
        "Net Income From Continuing Operation Net Minority Interest": 3401000.0,
        "Reconciled Depreciation": 937000.0,
        "Net Interest Income": 23158000.0,
        "Interest Expense": 9550000.0,
        "Interest Income": 32708000.0,
        "Normalized Income": 3401000.0,
        "Net Income From Continuing And Discontinued Operation": 3401000.0,
        "Diluted Average Shares": 3370934.0,
        "Basic Average Shares": 3370934.0,
        "Diluted EPS": 1.01,
        "Basic EPS": 1.01,
        "Diluted NI Availto Com Stockholders": 3401000.0,
        "Net Income Common Stockholders": 3401000.0,
        "Net Income": 3401000.0,
        "Minority Interests": -34000.0,
        "Net Income Including Noncontrolling Interests": 3435000.0,
        "Net Income Continuous Operations": 3435000.0,
        "Tax Provision": 565000.0,
        "Pretax Income": 4000000.0,
        "Gain On Sale Of Security": 167000.0,
        "Selling General And Administration": 14683000.0,
        "Selling And Marketing Expense": 168000.0,
        "General And Administrative Expense": 14515000.0,
        "Other Gand A": NaN,
        "Insurance And Claims": 406000.0,
        "Salaries And Wages": 14109000.0,
        "Total Revenue": 30466000.0,
        "Operating Revenue": 30466000.0,
        "Occupancy And Equipment": 2132000.0,
        "Professional Expense And Contract Services Expense": 915000.0,
        "Other Non Interest Expense": 5236000.0
    },
    "2024-06-30": {
        "Tax Effect Of Unusual Items": 0.0,
        "Tax Rate For Calcs": 0.191845,
        "Net Income From Continuing Operation Net Minority Interest": 5007000.0,
        "Reconciled Depreciation": 959000.0,
        "Net Interest Income": 23828000.0,
        "Interest Expense": 10484000.0,
        "Interest Income": 34312000.0,
        "Normalized Income": 5007000.0,
        "Net Income From Continuing And Discontinued Operation": 5007000.0,
        "Diluted Average Shares": 3343192.0,
        "Basic Average Shares": 3343192.0,
        "Diluted EPS": 1.5,
        "Basic EPS": 1.5,
        "Diluted NI Availto Com Stockholders": 5007000.0,
        "Net Income Common Stockholders": 5007000.0,
        "Net Income": 5007000.0,
        "Minority Interests": -27000.0,
        "Net Income Including Noncontrolling Interests": 5034000.0,
        "Net Income Continuous Operations": 5034000.0,
        "Tax Provision": 1195000.0,
        "Pretax Income": 6229000.0,
        "Gain On Sale Of Security": 170000.0,
        "Selling General And Administration": 14034000.0,
        "Selling And Marketing Expense": 316000.0,
        "General And Administrative Expense": 13718000.0,
        "Other Gand A": NaN,
        "Insurance And Claims": 409000.0,
        "Salaries And Wages": 13309000.0,
        "Total Revenue": 30902000.0,
        "Operating Revenue": 30902000.0,
        "Occupancy And Equipment": 2063000.0,
        "Professional Expense And Contract Services Expense": 884000.0,
        "Other Non Interest Expense": 5142000.0
    }
}