{
    "2023-06-30": {
        "Tax Effect Of Unusual Items": 0.0,
        "Tax Rate For Calcs": 0.162,
        "Net Income From Continuing Operation Net Minority Interest": 8302000.0,
        "Reconciled Depreciation": 2508000.0,
        "Net Interest Income": 34750000.0,
        "Interest Expense": 55894000.0,
        "Interest Income": 90644000.0,
        "Normalized Income": 8302000.0,
        "Net Income From Continuing And Discontinued Operation": 8302000.0,
        "Diluted Average Shares": 133198755.0,
        "Basic Average Shares": 133198755.0,
        "Diluted EPS": 0.06,
        "Basic EPS": 0.06,
        "Diluted NI Availto Com Stockholders": 8298000.0,
        "Net Income Common Stockholders": 8298000.0,
        "Otherunder Preferred Stock Dividend": 4000.0,
        "Net Income": 8302000.0,
        "Net Income Including Noncontrolling Interests": 8302000.0,
        "Net Income Continuous Operations": 8302000.0,
        "Tax Provision": 1602000.0,
        "Pretax Income": 9904000.0,
        "Gain On Sale Of Security": NaN,
        "Selling General And Administration": 15878000.0,
        "Selling And Marketing Expense": 1447000.0,
        "General And Administrative Expense": 14431000.0,
        "Insurance And Claims": 1231000.0,
        "Salaries And Wages": 13200000.0,
        "Total Revenue": 39949000.0,
        "Operating Revenue": 39949000.0
    },
    "2023-03-31": {
        "Tax Effect Of Unusual Items": 0.0,
        "Tax Rate For Calcs": 0.23,
        "Net Income From Continuing Operation Net Minority Interest": 14189000.0,
        "Reconciled Depreciation": 2557000.0,
        "Net Interest Income": 41959000.0,
        "Interest Expense": 47587000.0,
        "Interest Income": 89546000.0,
        "Normalized Income": 14189000.0,
        "Net Income From Continuing And Discontinued Operation": 14189000.0,
        "Diluted Average Shares": 133150224.0,
        "Basic Average Shares": 133150224.0,
        "Diluted EPS": 0.11,
        "Basic EPS": 0.11,
        "Diluted NI Availto Com Stockholders": 14183000.0,
        "Net Income Common Stockholders": 14183000.0,
        "Otherunder Preferred Stock Dividend": 6000.0,
        "Net Income": 14189000.0,
        "Net Income Including Noncontrolling Interests": 14189000.0,
        "Net Income Continuous Operations": 14189000.0,
        "Tax Provision": 3331000.0,
        "Pretax Income": 17520000.0,
        "Gain On Sale Of Security": 0.0,
        "Selling General And Administration": 15368000.0,
        "Selling And Marketing Expense": 1333000.0,
        "General And Administrative Expense": 14035000.0,
        "Insurance And Claims": 1246000.0,
        "Salaries And Wages": 12789000.0,
        "Total Revenue": 46352000.0,
        "Operating Revenue": 46352000.0
    },
    "2022-12-31": {
        "Tax Effect Of Unusual Items": NaN,
        "Tax Rate For Calcs": NaN,
        "Net Income From Continuing Operation Net Minority Interest": NaN,
        "Reconciled Depreciation": NaN,
        "Net Interest Income": NaN,
        "Interest Expense": NaN,
        "Interest Income": NaN,
        "Normalized Income": NaN,
        "Net Income From Continuing And Discontinued Operation": NaN,
        "Diluted Average Shares": NaN,
        "Basic Average Shares": NaN,
        "Diluted EPS": NaN,
        "Basic EPS": NaN,
        "Diluted NI Availto Com Stockholders": NaN,
        "Net Income Common Stockholders": NaN,
        "Otherunder Preferred Stock Dividend": NaN,
        "Net Income": NaN,
        "Net Income Including Noncontrolling Interests": NaN,
        "Net Income Continuous Operations": NaN,
        "Tax Provision": NaN,
        "Pretax Income": NaN,
        "Gain On Sale Of Security": 0.0,
        "Selling General And Administration": NaN,
        "Selling And Marketing Expense": NaN,
        "General And Administrative Expense": NaN,
        "Insurance And Claims": NaN,
        "Salaries And Wages": NaN,
        "Total Revenue": NaN,
        "Operating Revenue": NaN
    },
    "2022-09-30": {
        "Tax Effect Of Unusual Items": NaN,
        "Tax Rate For Calcs": NaN,
        "Net Income From Continuing Operation Net Minority Interest": NaN,
        "Reconciled Depreciation": NaN,
        "Net Interest Income": NaN,
        "Interest Expense": NaN,
        "Interest Income": NaN,
        "Normalized Income": NaN,
        "Net Income From Continuing And Discontinued Operation": NaN,
        "Diluted Average Shares": NaN,
        "Basic Average Shares": NaN,
        "Diluted EPS": NaN,
        "Basic EPS": NaN,
        "Diluted NI Availto Com Stockholders": NaN,
        "Net Income Common Stockholders": NaN,
        "Otherunder Preferred Stock Dividend": NaN,
        "Net Income": NaN,
        "Net Income Including Noncontrolling Interests": NaN,
        "Net Income Continuous Operations": NaN,
        "Tax Provision": NaN,
        "Pretax Income": NaN,
        "Gain On Sale Of Security": 0.0,
        "Selling General And Administration": NaN,
        "Selling And Marketing Expense": NaN,
        "General And Administrative Expense": NaN,
        "Other Gand A": 5043000.0,
        "Insurance And Claims": NaN,
        "Salaries And Wages": NaN,
        "Total Revenue": NaN,
        "Operating Revenue": NaN
    },
    "2022-06-30": {
        "Tax Effect Of Unusual Items": 0.0,
        "Tax Rate For Calcs": 0.21,
        "Total Unusual Items": 0.0,
        "Total Unusual Items Excluding Goodwill": 0.0,
        "Net Income From Continuing Operation Net Minority Interest": 21152000.0,
        "Reconciled Depreciation": 2691000.0,
        "Net Interest Income": 49981000.0,
        "Interest Expense": 19431000.0,
        "Interest Income": 69412000.0,
        "Normalized Income": 21152000.0,
        "Net Income From Continuing And Discontinued Operation": 21152000.0,
        "Diluted Average Shares": 135724658.0,
        "Basic Average Shares": 135724658.0,
        "Diluted EPS": 0.16,
        "Basic EPS": 0.16,
        "Diluted NI Availto Com Stockholders": 21152000.0,
        "Net Income Common Stockholders": 21152000.0,
        "Otherunder Preferred Stock Dividend": 11000.0,
        "Net Income": 21152000.0,
        "Net Income Including Noncontrolling Interests": 21152000.0,
        "Net Income Continuous Operations": 21152000.0,
        "Tax Provision": 5617000.0,
        "Pretax Income": 26769000.0,
        "Special Income Charges": 0.0,
        "Gain On Sale Of Security": 0.0,
        "Selling General And Administration": 20776000.0,
        "Selling And Marketing Expense": 1068000.0,
        "General And Administrative Expense": 19708000.0,
        "Other Gand A": 4343000.0,
        "Insurance And Claims": 784000.0,
        "Salaries And Wages": 14581000.0,
        "Total Revenue": 55432000.0,
        "Operating Revenue": 55432000.0
    },
    "2022-03-31": {
        "Diluted EPS": 0.16,
        "Total Revenue": 70,
        "Gross Profit": 53,
        "Operating Income": 28,
        "EBIT": NaN,
        "Net Income": 22
    },
    "2021-12-31": {
        "Diluted EPS": 0.16,
        "Total Revenue": 68,
        "Gross Profit": 51,
        "Operating Income": 28,
        "EBIT": NaN,
        "Net Income": 22
    },
    "2021-09-30": {
        "Diluted EPS": 0.14,
        "Total Revenue": 69,
        "Gross Profit": 51,
        "Operating Income": 24,
        "EBIT": NaN,
        "Net Income": 19
    },
    "2021-06-30": {
        "Diluted EPS": 0.13,
        "Total Revenue": 67,
        "Gross Profit": 48,
        "Operating Income": 23,
        "EBIT": NaN,
        "Net Income": 18
    },
    "2021-03-31": {
        "Diluted EPS": 0.15,
        "Total Revenue": 77,
        "Gross Profit": 56,
        "Operating Income": 26,
        "EBIT": NaN,
        "Net Income": 20
    },
    "2020-12-31": {
        "Diluted EPS": 0.14,
        "Total Revenue": 73,
        "Gross Profit": 49,
        "Operating Income": 23,
        "EBIT": NaN,
        "Net Income": 19
    },
    "2020-09-30": {
        "Diluted EPS": 0.14,
        "Total Revenue": 77,
        "Gross Profit": 51,
        "Operating Income": 23,
        "EBIT": NaN,
        "Net Income": 18
    },
    "2020-06-30": {
        "Diluted EPS": 0.14,
        "Total Revenue": 79,
        "Gross Profit": 51,
        "Operating Income": 25,
        "EBIT": NaN,
        "Net Income": 19
    },
    "2020-03-31": {
        "Diluted EPS": 0.03,
        "Total Revenue": 84,
        "Gross Profit": 53,
        "Operating Income": 5,
        "EBIT": NaN,
        "Net Income": 4
    },
    "2019-12-31": {
        "Diluted EPS": 0.16,
        "Total Revenue": 86,
        "Gross Profit": 54,
        "Operating Income": 27,
        "EBIT": NaN,
        "Net Income": 23
    },
    "2019-09-30": {
        "Diluted EPS": 0.15,
        "Total Revenue": 89,
        "Gross Profit": 56,
        "Operating Income": 29,
        "EBIT": NaN,
        "Net Income": 22
    },
    "2019-06-30": {
        "Diluted EPS": 0.17,
        "Total Revenue": 88,
        "Gross Profit": 57,
        "Operating Income": 29,
        "EBIT": NaN,
        "Net Income": 23
    },
    "2019-03-31": {
        "Diluted EPS": 0.18,
        "Total Revenue": 87,
        "Gross Profit": 58,
        "Operating Income": 31,
        "EBIT": NaN,
        "Net Income": 25
    },
    "2018-12-31": {
        "Diluted EPS": 0.18,
        "Total Revenue": 88,
        "Gross Profit": 58,
        "Operating Income": 31,
        "EBIT": NaN,
        "Net Income": 24
    },
    "2018-09-30": {
        "Diluted EPS": 0.15,
        "Total Revenue": 83,
        "Gross Profit": 56,
        "Operating Income": 29,
        "EBIT": NaN,
        "Net Income": 21
    },
    "2018-06-30": {
        "Diluted EPS": 0.17,
        "Total Revenue": 88,
        "Gross Profit": 55,
        "Operating Income": 30,
        "EBIT": NaN,
        "Net Income": 22
    },
    "2018-03-31": {
        "Diluted EPS": 0.17,
        "Total Revenue": 87,
        "Gross Profit": 55,
        "Operating Income": 32,
        "EBIT": NaN,
        "Net Income": 23
    },
    "2017-12-31": {
        "Diluted EPS": 0.24,
        "Total Revenue": 86,
        "Gross Profit": 55,
        "Operating Income": 33,
        "EBIT": NaN,
        "Net Income": 32
    },
    "2017-09-30": {
        "Diluted EPS": 0.16,
        "Total Revenue": 86,
        "Gross Profit": 56,
        "Operating Income": 32,
        "EBIT": NaN,
        "Net Income": 21
    },
    "2017-06-30": {
        "Diluted EPS": 0.16,
        "Total Revenue": 85,
        "Gross Profit": 55,
        "Operating Income": 32,
        "EBIT": NaN,
        "Net Income": 21
    },
    "2017-03-31": {
        "Diluted EPS": 0.16,
        "Total Revenue": 83,
        "Gross Profit": 55,
        "Operating Income": 33,
        "EBIT": NaN,
        "Net Income": 22
    },
    "2016-12-31": {
        "Diluted EPS": 0.15,
        "Total Revenue": 81,
        "Gross Profit": 53,
        "Operating Income": 31,
        "EBIT": NaN,
        "Net Income": 21
    },
    "2016-09-30": {
        "Diluted EPS": 0.16,
        "Total Revenue": 81,
        "Gross Profit": 53,
        "Operating Income": 29,
        "EBIT": NaN,
        "Net Income": 21
    },
    "2016-06-30": {
        "Diluted EPS": 0.15,
        "Total Revenue": 81,
        "Gross Profit": 53,
        "Operating Income": 30,
        "EBIT": NaN,
        "Net Income": 21
    },
    "2016-03-31": {
        "Diluted EPS": 0.16,
        "Total Revenue": 82,
        "Gross Profit": 55,
        "Operating Income": 32,
        "EBIT": NaN,
        "Net Income": 22
    },
    "2015-12-31": {
        "Diluted EPS": 0.16,
        "Total Revenue": 80,
        "Gross Profit": 54,
        "Operating Income": 30,
        "EBIT": NaN,
        "Net Income": 21
    },
    "2015-09-30": {
        "Diluted EPS": 0.15,
        "Total Revenue": 80,
        "Gross Profit": 53,
        "Operating Income": 28,
        "EBIT": NaN,
        "Net Income": 19
    },
    "2015-06-30": {
        "Diluted EPS": 0.14,
        "Total Revenue": 79,
        "Gross Profit": 52,
        "Operating Income": 29,
        "EBIT": NaN,
        "Net Income": 20
    },
    "2015-03-31": {
        "Diluted EPS": 0.14,
        "Total Revenue": 79,
        "Gross Profit": 52,
        "Operating Income": 29,
        "EBIT": NaN,
        "Net Income": 19
    },
    "2014-12-31": {
        "Diluted EPS": 0.15,
        "Total Revenue": 80,
        "Gross Profit": 53,
        "Operating Income": 30,
        "EBIT": NaN,
        "Net Income": 20
    },
    "2014-09-30": {
        "Diluted EPS": 0.16,
        "Total Revenue": 80,
        "Gross Profit": 54,
        "Operating Income": 30,
        "EBIT": NaN,
        "Net Income": 20
    },
    "2014-06-30": {
        "Diluted EPS": 0.14,
        "Total Revenue": 78,
        "Gross Profit": 52,
        "Operating Income": 29,
        "EBIT": NaN,
        "Net Income": 20
    },
    "2014-03-31": {
        "Diluted EPS": 0.14,
        "Total Revenue": 78,
        "Gross Profit": 51,
        "Operating Income": 29,
        "EBIT": NaN,
        "Net Income": 20
    },
    "2013-12-31": {
        "Diluted EPS": 0.12,
        "Total Revenue": 78,
        "Gross Profit": 50,
        "Operating Income": 26,
        "EBIT": NaN,
        "Net Income": 18
    },
    "2013-09-30": {
        "Diluted EPS": 0.11,
        "Total Revenue": 78,
        "Gross Profit": 50,
        "Operating Income": 25,
        "EBIT": NaN,
        "Net Income": 16
    },
    "2013-06-30": {
        "Diluted EPS": 0.13,
        "Total Revenue": 79,
        "Gross Profit": 50,
        "Operating Income": 27,
        "EBIT": NaN,
        "Net Income": 18
    },
    "2013-03-31": {
        "Diluted EPS": 0.12,
        "Total Revenue": 81,
        "Gross Profit": 50,
        "Operating Income": 27,
        "EBIT": NaN,
        "Net Income": 18
    },
    "2012-12-31": {
        "Diluted EPS": 0.12,
        "Total Revenue": 83,
        "Gross Profit": 51,
        "Operating Income": 26,
        "EBIT": NaN,
        "Net Income": 18
    },
    "2012-09-30": {
        "Diluted EPS": 0.11,
        "Total Revenue": 85,
        "Gross Profit": 52,
        "Operating Income": 28,
        "EBIT": NaN,
        "Net Income": 18
    },
    "2012-06-30": {
        "Diluted EPS": 0.12,
        "Total Revenue": 87,
        "Gross Profit": 52,
        "Operating Income": 29,
        "EBIT": NaN,
        "Net Income": 19
    },
    "2012-03-31": {
        "Diluted EPS": 0.12,
        "Total Revenue": 89,
        "Gross Profit": 54,
        "Operating Income": 30,
        "EBIT": NaN,
        "Net Income": 19
    },
    "2011-12-31": {
        "Diluted EPS": 0.12,
        "Total Revenue": 91,
        "Gross Profit": 52,
        "Operating Income": 29,
        "EBIT": NaN,
        "Net Income": 19
    },
    "2011-09-30": {
        "Diluted EPS": 0.11,
        "Total Revenue": 93,
        "Gross Profit": 50,
        "Operating Income": 26,
        "EBIT": NaN,
        "Net Income": 17
    },
    "2011-06-30": {
        "Diluted EPS": 0.1,
        "Total Revenue": 94,
        "Gross Profit": 50,
        "Operating Income": 26,
        "EBIT": NaN,
        "Net Income": 17
    },
    "2011-03-31": {
        "Diluted EPS": 0.1,
        "Total Revenue": 91,
        "Gross Profit": 47,
        "Operating Income": 23,
        "EBIT": NaN,
        "Net Income": 16
    },
    "2010-12-31": {
        "Diluted EPS": -0.07,
        "Total Revenue": 94,
        "Gross Profit": 46,
        "Operating Income": -18,
        "EBIT": NaN,
        "Net Income": -11
    },
    "2010-09-30": {
        "Diluted EPS": 0.09,
        "Total Revenue": 97,
        "Gross Profit": 48,
        "Operating Income": 24,
        "EBIT": NaN,
        "Net Income": 15
    },
    "2010-06-30": {
        "Diluted EPS": 0.1,
        "Total Revenue": 99,
        "Gross Profit": 49,
        "Operating Income": 26,
        "EBIT": NaN,
        "Net Income": 17
    },
    "2010-03-31": {
        "Diluted EPS": 0.09,
        "Total Revenue": 100,
        "Gross Profit": 49,
        "Operating Income": 23,
        "EBIT": NaN,
        "Net Income": 15
    },
    "2009-12-31": {
        "Diluted EPS": 0.13,
        "Total Revenue": 112,
        "Gross Profit": 58,
        "Operating Income": 32,
        "EBIT": NaN,
        "Net Income": 21
    },
    "2009-09-30": {
        "Diluted EPS": 0.1,
        "Total Revenue": 107,
        "Gross Profit": 50,
        "Operating Income": 27,
        "EBIT": NaN,
        "Net Income": 17
    },
    "2009-06-30": {
        "Diluted EPS": 0.09,
        "Total Revenue": 111,
        "Gross Profit": 54,
        "Operating Income": 25,
        "EBIT": NaN,
        "Net Income": 15
    },
    "2009-03-31": {
        "Diluted EPS": 0.11,
        "Total Revenue": 111,
        "Gross Profit": 53,
        "Operating Income": 29,
        "EBIT": NaN,
        "Net Income": 18
    },
    "2023-09-30": {
        "Tax Effect Of Unusual Items": 0.0,
        "Tax Rate For Calcs": 0.245726,
        "Net Income From Continuing Operation Net Minority Interest": -140390000.0,
        "Reconciled Depreciation": 2471000.0,
        "Net Interest Income": 30735000.0,
        "Interest Expense": 57524000.0,
        "Interest Income": 88259000.0,
        "Normalized Income": -140390000.0,
        "Net Income From Continuing And Discontinued Operation": -140390000.0,
        "Diluted Average Shares": 135936375.0,
        "Basic Average Shares": 135936375.0,
        "Diluted EPS": -1.106981,
        "Basic EPS": -1.106981,
        "Diluted NI Availto Com Stockholders": -140321000.0,
        "Net Income Common Stockholders": -140321000.0,
        "Otherunder Preferred Stock Dividend": -69000.0,
        "Net Income": -140390000.0,
        "Net Income Including Noncontrolling Interests": -140390000.0,
        "Net Income Continuous Operations": -140390000.0,
        "Tax Provision": -45736000.0,
        "Pretax Income": -186126000.0,
        "Gain On Sale Of Security": NaN,
        "Selling General And Administration": 13663000.0,
        "Selling And Marketing Expense": 692000.0,
        "General And Administrative Expense": 12971000.0,
        "Insurance And Claims": 1167000.0,
        "Salaries And Wages": 11804000.0,
        "Total Revenue": -157747000.0,
        "Operating Revenue": -157747000.0
    },
    "2023-12-31": {
        "Tax Effect Of Unusual Items": 0.0,
        "Tax Rate For Calcs": 0.21,
        "Net Income From Continuing Operation Net Minority Interest": 2543000.0,
        "Reconciled Depreciation": 2239000.0,
        "Net Interest Income": 39593000.0,
        "Interest Expense": 52099000.0,
        "Interest Income": 91692000.0,
        "Normalized Income": 2543000.0,
        "Net Income From Continuing And Discontinued Operation": 2543000.0,
        "Diluted Average Shares": 132353313.0,
        "Basic Average Shares": 132353313.0,
        "Diluted EPS": 0.02,
        "Basic EPS": 0.02,
        "Diluted NI Availto Com Stockholders": 2541000.0,
        "Net Income Common Stockholders": 2541000.0,
        "Otherunder Preferred Stock Dividend": 2000.0,
        "Net Income": 2543000.0,
        "Net Income Including Noncontrolling Interests": 2543000.0,
        "Net Income Continuous Operations": 2543000.0,
        "Tax Provision": -475000.0,
        "Pretax Income": 2068000.0,
        "Gain On Sale Of Security": -13345000.0,
        "Selling General And Administration": 15840000.0,
        "Selling And Marketing Expense": 988000.0,
        "General And Administrative Expense": 14852000.0,
        "Insurance And Claims": 1860000.0,
        "Salaries And Wages": 12992000.0,
        "Total Revenue": 30157000.0,
        "Operating Revenue": 30157000.0
    },
    "2024-03-31": {
        "Tax Effect Of Unusual Items": 0.0,
        "Tax Rate For Calcs": 0.201,
        "Net Income From Continuing Operation Net Minority Interest": 13762000.0,
        "Reconciled Depreciation": 2218000.0,
        "Net Interest Income": 41320000.0,
        "Interest Expense": 51969000.0,
        "Interest Income": 93289000.0,
        "Normalized Income": 13762000.0,
        "Net Income From Continuing And Discontinued Operation": 13762000.0,
        "Diluted Average Shares": 130536246.0,
        "Basic Average Shares": 130536246.0,
        "Diluted EPS": 0.11,
        "Basic EPS": 0.11,
        "Diluted NI Availto Com Stockholders": 13752000.0,
        "Net Income Common Stockholders": 13752000.0,
        "Otherunder Preferred Stock Dividend": 10000.0,
        "Net Income": 13762000.0,
        "Net Income Including Noncontrolling Interests": 13762000.0,
        "Net Income Continuous Operations": 13762000.0,
        "Tax Provision": 3455000.0,
        "Pretax Income": 17217000.0,
        "Gain On Sale Of Security": 0.0,
        "Selling General And Administration": 15885000.0,
        "Selling And Marketing Expense": 1271000.0,
        "General And Administrative Expense": 14614000.0,
        "Insurance And Claims": 1727000.0,
        "Salaries And Wages": 12887000.0,
        "Total Revenue": 45096000.0,
        "Operating Revenue": 45096000.0
    }
}