{
    "2023-03-31": {
        "Tax Effect Of Unusual Items": -7010220.0,
        "Tax Rate For Calcs": 0.21,
        "Normalized EBITDA": -96207000.0,
        "Total Unusual Items": -33382000.0,
        "Total Unusual Items Excluding Goodwill": -33382000.0,
        "Net Income From Continuing Operation Net Minority Interest": -152555000.0,
        "Reconciled Depreciation": 3122000.0,
        "Reconciled Cost Of Revenue": 58144000.0,
        "EBITDA": -129589000.0,
        "EBIT": -132711000.0,
        "Normalized Income": -126183220.0,
        "Net Income From Continuing And Discontinued Operation": -152555000.0,
        "Total Expenses": 307013000.0,
        "Total Operating Income As Reported": -166093000.0,
        "Diluted Average Shares": 291864975.0,
        "Basic Average Shares": 291864975.0,
        "Diluted EPS": -0.52,
        "Basic EPS": -0.52,
        "Diluted NI Availto Com Stockholders": -152555000.0,
        "Net Income Common Stockholders": -152555000.0,
        "Net Income": -152555000.0,
        "Net Income Including Noncontrolling Interests": -152555000.0,
        "Net Income Continuous Operations": -152555000.0,
        "Tax Provision": 1647000.0,
        "Pretax Income": -150908000.0,
        "Other Income Expense": -18197000.0,
        "Other Non Operating Income Expenses": 15185000.0,
        "Special Income Charges": -33382000.0,
        "Restructuring And Mergern Acquisition": 33382000.0,
        "Operating Income": -132711000.0,
        "Operating Expense": 248869000.0,
        "Research And Development": 84890000.0,
        "Selling General And Administration": 163979000.0,
        "Selling And Marketing Expense": 128624000.0,
        "General And Administrative Expense": 35355000.0,
        "Other Gand A": 35355000.0,
        "Gross Profit": 116158000.0,
        "Cost Of Revenue": 58144000.0,
        "Total Revenue": 174302000.0,
        "Operating Revenue": 174302000.0
    },
    "2022-12-31": {
        "Tax Effect Of Unusual Items": 0.0,
        "Tax Rate For Calcs": 0.21,
        "Normalized EBITDA": -112500000.0,
        "Total Unusual Items": NaN,
        "Total Unusual Items Excluding Goodwill": NaN,
        "Net Income From Continuing Operation Net Minority Interest": -105884000.0,
        "Reconciled Depreciation": 2485000.0,
        "Reconciled Cost Of Revenue": 53949000.0,
        "EBITDA": -112500000.0,
        "EBIT": -114985000.0,
        "Normalized Income": -105884000.0,
        "Net Income From Continuing And Discontinued Operation": -105884000.0,
        "Total Expenses": 283651000.0,
        "Total Operating Income As Reported": -114985000.0,
        "Diluted Average Shares": 286732756.0,
        "Basic Average Shares": 286732756.0,
        "Diluted EPS": -0.37,
        "Basic EPS": -0.37,
        "Diluted NI Availto Com Stockholders": -105884000.0,
        "Net Income Common Stockholders": -105884000.0,
        "Net Income": -105884000.0,
        "Net Income Including Noncontrolling Interests": -105884000.0,
        "Net Income Continuous Operations": -105884000.0,
        "Tax Provision": 2226000.0,
        "Pretax Income": -103658000.0,
        "Other Income Expense": 17658000.0,
        "Other Non Operating Income Expenses": 17658000.0,
        "Special Income Charges": NaN,
        "Restructuring And Mergern Acquisition": NaN,
        "Operating Income": -114985000.0,
        "Operating Expense": 229702000.0,
        "Research And Development": 71809000.0,
        "Selling General And Administration": 157893000.0,
        "Selling And Marketing Expense": 122684000.0,
        "General And Administrative Expense": 35209000.0,
        "Other Gand A": 35209000.0,
        "Gross Profit": 114717000.0,
        "Cost Of Revenue": 53949000.0,
        "Total Revenue": 168666000.0,
        "Operating Revenue": 168666000.0
    },
    "2022-09-30": {
        "Tax Effect Of Unusual Items": NaN,
        "Tax Rate For Calcs": NaN,
        "Normalized EBITDA": NaN,
        "Total Unusual Items": NaN,
        "Total Unusual Items Excluding Goodwill": NaN,
        "Net Income From Continuing Operation Net Minority Interest": NaN,
        "Reconciled Depreciation": NaN,
        "Reconciled Cost Of Revenue": NaN,
        "EBITDA": NaN,
        "EBIT": NaN,
        "Net Interest Income": 3147000.0,
        "Interest Income": 3147000.0,
        "Normalized Income": NaN,
        "Net Income From Continuing And Discontinued Operation": NaN,
        "Total Expenses": NaN,
        "Total Operating Income As Reported": NaN,
        "Diluted Average Shares": NaN,
        "Basic Average Shares": NaN,
        "Diluted EPS": NaN,
        "Basic EPS": NaN,
        "Diluted NI Availto Com Stockholders": NaN,
        "Net Income Common Stockholders": NaN,
        "Net Income": NaN,
        "Net Income Including Noncontrolling Interests": NaN,
        "Net Income Continuous Operations": NaN,
        "Tax Provision": NaN,
        "Pretax Income": NaN,
        "Other Income Expense": NaN,
        "Other Non Operating Income Expenses": NaN,
        "Special Income Charges": NaN,
        "Restructuring And Mergern Acquisition": NaN,
        "Net Non Operating Interest Income Expense": 3147000.0,
        "Interest Income Non Operating": 3147000.0,
        "Operating Income": NaN,
        "Operating Expense": NaN,
        "Research And Development": NaN,
        "Selling General And Administration": NaN,
        "Selling And Marketing Expense": NaN,
        "General And Administrative Expense": NaN,
        "Other Gand A": NaN,
        "Gross Profit": NaN,
        "Cost Of Revenue": NaN,
        "Total Revenue": NaN,
        "Operating Revenue": NaN
    },
    "2022-06-30": {
        "Tax Effect Of Unusual Items": 0.0,
        "Tax Rate For Calcs": 0.4,
        "Normalized EBITDA": -115497000.0,
        "Total Unusual Items": NaN,
        "Total Unusual Items Excluding Goodwill": NaN,
        "Net Income From Continuing Operation Net Minority Interest": -117631000.0,
        "Reconciled Depreciation": 1810000.0,
        "Reconciled Cost Of Revenue": 49509000.0,
        "EBITDA": -115497000.0,
        "EBIT": -117307000.0,
        "Net Interest Income": 2618000.0,
        "Interest Income": 2618000.0,
        "Normalized Income": -117631000.0,
        "Net Income From Continuing And Discontinued Operation": -117631000.0,
        "Total Expenses": 256714000.0,
        "Total Operating Income As Reported": -117307000.0,
        "Diluted Average Shares": 278268980.0,
        "Basic Average Shares": 278268980.0,
        "Diluted EPS": -0.42,
        "Basic EPS": -0.42,
        "Diluted NI Availto Com Stockholders": -117631000.0,
        "Net Income Common Stockholders": -117631000.0,
        "Net Income": -117631000.0,
        "Net Income Including Noncontrolling Interests": -117631000.0,
        "Net Income Continuous Operations": -117631000.0,
        "Tax Provision": 1510000.0,
        "Pretax Income": -116121000.0,
        "Other Income Expense": -1432000.0,
        "Other Non Operating Income Expenses": -1432000.0,
        "Special Income Charges": NaN,
        "Restructuring And Mergern Acquisition": NaN,
        "Net Non Operating Interest Income Expense": 2618000.0,
        "Interest Income Non Operating": 2618000.0,
        "Operating Income": -117307000.0,
        "Operating Expense": 207205000.0,
        "Research And Development": 64472000.0,
        "Selling General And Administration": 142733000.0,
        "Selling And Marketing Expense": 112754000.0,
        "General And Administrative Expense": 29979000.0,
        "Other Gand A": 29979000.0,
        "Gross Profit": 89898000.0,
        "Cost Of Revenue": 49509000.0,
        "Total Revenue": 139407000.0,
        "Operating Revenue": 139407000.0
    },
    "2023-06-30": {
        "Tax Effect Of Unusual Items": -198030.0,
        "Tax Rate For Calcs": 0.21,
        "Normalized EBITDA": -114226000.0,
        "Total Unusual Items": -943000.0,
        "Total Unusual Items Excluding Goodwill": -943000.0,
        "Net Income From Continuing Operation Net Minority Interest": -103425000.0,
        "Reconciled Depreciation": 3256000.0,
        "Reconciled Cost Of Revenue": 57920000.0,
        "EBITDA": -115169000.0,
        "EBIT": -118425000.0,
        "Normalized Income": -102680030.0,
        "Net Income From Continuing And Discontinued Operation": -103425000.0,
        "Total Expenses": 307710000.0,
        "Total Operating Income As Reported": -119368000.0,
        "Diluted Average Shares": 297827200.0,
        "Basic Average Shares": 297827200.0,
        "Diluted EPS": -0.35,
        "Basic EPS": -0.35,
        "Diluted NI Availto Com Stockholders": -103425000.0,
        "Net Income Common Stockholders": -103425000.0,
        "Net Income": -103425000.0,
        "Net Income Including Noncontrolling Interests": -103425000.0,
        "Net Income Continuous Operations": -103425000.0,
        "Tax Provision": 1667000.0,
        "Pretax Income": -101758000.0,
        "Other Income Expense": 16667000.0,
        "Other Non Operating Income Expenses": 17610000.0,
        "Special Income Charges": -943000.0,
        "Restructuring And Mergern Acquisition": 943000.0,
        "Operating Income": -118425000.0,
        "Operating Expense": 249790000.0,
        "Research And Development": 85677000.0,
        "Selling General And Administration": 164113000.0,
        "Selling And Marketing Expense": 127770000.0,
        "General And Administrative Expense": 36343000.0,
        "Other Gand A": 36343000.0,
        "Gross Profit": 131365000.0,
        "Cost Of Revenue": 57920000.0,
        "Total Revenue": 189285000.0,
        "Operating Revenue": 189285000.0
    },
    "2022-03-31": {
        "Diluted EPS": -0.41,
        "Total Revenue": 126,
        "Gross Profit": 80,
        "Operating Income": -111,
        "EBIT": -100,
        "Net Income": -113
    },
    "2021-12-31": {
        "Diluted EPS": -0.3,
        "Total Revenue": 120,
        "Gross Profit": 74,
        "Operating Income": -114,
        "EBIT": -103,
        "Net Income": -114
    },
    "2021-09-30": {
        "Diluted EPS": -0.37,
        "Total Revenue": 103,
        "Gross Profit": 65,
        "Operating Income": -95,
        "EBIT": -87,
        "Net Income": -96
    },
    "2021-06-30": {
        "Diluted EPS": -0.74,
        "Total Revenue": 88,
        "Gross Profit": 58,
        "Operating Income": -86,
        "EBIT": -79,
        "Net Income": -88
    },
    "2021-03-31": {
        "Diluted EPS": -0.41,
        "Total Revenue": 77,
        "Gross Profit": 53,
        "Operating Income": -45,
        "EBIT": -38,
        "Net Income": -45
    },
    "2020-12-31": {
        "Diluted EPS": -0.29,
        "Total Revenue": 70,
        "Gross Profit": 49,
        "Operating Income": -32,
        "EBIT": -26,
        "Net Income": -32
    },
    "2020-09-30": {
        "Diluted EPS": -1.34,
        "Total Revenue": 61,
        "Gross Profit": 42,
        "Operating Income": -140,
        "EBIT": -135,
        "Net Income": -138
    },
    "2020-06-30": {
        "Diluted EPS": -0.25,
        "Total Revenue": 54,
        "Gross Profit": 36,
        "Operating Income": -27,
        "EBIT": -23,
        "Net Income": -26
    },
    "2020-03-31": {
        "Diluted EPS": -0.33,
        "Total Revenue": 51,
        "Gross Profit": 33,
        "Operating Income": -33,
        "EBIT": -30,
        "Net Income": -34
    },
    "2019-12-31": {
        "Diluted EPS": 0.0,
        "Total Revenue": NaN,
        "Gross Profit": NaN,
        "Operating Income": NaN,
        "EBIT": NaN,
        "Net Income": NaN
    },
    "2023-09-30": {
        "Tax Effect Of Unusual Items": -111090.0,
        "Tax Rate For Calcs": 0.21,
        "Normalized EBITDA": -103965000.0,
        "Total Unusual Items": -529000.0,
        "Total Unusual Items Excluding Goodwill": -529000.0,
        "Net Income From Continuing Operation Net Minority Interest": -92670000.0,
        "Reconciled Depreciation": 3609000.0,
        "Reconciled Cost Of Revenue": 56549000.0,
        "EBITDA": -104494000.0,
        "EBIT": -108103000.0,
        "Normalized Income": -92252090.0,
        "Net Income From Continuing And Discontinued Operation": -92670000.0,
        "Total Expenses": 308284000.0,
        "Total Operating Income As Reported": -108632000.0,
        "Diluted Average Shares": 303896632.0,
        "Basic Average Shares": 303896632.0,
        "Diluted EPS": -0.3,
        "Basic EPS": -0.3,
        "Diluted NI Availto Com Stockholders": -92670000.0,
        "Net Income Common Stockholders": -92670000.0,
        "Net Income": -92670000.0,
        "Net Income Including Noncontrolling Interests": -92670000.0,
        "Net Income Continuous Operations": -92670000.0,
        "Tax Provision": 1567000.0,
        "Pretax Income": -91103000.0,
        "Other Income Expense": 17000000.0,
        "Other Non Operating Income Expenses": 17529000.0,
        "Special Income Charges": -529000.0,
        "Restructuring And Mergern Acquisition": 529000.0,
        "Operating Income": -108103000.0,
        "Operating Expense": 251735000.0,
        "Research And Development": 91237000.0,
        "Selling General And Administration": 160498000.0,
        "Selling And Marketing Expense": 128624000.0,
        "General And Administrative Expense": 31874000.0,
        "Other Gand A": 31874000.0,
        "Gross Profit": 143632000.0,
        "Cost Of Revenue": 56549000.0,
        "Total Revenue": 200181000.0,
        "Operating Revenue": 200181000.0
    },
    "2023-12-31": {
        "Tax Effect Of Unusual Items": 0.0,
        "Tax Rate For Calcs": 0.21,
        "Normalized EBITDA": -80757000.0,
        "Total Unusual Items": 0.0,
        "Total Unusual Items Excluding Goodwill": 0.0,
        "Net Income From Continuing Operation Net Minority Interest": -94096000.0,
        "Reconciled Depreciation": 3923000.0,
        "Reconciled Cost Of Revenue": 57057000.0,
        "EBITDA": -80757000.0,
        "EBIT": -84680000.0,
        "Normalized Income": -94096000.0,
        "Net Income From Continuing And Discontinued Operation": -94096000.0,
        "Total Expenses": 297864000.0,
        "Total Operating Income As Reported": -84680000.0,
        "Diluted Average Shares": 309101119.0,
        "Basic Average Shares": 309101119.0,
        "Diluted EPS": -0.3,
        "Basic EPS": -0.3,
        "Diluted NI Availto Com Stockholders": -94096000.0,
        "Net Income Common Stockholders": -94096000.0,
        "Net Income": -94096000.0,
        "Net Income Including Noncontrolling Interests": -94096000.0,
        "Net Income Continuous Operations": -94096000.0,
        "Tax Provision": 31191000.0,
        "Pretax Income": -62905000.0,
        "Other Income Expense": 21775000.0,
        "Other Non Operating Income Expenses": 21775000.0,
        "Special Income Charges": 0.0,
        "Restructuring And Mergern Acquisition": 0.0,
        "Operating Income": -84680000.0,
        "Operating Expense": 240807000.0,
        "Research And Development": 86948000.0,
        "Selling General And Administration": 153859000.0,
        "Selling And Marketing Expense": 119911000.0,
        "General And Administrative Expense": 33948000.0,
        "Other Gand A": 33948000.0,
        "Gross Profit": 156127000.0,
        "Cost Of Revenue": 57057000.0,
        "Total Revenue": 213184000.0,
        "Operating Revenue": 213184000.0
    },
    "2024-03-31": {
        "Tax Effect Of Unusual Items": 0.0,
        "Tax Rate For Calcs": 0.4,
        "Normalized EBITDA": -107040000.0,
        "Total Unusual Items": 0.0,
        "Total Unusual Items Excluding Goodwill": 0.0,
        "Net Income From Continuing Operation Net Minority Interest": -92967000.0,
        "Reconciled Depreciation": 4311000.0,
        "Reconciled Cost Of Revenue": 61221000.0,
        "EBITDA": -107040000.0,
        "EBIT": -111351000.0,
        "Normalized Income": -92967000.0,
        "Net Income From Continuing And Discontinued Operation": -92967000.0,
        "Total Expenses": 328588000.0,
        "Total Operating Income As Reported": -111351000.0,
        "Diluted Average Shares": 314203181.0,
        "Basic Average Shares": 314203181.0,
        "Diluted EPS": -0.3,
        "Basic EPS": -0.3,
        "Diluted NI Availto Com Stockholders": -92967000.0,
        "Net Income Common Stockholders": -92967000.0,
        "Net Income": -92967000.0,
        "Net Income Including Noncontrolling Interests": -92967000.0,
        "Net Income Continuous Operations": -92967000.0,
        "Tax Provision": 2466000.0,
        "Pretax Income": -90501000.0,
        "Other Income Expense": 20850000.0,
        "Other Non Operating Income Expenses": 20850000.0,
        "Special Income Charges": 0.0,
        "Restructuring And Mergern Acquisition": 0.0,
        "Operating Income": -111351000.0,
        "Operating Expense": 267367000.0,
        "Research And Development": 97571000.0,
        "Selling General And Administration": 169796000.0,
        "Selling And Marketing Expense": 131352000.0,
        "General And Administrative Expense": 38444000.0,
        "Other Gand A": 38444000.0,
        "Gross Profit": 156016000.0,
        "Cost Of Revenue": 61221000.0,
        "Total Revenue": 217237000.0,
        "Operating Revenue": 217237000.0
    }
}