{
    "2023-06-30": {
        "Tax Effect Of Unusual Items": NaN,
        "Tax Rate For Calcs": NaN,
        "Net Income From Continuing Operation Net Minority Interest": NaN,
        "Reconciled Depreciation": NaN,
        "Net Interest Income": NaN,
        "Interest Expense": NaN,
        "Interest Income": NaN,
        "Normalized Income": NaN,
        "Net Income From Continuing And Discontinued Operation": NaN,
        "Diluted Average Shares": NaN,
        "Basic Average Shares": NaN,
        "Diluted EPS": NaN,
        "Basic EPS": NaN,
        "Diluted NI Availto Com Stockholders": NaN,
        "Net Income Common Stockholders": NaN,
        "Otherunder Preferred Stock Dividend": NaN,
        "Preferred Stock Dividends": NaN,
        "Net Income": NaN,
        "Net Income Including Noncontrolling Interests": NaN,
        "Net Income Continuous Operations": NaN,
        "Tax Provision": NaN,
        "Pretax Income": NaN,
        "Gain On Sale Of Security": NaN,
        "Depreciation Amortization Depletion Income Statement": 82000.0,
        "Depreciation And Amortization In Income Statement": 82000.0,
        "Amortization": 82000.0,
        "Amortization Of Intangibles Income Statement": 82000.0,
        "Selling General And Administration": NaN,
        "General And Administrative Expense": NaN,
        "Insurance And Claims": NaN,
        "Salaries And Wages": NaN,
        "Total Revenue": NaN,
        "Operating Revenue": NaN,
        "Occupancy And Equipment": NaN,
        "Other Non Interest Expense": NaN
    },
    "2023-03-31": {
        "Tax Effect Of Unusual Items": NaN,
        "Tax Rate For Calcs": NaN,
        "Net Income From Continuing Operation Net Minority Interest": NaN,
        "Reconciled Depreciation": NaN,
        "Net Interest Income": NaN,
        "Interest Expense": NaN,
        "Interest Income": NaN,
        "Normalized Income": NaN,
        "Net Income From Continuing And Discontinued Operation": NaN,
        "Diluted Average Shares": NaN,
        "Basic Average Shares": NaN,
        "Diluted EPS": NaN,
        "Basic EPS": NaN,
        "Diluted NI Availto Com Stockholders": NaN,
        "Net Income Common Stockholders": NaN,
        "Otherunder Preferred Stock Dividend": NaN,
        "Preferred Stock Dividends": NaN,
        "Net Income": NaN,
        "Net Income Including Noncontrolling Interests": NaN,
        "Net Income Continuous Operations": NaN,
        "Tax Provision": NaN,
        "Pretax Income": NaN,
        "Gain On Sale Of Security": NaN,
        "Depreciation Amortization Depletion Income Statement": 96000.0,
        "Depreciation And Amortization In Income Statement": 96000.0,
        "Amortization": 96000.0,
        "Amortization Of Intangibles Income Statement": 96000.0,
        "Selling General And Administration": NaN,
        "General And Administrative Expense": NaN,
        "Insurance And Claims": NaN,
        "Salaries And Wages": NaN,
        "Total Revenue": NaN,
        "Operating Revenue": NaN,
        "Occupancy And Equipment": NaN,
        "Other Non Interest Expense": NaN
    },
    "2022-12-31": {
        "Tax Effect Of Unusual Items": NaN,
        "Tax Rate For Calcs": NaN,
        "Net Income From Continuing Operation Net Minority Interest": NaN,
        "Reconciled Depreciation": NaN,
        "Net Interest Income": NaN,
        "Interest Expense": NaN,
        "Interest Income": NaN,
        "Normalized Income": NaN,
        "Net Income From Continuing And Discontinued Operation": NaN,
        "Diluted Average Shares": NaN,
        "Basic Average Shares": NaN,
        "Diluted EPS": NaN,
        "Basic EPS": NaN,
        "Diluted NI Availto Com Stockholders": NaN,
        "Net Income Common Stockholders": NaN,
        "Otherunder Preferred Stock Dividend": NaN,
        "Preferred Stock Dividends": NaN,
        "Net Income": NaN,
        "Net Income Including Noncontrolling Interests": NaN,
        "Net Income Continuous Operations": NaN,
        "Tax Provision": NaN,
        "Pretax Income": NaN,
        "Gain On Sale Of Security": NaN,
        "Depreciation Amortization Depletion Income Statement": 100000.0,
        "Depreciation And Amortization In Income Statement": 100000.0,
        "Amortization": 100000.0,
        "Amortization Of Intangibles Income Statement": 100000.0,
        "Selling General And Administration": NaN,
        "General And Administrative Expense": NaN,
        "Insurance And Claims": NaN,
        "Salaries And Wages": NaN,
        "Total Revenue": NaN,
        "Operating Revenue": NaN,
        "Occupancy And Equipment": NaN,
        "Other Non Interest Expense": NaN
    },
    "2022-09-30": {
        "Tax Effect Of Unusual Items": NaN,
        "Tax Rate For Calcs": NaN,
        "Net Income From Continuing Operation Net Minority Interest": NaN,
        "Reconciled Depreciation": NaN,
        "Net Interest Income": NaN,
        "Interest Expense": NaN,
        "Interest Income": NaN,
        "Normalized Income": NaN,
        "Net Income From Continuing And Discontinued Operation": NaN,
        "Diluted Average Shares": NaN,
        "Basic Average Shares": NaN,
        "Diluted EPS": NaN,
        "Basic EPS": NaN,
        "Diluted NI Availto Com Stockholders": NaN,
        "Net Income Common Stockholders": NaN,
        "Otherunder Preferred Stock Dividend": NaN,
        "Preferred Stock Dividends": NaN,
        "Net Income": NaN,
        "Net Income Including Noncontrolling Interests": NaN,
        "Net Income Continuous Operations": NaN,
        "Tax Provision": NaN,
        "Pretax Income": NaN,
        "Gain On Sale Of Security": NaN,
        "Depreciation Amortization Depletion Income Statement": 103000.0,
        "Depreciation And Amortization In Income Statement": 103000.0,
        "Amortization": 103000.0,
        "Amortization Of Intangibles Income Statement": 103000.0,
        "Selling General And Administration": NaN,
        "General And Administrative Expense": NaN,
        "Insurance And Claims": NaN,
        "Salaries And Wages": NaN,
        "Total Revenue": NaN,
        "Operating Revenue": NaN
    },
    "2022-06-30": {
        "Tax Effect Of Unusual Items": 0.0,
        "Tax Rate For Calcs": 0.148,
        "Net Income From Continuing Operation Net Minority Interest": 119114000.0,
        "Reconciled Depreciation": 17855000.0,
        "Net Interest Income": 288208000.0,
        "Interest Expense": 18394000.0,
        "Interest Income": 306602000.0,
        "Normalized Income": 119114000.0,
        "Net Income From Continuing And Discontinued Operation": 119114000.0,
        "Diluted Average Shares": 64467229.0,
        "Basic Average Shares": 64112828.0,
        "Diluted EPS": 1.81,
        "Basic EPS": 1.82,
        "Diluted NI Availto Com Stockholders": 116409000.0,
        "Net Income Common Stockholders": 116409000.0,
        "Otherunder Preferred Stock Dividend": 1036000.0,
        "Preferred Stock Dividends": 1669000.0,
        "Net Income": 119114000.0,
        "Net Income Including Noncontrolling Interests": 119114000.0,
        "Net Income Continuous Operations": 119114000.0,
        "Tax Provision": 20674000.0,
        "Pretax Income": 139788000.0,
        "Gain On Sale Of Security": 0.0,
        "Depreciation Amortization Depletion Income Statement": 131000.0,
        "Depreciation And Amortization In Income Statement": 131000.0,
        "Amortization": 131000.0,
        "Amortization Of Intangibles Income Statement": 131000.0,
        "Selling General And Administration": 141338000.0,
        "General And Administrative Expense": 141338000.0,
        "Insurance And Claims": 3724000.0,
        "Salaries And Wages": 137614000.0,
        "Total Revenue": 386135000.0,
        "Operating Revenue": 386135000.0
    },
    "2022-03-31": {
        "Diluted EPS": 1.5,
        "Total Revenue": 358,
        "Gross Profit": 350,
        "Operating Income": 112,
        "EBIT": NaN,
        "Net Income": 97
    },
    "2021-12-31": {
        "Diluted EPS": 1.54,
        "Total Revenue": 356,
        "Gross Profit": 350,
        "Operating Income": 111,
        "EBIT": NaN,
        "Net Income": 99
    },
    "2021-09-30": {
        "Diluted EPS": 1.65,
        "Total Revenue": 345,
        "Gross Profit": 339,
        "Operating Income": 121,
        "EBIT": NaN,
        "Net Income": 106
    },
    "2021-06-30": {
        "Diluted EPS": 1.8,
        "Total Revenue": 354,
        "Gross Profit": 348,
        "Operating Income": 133,
        "EBIT": NaN,
        "Net Income": 116
    },
    "2021-03-31": {
        "Diluted EPS": 1.77,
        "Total Revenue": 340,
        "Gross Profit": 334,
        "Operating Income": 124,
        "EBIT": NaN,
        "Net Income": 114
    },
    "2020-12-31": {
        "Diluted EPS": 1.38,
        "Total Revenue": 340,
        "Gross Profit": 334,
        "Operating Income": 97,
        "EBIT": NaN,
        "Net Income": 90
    },
    "2020-09-30": {
        "Diluted EPS": 1.5,
        "Total Revenue": 335,
        "Gross Profit": 327,
        "Operating Income": 105,
        "EBIT": NaN,
        "Net Income": 95
    },
    "2020-06-30": {
        "Diluted EPS": 1.47,
        "Total Revenue": 333,
        "Gross Profit": 323,
        "Operating Income": 92,
        "EBIT": NaN,
        "Net Income": 92
    },
    "2020-03-31": {
        "Diluted EPS": 0.75,
        "Total Revenue": 479,
        "Gross Profit": 457,
        "Operating Income": 58,
        "EBIT": NaN,
        "Net Income": 47
    },
    "2019-12-31": {
        "Diluted EPS": 1.6,
        "Total Revenue": 373,
        "Gross Profit": 346,
        "Operating Income": 117,
        "EBIT": NaN,
        "Net Income": 102
    },
    "2019-09-30": {
        "Diluted EPS": 1.73,
        "Total Revenue": 375,
        "Gross Profit": 342,
        "Operating Income": 125,
        "EBIT": NaN,
        "Net Income": 110
    },
    "2019-06-30": {
        "Diluted EPS": 1.72,
        "Total Revenue": 371,
        "Gross Profit": 336,
        "Operating Income": 126,
        "EBIT": NaN,
        "Net Income": 110
    },
    "2019-03-31": {
        "Diluted EPS": 1.79,
        "Total Revenue": 378,
        "Gross Profit": 343,
        "Operating Income": 130,
        "EBIT": NaN,
        "Net Income": 114
    },
    "2018-12-31": {
        "Diluted EPS": 1.83,
        "Total Revenue": 368,
        "Gross Profit": 336,
        "Operating Income": 133,
        "EBIT": NaN,
        "Net Income": 119
    },
    "2018-09-30": {
        "Diluted EPS": 1.78,
        "Total Revenue": 356,
        "Gross Profit": 329,
        "Operating Income": 133,
        "EBIT": NaN,
        "Net Income": 115
    },
    "2018-06-30": {
        "Diluted EPS": 1.68,
        "Total Revenue": 343,
        "Gross Profit": 322,
        "Operating Income": 125,
        "EBIT": NaN,
        "Net Income": 109
    },
    "2018-03-31": {
        "Diluted EPS": 1.61,
        "Total Revenue": 335,
        "Gross Profit": 321,
        "Operating Income": 118,
        "EBIT": NaN,
        "Net Income": 104
    },
    "2017-12-31": {
        "Diluted EPS": 1.53,
        "Total Revenue": 324,
        "Gross Profit": 314,
        "Operating Income": 110,
        "EBIT": NaN,
        "Net Income": 97
    },
    "2017-09-30": {
        "Diluted EPS": 1.41,
        "Total Revenue": 309,
        "Gross Profit": 301,
        "Operating Income": 103,
        "EBIT": NaN,
        "Net Income": 91
    },
    "2017-06-30": {
        "Diluted EPS": 1.29,
        "Total Revenue": 300,
        "Gross Profit": 296,
        "Operating Income": 99,
        "EBIT": NaN,
        "Net Income": 83
    },
    "2017-03-31": {
        "Diluted EPS": 1.28,
        "Total Revenue": 295,
        "Gross Profit": 292,
        "Operating Income": 96,
        "EBIT": NaN,
        "Net Income": 83
    },
    "2016-12-31": {
        "Diluted EPS": 1.28,
        "Total Revenue": 298,
        "Gross Profit": 295,
        "Operating Income": 92,
        "EBIT": NaN,
        "Net Income": 81
    },
    "2016-09-30": {
        "Diluted EPS": 1.24,
        "Total Revenue": 280,
        "Gross Profit": 277,
        "Operating Income": 91,
        "EBIT": NaN,
        "Net Income": 78
    },
    "2016-06-30": {
        "Diluted EPS": 1.11,
        "Total Revenue": 271,
        "Gross Profit": 269,
        "Operating Income": 80,
        "EBIT": NaN,
        "Net Income": 69
    },
    "2016-03-31": {
        "Diluted EPS": 1.07,
        "Total Revenue": 289,
        "Gross Profit": 286,
        "Operating Income": 78,
        "EBIT": NaN,
        "Net Income": 67
    },
    "2015-12-31": {
        "Diluted EPS": 0.9,
        "Total Revenue": 272,
        "Gross Profit": 269,
        "Operating Income": 62,
        "EBIT": NaN,
        "Net Income": 55
    },
    "2015-09-30": {
        "Diluted EPS": 1.17,
        "Total Revenue": 273,
        "Gross Profit": 270,
        "Operating Income": 88,
        "EBIT": NaN,
        "Net Income": 74
    },
    "2015-06-30": {
        "Diluted EPS": 1.11,
        "Total Revenue": 265,
        "Gross Profit": 262,
        "Operating Income": 86,
        "EBIT": NaN,
        "Net Income": 71
    },
    "2015-03-31": {
        "Diluted EPS": 1.1,
        "Total Revenue": 268,
        "Gross Profit": 264,
        "Operating Income": 84,
        "EBIT": NaN,
        "Net Income": 70
    },
    "2014-12-31": {
        "Diluted EPS": 1.12,
        "Total Revenue": 265,
        "Gross Profit": 262,
        "Operating Income": 88,
        "EBIT": NaN,
        "Net Income": 70
    },
    "2014-09-30": {
        "Diluted EPS": 1.18,
        "Total Revenue": 262,
        "Gross Profit": 259,
        "Operating Income": 94,
        "EBIT": NaN,
        "Net Income": 75
    },
    "2014-06-30": {
        "Diluted EPS": 1.03,
        "Total Revenue": 253,
        "Gross Profit": 249,
        "Operating Income": 80,
        "EBIT": NaN,
        "Net Income": 65
    },
    "2014-03-31": {
        "Diluted EPS": 0.96,
        "Total Revenue": 241,
        "Gross Profit": 238,
        "Operating Income": 73,
        "EBIT": NaN,
        "Net Income": 59
    },
    "2013-12-31": {
        "Diluted EPS": 0.99,
        "Total Revenue": 242,
        "Gross Profit": 238,
        "Operating Income": 77,
        "EBIT": NaN,
        "Net Income": 61
    },
    "2013-09-30": {
        "Diluted EPS": 0.96,
        "Total Revenue": 235,
        "Gross Profit": 229,
        "Operating Income": 72,
        "EBIT": NaN,
        "Net Income": 58
    },
    "2013-06-30": {
        "Diluted EPS": 0.94,
        "Total Revenue": 232,
        "Gross Profit": 226,
        "Operating Income": 72,
        "EBIT": NaN,
        "Net Income": 57
    },
    "2013-03-31": {
        "Diluted EPS": 0.91,
        "Total Revenue": 237,
        "Gross Profit": 231,
        "Operating Income": 69,
        "EBIT": NaN,
        "Net Income": 55
    },
    "2012-12-31": {
        "Diluted EPS": 0.98,
        "Total Revenue": 237,
        "Gross Profit": 230,
        "Operating Income": 80,
        "EBIT": NaN,
        "Net Income": 61
    },
    "2012-09-30": {
        "Diluted EPS": 0.95,
        "Total Revenue": 229,
        "Gross Profit": 223,
        "Operating Income": 76,
        "EBIT": NaN,
        "Net Income": 58
    },
    "2012-06-30": {
        "Diluted EPS": 0.94,
        "Total Revenue": 226,
        "Gross Profit": 219,
        "Operating Income": 74,
        "EBIT": NaN,
        "Net Income": 58
    },
    "2012-03-31": {
        "Diluted EPS": 0.99,
        "Total Revenue": 229,
        "Gross Profit": 222,
        "Operating Income": 79,
        "EBIT": NaN,
        "Net Income": 61
    },
    "2011-12-31": {
        "Diluted EPS": 0.89,
        "Total Revenue": 226,
        "Gross Profit": 218,
        "Operating Income": 74,
        "EBIT": NaN,
        "Net Income": 55
    },
    "2011-09-30": {
        "Diluted EPS": 0.89,
        "Total Revenue": 234,
        "Gross Profit": 225,
        "Operating Income": 78,
        "EBIT": NaN,
        "Net Income": 55
    },
    "2011-06-30": {
        "Diluted EPS": 0.91,
        "Total Revenue": 227,
        "Gross Profit": 215,
        "Operating Income": 69,
        "EBIT": NaN,
        "Net Income": 56
    },
    "2011-03-31": {
        "Diluted EPS": 0.85,
        "Total Revenue": 226,
        "Gross Profit": 214,
        "Operating Income": 65,
        "EBIT": NaN,
        "Net Income": 52
    },
    "2010-12-31": {
        "Diluted EPS": 0.88,
        "Total Revenue": 224,
        "Gross Profit": 212,
        "Operating Income": 67,
        "EBIT": NaN,
        "Net Income": 53
    },
    "2010-09-30": {
        "Diluted EPS": 0.9,
        "Total Revenue": 226,
        "Gross Profit": 213,
        "Operating Income": 70,
        "EBIT": NaN,
        "Net Income": 55
    },
    "2010-06-30": {
        "Diluted EPS": 0.87,
        "Total Revenue": 225,
        "Gross Profit": 212,
        "Operating Income": 69,
        "EBIT": NaN,
        "Net Income": 53
    },
    "2010-03-31": {
        "Diluted EPS": 0.79,
        "Total Revenue": 224,
        "Gross Profit": 209,
        "Operating Income": 61,
        "EBIT": NaN,
        "Net Income": 48
    },
    "2009-12-31": {
        "Diluted EPS": 0.86,
        "Total Revenue": 243,
        "Gross Profit": 225,
        "Operating Income": 68,
        "EBIT": NaN,
        "Net Income": 51
    },
    "2009-09-30": {
        "Diluted EPS": 0.75,
        "Total Revenue": 225,
        "Gross Profit": 203,
        "Operating Income": 54,
        "EBIT": NaN,
        "Net Income": 45
    },
    "2009-06-30": {
        "Diluted EPS": 0.63,
        "Total Revenue": 225,
        "Gross Profit": 202,
        "Operating Income": 50,
        "EBIT": NaN,
        "Net Income": 38
    },
    "2009-03-31": {
        "Diluted EPS": 0.76,
        "Total Revenue": 224,
        "Gross Profit": 199,
        "Operating Income": 60,
        "EBIT": NaN,
        "Net Income": 45
    },
    "2023-09-30": {
        "Tax Effect Of Unusual Items": NaN,
        "Tax Rate For Calcs": NaN,
        "Net Income From Continuing Operation Net Minority Interest": NaN,
        "Reconciled Depreciation": NaN,
        "Net Interest Income": NaN,
        "Interest Expense": NaN,
        "Interest Income": NaN,
        "Normalized Income": NaN,
        "Net Income From Continuing And Discontinued Operation": NaN,
        "Diluted Average Shares": 64239000.0,
        "Basic Average Shares": 64067000.0,
        "Diluted EPS": 2.38,
        "Basic EPS": 2.38,
        "Diluted NI Availto Com Stockholders": NaN,
        "Net Income Common Stockholders": NaN,
        "Otherunder Preferred Stock Dividend": NaN,
        "Preferred Stock Dividends": NaN,
        "Net Income": NaN,
        "Net Income Including Noncontrolling Interests": NaN,
        "Net Income Continuous Operations": NaN,
        "Tax Provision": NaN,
        "Pretax Income": NaN,
        "Gain On Sale Of Security": NaN,
        "Depreciation Amortization Depletion Income Statement": NaN,
        "Depreciation And Amortization In Income Statement": NaN,
        "Amortization": NaN,
        "Amortization Of Intangibles Income Statement": NaN,
        "Selling General And Administration": NaN,
        "General And Administrative Expense": NaN,
        "Insurance And Claims": NaN,
        "Salaries And Wages": NaN,
        "Total Revenue": NaN,
        "Operating Revenue": NaN,
        "Occupancy And Equipment": NaN,
        "Other Non Interest Expense": NaN
    },
    "2023-12-31": {
        "Tax Effect Of Unusual Items": 0.0,
        "Tax Rate For Calcs": 0.150365,
        "Net Income From Continuing Operation Net Minority Interest": 102551000.0,
        "Reconciled Depreciation": 20185000.0,
        "Net Interest Income": 388152000.0,
        "Interest Expense": 190929000.0,
        "Interest Income": 579081000.0,
        "Normalized Income": 102551000.0,
        "Net Income From Continuing And Discontinued Operation": 102551000.0,
        "Diluted Average Shares": 64315000.0,
        "Basic Average Shares": 64139000.0,
        "Diluted EPS": 1.55,
        "Basic EPS": 1.55,
        "Diluted NI Availto Com Stockholders": 99615000.0,
        "Net Income Common Stockholders": 99615000.0,
        "Otherunder Preferred Stock Dividend": 1267000.0,
        "Preferred Stock Dividends": 1669000.0,
        "Net Income": 102551000.0,
        "Net Income Including Noncontrolling Interests": 102551000.0,
        "Net Income Continuous Operations": 102551000.0,
        "Tax Provision": 18149000.0,
        "Pretax Income": 120700000.0,
        "Gain On Sale Of Security": 0.0,
        "Depreciation Amortization Depletion Income Statement": NaN,
        "Depreciation And Amortization In Income Statement": NaN,
        "Amortization": NaN,
        "Amortization Of Intangibles Income Statement": NaN,
        "Selling General And Administration": 281398000.0,
        "General And Administrative Expense": 232790000.0,
        "Insurance And Claims": 58109000.0,
        "Salaries And Wages": 174681000.0,
        "Total Revenue": 501903000.0,
        "Operating Revenue": 501903000.0,
        "Occupancy And Equipment": 65236000.0,
        "Other Non Interest Expense": -35344000.0
    },
    "2024-03-31": {
        "Tax Effect Of Unusual Items": 0.0,
        "Tax Rate For Calcs": 0.16,
        "Net Income From Continuing Operation Net Minority Interest": 135690000.0,
        "Reconciled Depreciation": 20236000.0,
        "Net Interest Income": 390051000.0,
        "Interest Expense": 195449000.0,
        "Interest Income": 585500000.0,
        "Normalized Income": 135690000.0,
        "Net Income From Continuing And Discontinued Operation": 135690000.0,
        "Diluted Average Shares": 64371731.0,
        "Basic Average Shares": 64216323.0,
        "Diluted EPS": 2.06,
        "Basic EPS": 2.06,
        "Diluted NI Availto Com Stockholders": 132382000.0,
        "Net Income Common Stockholders": 132382000.0,
        "Otherunder Preferred Stock Dividend": 1639000.0,
        "Preferred Stock Dividends": 1669000.0,
        "Net Income": 135690000.0,
        "Net Income Including Noncontrolling Interests": 135690000.0,
        "Net Income Continuous Operations": 135690000.0,
        "Tax Provision": 25871000.0,
        "Pretax Income": 161561000.0,
        "Gain On Sale Of Security": 0.0,
        "Depreciation Amortization Depletion Income Statement": NaN,
        "Depreciation And Amortization In Income Statement": NaN,
        "Amortization": NaN,
        "Amortization Of Intangibles Income Statement": NaN,
        "Selling General And Administration": 198694000.0,
        "General And Administrative Expense": 198694000.0,
        "Insurance And Claims": 14724000.0,
        "Salaries And Wages": 183970000.0,
        "Total Revenue": 501428000.0,
        "Operating Revenue": 501428000.0,
        "Occupancy And Equipment": 66773000.0,
        "Other Non Interest Expense": 60750000.0
    },
    "2024-06-30": {
        "Tax Effect Of Unusual Items": 0.0,
        "Tax Rate For Calcs": 0.169,
        "Net Income From Continuing Operation Net Minority Interest": 145499000.0,
        "Reconciled Depreciation": 20459000.0,
        "Net Interest Income": 396712000.0,
        "Interest Expense": 199573000.0,
        "Interest Income": 596285000.0,
        "Normalized Income": 145499000.0,
        "Net Income From Continuing And Discontinued Operation": 145499000.0,
        "Diluted Average Shares": 64333187.0,
        "Basic Average Shares": 64192907.0,
        "Diluted EPS": 2.21,
        "Basic EPS": 2.21,
        "Diluted NI Availto Com Stockholders": 142137000.0,
        "Net Income Common Stockholders": 142137000.0,
        "Otherunder Preferred Stock Dividend": 1693000.0,
        "Preferred Stock Dividends": 1669000.0,
        "Net Income": 145499000.0,
        "Net Income Including Noncontrolling Interests": 145499000.0,
        "Net Income Continuous Operations": 145499000.0,
        "Tax Provision": 29652000.0,
        "Pretax Income": 175151000.0,
        "Gain On Sale Of Security": 0.0,
        "Depreciation Amortization Depletion Income Statement": NaN,
        "Depreciation And Amortization In Income Statement": NaN,
        "Amortization": NaN,
        "Amortization Of Intangibles Income Statement": NaN,
        "Selling General And Administration": 188422000.0,
        "General And Administrative Expense": 188422000.0,
        "Insurance And Claims": 8383000.0,
        "Salaries And Wages": 180039000.0,
        "Total Revenue": 507902000.0,
        "Operating Revenue": 507902000.0,
        "Occupancy And Equipment": 68325000.0,
        "Other Non Interest Expense": 60217000.0
    },
    "2024-09-30": {
        "Tax Effect Of Unusual Items": 0.0,
        "Tax Rate For Calcs": 0.164,
        "Net Income From Continuing Operation Net Minority Interest": 146501000.0,
        "Reconciled Depreciation": 20718000.0,
        "Net Interest Income": 404331000.0,
        "Interest Expense": 203828000.0,
        "Interest Income": 608159000.0,
        "Normalized Income": 146501000.0,
        "Net Income From Continuing And Discontinued Operation": 146501000.0,
        "Diluted Average Shares": 64085007.0,
        "Basic Average Shares": 63957786.0,
        "Diluted EPS": 2.24,
        "Basic EPS": 2.24,
        "Diluted NI Availto Com Stockholders": 143252000.0,
        "Net Income Common Stockholders": 143252000.0,
        "Otherunder Preferred Stock Dividend": 1581000.0,
        "Preferred Stock Dividends": 1668000.0,
        "Net Income": 146501000.0,
        "Net Income Including Noncontrolling Interests": 146501000.0,
        "Net Income Continuous Operations": 146501000.0,
        "Tax Provision": 28741000.0,
        "Pretax Income": 175242000.0,
        "Gain On Sale Of Security": 16000.0,
        "Depreciation Amortization Depletion Income Statement": NaN,
        "Depreciation And Amortization In Income Statement": NaN,
        "Amortization": NaN,
        "Amortization Of Intangibles Income Statement": NaN,
        "Selling General And Administration": 192935000.0,
        "General And Administrative Expense": 192935000.0,
        "Insurance And Claims": 7238000.0,
        "Salaries And Wages": 185697000.0,
        "Total Revenue": 518038000.0,
        "Operating Revenue": 518038000.0,
        "Occupancy And Equipment": 70263000.0,
        "Other Non Interest Expense": 60212000.0
    },
    "2024-12-31": {
        "Tax Effect Of Unusual Items": 0.0,
        "Tax Rate For Calcs": 0.158472,
        "Net Income From Continuing Operation Net Minority Interest": 154852000.0,
        "Reconciled Depreciation": 21404000.0,
        "Net Interest Income": 413518000.0,
        "Interest Expense": 187175000.0,
        "Interest Income": 600693000.0,
        "Normalized Income": 154852000.0,
        "Net Income From Continuing And Discontinued Operation": 154852000.0,
        "Diluted Average Shares": NaN,
        "Basic Average Shares": NaN,
        "Diluted EPS": NaN,
        "Basic EPS": NaN,
        "Diluted NI Availto Com Stockholders": 151802000.0,
        "Net Income Common Stockholders": 151802000.0,
        "Otherunder Preferred Stock Dividend": 1381000.0,
        "Preferred Stock Dividends": 1669000.0,
        "Net Income": 154852000.0,
        "Net Income Including Noncontrolling Interests": 154852000.0,
        "Net Income Continuous Operations": 154852000.0,
        "Tax Provision": 29161000.0,
        "Pretax Income": 184013000.0,
        "Gain On Sale Of Security": -112000.0,
        "Depreciation Amortization Depletion Income Statement": NaN,
        "Depreciation And Amortization In Income Statement": NaN,
        "Amortization": NaN,
        "Amortization Of Intangibles Income Statement": NaN,
        "Selling General And Administration": 252461000.0,
        "General And Administrative Expense": 201058000.0,
        "Insurance And Claims": 6924000.0,
        "Salaries And Wages": 194134000.0,
        "Total Revenue": 536342000.0,
        "Operating Revenue": 536342000.0,
        "Occupancy And Equipment": 71877000.0,
        "Other Non Interest Expense": -44556000.0
    }
}