{
    "2023-06-30": {
        "Tax Effect Of Unusual Items": 0.0,
        "Tax Rate For Calcs": 0.153226,
        "Total Unusual Items": 0.0,
        "Total Unusual Items Excluding Goodwill": 0.0,
        "Net Income From Continuing Operation Net Minority Interest": 105000.0,
        "Reconciled Depreciation": 59000.0,
        "Net Interest Income": 1893000.0,
        "Interest Expense": 808000.0,
        "Interest Income": 2701000.0,
        "Normalized Income": 105000.0,
        "Net Income From Continuing And Discontinued Operation": 105000.0,
        "Diluted Average Shares": 6279790.0,
        "Basic Average Shares": 6279656.0,
        "Diluted EPS": 0.02,
        "Basic EPS": 0.02,
        "Diluted NI Availto Com Stockholders": 105000.0,
        "Net Income Common Stockholders": 105000.0,
        "Net Income": 105000.0,
        "Net Income Including Noncontrolling Interests": 105000.0,
        "Net Income Continuous Operations": 105000.0,
        "Tax Provision": 19000.0,
        "Pretax Income": 124000.0,
        "Special Income Charges": 0.0,
        "Gain On Sale Of Security": 0.0,
        "Selling General And Administration": 1577000.0,
        "Selling And Marketing Expense": 37000.0,
        "General And Administrative Expense": 1540000.0,
        "Other Gand A": 351000.0,
        "Insurance And Claims": 43000.0,
        "Salaries And Wages": 1146000.0,
        "Total Revenue": 2057000.0,
        "Operating Revenue": 2057000.0,
        "Occupancy And Equipment": 274000.0,
        "Other Non Interest Expense": 82000.0
    },
    "2023-03-31": {
        "Tax Effect Of Unusual Items": 0.0,
        "Tax Rate For Calcs": 0.116915,
        "Total Unusual Items": 0.0,
        "Total Unusual Items Excluding Goodwill": 0.0,
        "Net Income From Continuing Operation Net Minority Interest": 355000.0,
        "Reconciled Depreciation": 54000.0,
        "Net Interest Income": 2155000.0,
        "Interest Expense": 536000.0,
        "Interest Income": 2691000.0,
        "Normalized Income": 355000.0,
        "Net Income From Continuing And Discontinued Operation": 355000.0,
        "Diluted Average Shares": 6300721.0,
        "Basic Average Shares": 6300633.0,
        "Diluted EPS": 0.06,
        "Basic EPS": 0.06,
        "Diluted NI Availto Com Stockholders": 355000.0,
        "Net Income Common Stockholders": 355000.0,
        "Net Income": 355000.0,
        "Net Income Including Noncontrolling Interests": 355000.0,
        "Net Income Continuous Operations": 355000.0,
        "Tax Provision": 47000.0,
        "Pretax Income": 402000.0,
        "Special Income Charges": 0.0,
        "Gain On Sale Of Security": 0.0,
        "Selling General And Administration": 1561000.0,
        "Selling And Marketing Expense": 38000.0,
        "General And Administrative Expense": 1523000.0,
        "Other Gand A": 400000.0,
        "Insurance And Claims": 20000.0,
        "Salaries And Wages": 1103000.0,
        "Total Revenue": 2303000.0,
        "Operating Revenue": 2303000.0,
        "Occupancy And Equipment": 256000.0,
        "Other Non Interest Expense": 84000.0
    },
    "2022-12-31": {
        "Tax Effect Of Unusual Items": NaN,
        "Tax Rate For Calcs": NaN,
        "Total Unusual Items": NaN,
        "Total Unusual Items Excluding Goodwill": NaN,
        "Net Income From Continuing Operation Net Minority Interest": NaN,
        "Reconciled Depreciation": NaN,
        "Net Interest Income": NaN,
        "Interest Expense": NaN,
        "Interest Income": NaN,
        "Normalized Income": NaN,
        "Net Income From Continuing And Discontinued Operation": NaN,
        "Diluted Average Shares": NaN,
        "Basic Average Shares": NaN,
        "Diluted EPS": NaN,
        "Basic EPS": NaN,
        "Diluted NI Availto Com Stockholders": NaN,
        "Net Income Common Stockholders": NaN,
        "Net Income": NaN,
        "Net Income Including Noncontrolling Interests": NaN,
        "Net Income Continuous Operations": NaN,
        "Tax Provision": NaN,
        "Pretax Income": NaN,
        "Special Income Charges": NaN,
        "Gain On Sale Of Security": 0.0,
        "Selling General And Administration": NaN,
        "Selling And Marketing Expense": NaN,
        "General And Administrative Expense": NaN,
        "Other Gand A": NaN,
        "Insurance And Claims": NaN,
        "Salaries And Wages": NaN,
        "Total Revenue": NaN,
        "Operating Revenue": NaN,
        "Occupancy And Equipment": NaN,
        "Other Non Interest Expense": NaN
    },
    "2022-09-30": {
        "Tax Effect Of Unusual Items": NaN,
        "Tax Rate For Calcs": NaN,
        "Total Unusual Items": NaN,
        "Total Unusual Items Excluding Goodwill": NaN,
        "Net Income From Continuing Operation Net Minority Interest": NaN,
        "Reconciled Depreciation": NaN,
        "Net Interest Income": NaN,
        "Interest Expense": NaN,
        "Interest Income": NaN,
        "Normalized Income": NaN,
        "Net Income From Continuing And Discontinued Operation": NaN,
        "Diluted Average Shares": NaN,
        "Basic Average Shares": NaN,
        "Diluted EPS": NaN,
        "Basic EPS": NaN,
        "Diluted NI Availto Com Stockholders": NaN,
        "Net Income Common Stockholders": NaN,
        "Net Income": NaN,
        "Net Income Including Noncontrolling Interests": NaN,
        "Net Income Continuous Operations": NaN,
        "Tax Provision": NaN,
        "Pretax Income": NaN,
        "Special Income Charges": NaN,
        "Gain On Sale Of Security": 0.0,
        "Selling General And Administration": NaN,
        "Selling And Marketing Expense": NaN,
        "General And Administrative Expense": NaN,
        "Other Gand A": NaN,
        "Insurance And Claims": NaN,
        "Salaries And Wages": NaN,
        "Total Revenue": NaN,
        "Operating Revenue": NaN
    },
    "2022-06-30": {
        "Tax Effect Of Unusual Items": 0.0,
        "Tax Rate For Calcs": 0.020833,
        "Total Unusual Items": 0.0,
        "Total Unusual Items Excluding Goodwill": 0.0,
        "Net Income From Continuing Operation Net Minority Interest": 564000.0,
        "Reconciled Depreciation": -372000.0,
        "Net Interest Income": 2159000.0,
        "Interest Expense": 239000.0,
        "Interest Income": 2398000.0,
        "Normalized Income": 564000.0,
        "Net Income From Continuing And Discontinued Operation": 564000.0,
        "Diluted Average Shares": 6521642.0,
        "Basic Average Shares": 6521642.0,
        "Diluted EPS": 0.086481,
        "Basic EPS": 0.086481,
        "Diluted NI Availto Com Stockholders": 564000.0,
        "Net Income Common Stockholders": 564000.0,
        "Net Income": 564000.0,
        "Net Income Including Noncontrolling Interests": 564000.0,
        "Net Income Continuous Operations": 564000.0,
        "Tax Provision": 12000.0,
        "Pretax Income": 576000.0,
        "Special Income Charges": 0.0,
        "Other Special Charges": 0.0,
        "Gain On Sale Of Security": 8000.0,
        "Selling General And Administration": 1481000.0,
        "Selling And Marketing Expense": 29000.0,
        "General And Administrative Expense": 1452000.0,
        "Other Gand A": 434000.0,
        "Insurance And Claims": 23000.0,
        "Salaries And Wages": 995000.0,
        "Total Revenue": 2284000.0,
        "Operating Revenue": 2284000.0
    },
    "2022-03-31": {
        "Diluted EPS": -0.15,
        "Total Revenue": 2,
        "Gross Profit": 2,
        "Operating Income": -1,
        "EBIT": NaN,
        "Net Income": -1
    },
    "2021-12-31": {
        "Diluted EPS": 0.0,
        "Total Revenue": 2,
        "Gross Profit": 2,
        "Operating Income": 0,
        "EBIT": NaN,
        "Net Income": 0
    },
    "2021-09-30": {
        "Diluted EPS": 0.0,
        "Total Revenue": 3,
        "Gross Profit": 2,
        "Operating Income": 1,
        "EBIT": NaN,
        "Net Income": 0
    },
    "2021-06-30": {
        "Diluted EPS": 0.0,
        "Total Revenue": 2,
        "Gross Profit": 2,
        "Operating Income": 2,
        "EBIT": NaN,
        "Net Income": 2
    },
    "2021-03-31": {
        "Diluted EPS": 0.0,
        "Total Revenue": 2,
        "Gross Profit": 2,
        "Operating Income": 0,
        "EBIT": NaN,
        "Net Income": 0
    },
    "2020-12-31": {
        "Diluted EPS": 0.0,
        "Total Revenue": 3,
        "Gross Profit": 2,
        "Operating Income": 0,
        "EBIT": NaN,
        "Net Income": 0
    },
    "2020-09-30": {
        "Diluted EPS": 0.0,
        "Total Revenue": 3,
        "Gross Profit": 2,
        "Operating Income": 0,
        "EBIT": NaN,
        "Net Income": 0
    },
    "2020-06-30": {
        "Diluted EPS": 0.0,
        "Total Revenue": NaN,
        "Gross Profit": NaN,
        "Operating Income": NaN,
        "EBIT": NaN,
        "Net Income": NaN
    },
    "2023-09-30": {
        "Tax Effect Of Unusual Items": 0.0,
        "Tax Rate For Calcs": 0.21,
        "Total Unusual Items": NaN,
        "Total Unusual Items Excluding Goodwill": NaN,
        "Net Income From Continuing Operation Net Minority Interest": 123000.0,
        "Reconciled Depreciation": 59000.0,
        "Net Interest Income": 1806000.0,
        "Interest Expense": 926000.0,
        "Interest Income": 2732000.0,
        "Normalized Income": 123000.0,
        "Net Income From Continuing And Discontinued Operation": 123000.0,
        "Diluted Average Shares": 6282203.0,
        "Basic Average Shares": 6282203.0,
        "Diluted EPS": 0.02,
        "Basic EPS": 0.02,
        "Diluted NI Availto Com Stockholders": 123000.0,
        "Net Income Common Stockholders": 123000.0,
        "Net Income": 123000.0,
        "Net Income Including Noncontrolling Interests": 123000.0,
        "Net Income Continuous Operations": 123000.0,
        "Tax Provision": 93000.0,
        "Pretax Income": 216000.0,
        "Special Income Charges": NaN,
        "Gain On Sale Of Security": NaN,
        "Selling General And Administration": 1573000.0,
        "Selling And Marketing Expense": 38000.0,
        "General And Administrative Expense": 1535000.0,
        "Other Gand A": 358000.0,
        "Insurance And Claims": 33000.0,
        "Salaries And Wages": 1144000.0,
        "Total Revenue": 1966000.0,
        "Operating Revenue": 1966000.0,
        "Occupancy And Equipment": 254000.0,
        "Other Non Interest Expense": 89000.0
    },
    "2023-12-31": {
        "Tax Effect Of Unusual Items": 0.0,
        "Tax Rate For Calcs": 0.21,
        "Total Unusual Items": NaN,
        "Total Unusual Items Excluding Goodwill": NaN,
        "Net Income From Continuing Operation Net Minority Interest": -210000.0,
        "Reconciled Depreciation": 58000.0,
        "Net Interest Income": 1639000.0,
        "Interest Expense": 1165000.0,
        "Interest Income": 2804000.0,
        "Normalized Income": -210000.0,
        "Net Income From Continuing And Discontinued Operation": -210000.0,
        "Diluted Average Shares": 6284768.0,
        "Basic Average Shares": 6284768.0,
        "Diluted EPS": -0.03,
        "Basic EPS": -0.03,
        "Diluted NI Availto Com Stockholders": -210000.0,
        "Net Income Common Stockholders": -210000.0,
        "Net Income": -210000.0,
        "Net Income Including Noncontrolling Interests": -210000.0,
        "Net Income Continuous Operations": -210000.0,
        "Tax Provision": 16000.0,
        "Pretax Income": -194000.0,
        "Special Income Charges": NaN,
        "Gain On Sale Of Security": NaN,
        "Selling General And Administration": 1768000.0,
        "Selling And Marketing Expense": 36000.0,
        "General And Administrative Expense": 1732000.0,
        "Other Gand A": 432000.0,
        "Insurance And Claims": 33000.0,
        "Salaries And Wages": 1267000.0,
        "Total Revenue": 1811000.0,
        "Operating Revenue": 1811000.0,
        "Occupancy And Equipment": 240000.0,
        "Other Non Interest Expense": 101000.0
    },
    "2024-03-31": {
        "Tax Effect Of Unusual Items": 0.0,
        "Tax Rate For Calcs": 0.4,
        "Total Unusual Items": NaN,
        "Total Unusual Items Excluding Goodwill": NaN,
        "Net Income From Continuing Operation Net Minority Interest": -40000.0,
        "Reconciled Depreciation": 59000.0,
        "Net Interest Income": 1639000.0,
        "Interest Expense": 1368000.0,
        "Interest Income": 3007000.0,
        "Normalized Income": -40000.0,
        "Net Income From Continuing And Discontinued Operation": -40000.0,
        "Diluted Average Shares": 6292060.0,
        "Basic Average Shares": 6292060.0,
        "Diluted EPS": -0.01,
        "Basic EPS": -0.01,
        "Diluted NI Availto Com Stockholders": -40000.0,
        "Net Income Common Stockholders": -40000.0,
        "Net Income": -40000.0,
        "Net Income Including Noncontrolling Interests": -40000.0,
        "Net Income Continuous Operations": -40000.0,
        "Tax Provision": -42000.0,
        "Pretax Income": -82000.0,
        "Special Income Charges": NaN,
        "Gain On Sale Of Security": NaN,
        "Selling General And Administration": 1555000.0,
        "Selling And Marketing Expense": 32000.0,
        "General And Administrative Expense": 1523000.0,
        "Other Gand A": 373000.0,
        "Insurance And Claims": 33000.0,
        "Salaries And Wages": 1117000.0,
        "Total Revenue": 1806000.0,
        "Operating Revenue": 1806000.0,
        "Occupancy And Equipment": 256000.0,
        "Other Non Interest Expense": 97000.0
    }
}