{
    "2023-03-31": {
        "Tax Effect Of Unusual Items": NaN,
        "Tax Rate For Calcs": NaN,
        "Normalized EBITDA": NaN,
        "Total Unusual Items": NaN,
        "Total Unusual Items Excluding Goodwill": NaN,
        "Net Income From Continuing Operation Net Minority Interest": NaN,
        "Reconciled Depreciation": NaN,
        "Reconciled Cost Of Revenue": NaN,
        "EBITDA": NaN,
        "EBIT": NaN,
        "Net Interest Income": NaN,
        "Interest Expense": NaN,
        "Interest Income": NaN,
        "Normalized Income": NaN,
        "Net Income From Continuing And Discontinued Operation": NaN,
        "Total Expenses": NaN,
        "Total Operating Income As Reported": NaN,
        "Diluted Average Shares": 13380914.0,
        "Basic Average Shares": 13380914.0,
        "Diluted EPS": 0.02,
        "Basic EPS": 0.02,
        "Diluted NI Availto Com Stockholders": NaN,
        "Net Income Common Stockholders": NaN,
        "Net Income": NaN,
        "Net Income Including Noncontrolling Interests": NaN,
        "Net Income Discontinuous Operations": 0.0,
        "Net Income Continuous Operations": NaN,
        "Tax Provision": NaN,
        "Pretax Income": NaN,
        "Other Income Expense": NaN,
        "Other Non Operating Income Expenses": NaN,
        "Gain On Sale Of Security": NaN,
        "Net Non Operating Interest Income Expense": NaN,
        "Interest Expense Non Operating": NaN,
        "Interest Income Non Operating": NaN,
        "Operating Income": NaN,
        "Operating Expense": NaN,
        "Selling General And Administration": NaN,
        "Selling And Marketing Expense": NaN,
        "General And Administrative Expense": NaN,
        "Other Gand A": NaN,
        "Gross Profit": NaN,
        "Cost Of Revenue": NaN,
        "Total Revenue": NaN,
        "Operating Revenue": NaN
    },
    "2022-12-31": {
        "Tax Effect Of Unusual Items": NaN,
        "Tax Rate For Calcs": NaN,
        "Normalized EBITDA": NaN,
        "Net Income From Continuing Operation Net Minority Interest": NaN,
        "Reconciled Depreciation": NaN,
        "Reconciled Cost Of Revenue": NaN,
        "EBITDA": NaN,
        "EBIT": NaN,
        "Net Interest Income": NaN,
        "Interest Expense": NaN,
        "Interest Income": NaN,
        "Normalized Income": NaN,
        "Net Income From Continuing And Discontinued Operation": NaN,
        "Total Expenses": NaN,
        "Total Operating Income As Reported": NaN,
        "Diluted Average Shares": 13306467.0,
        "Basic Average Shares": 13306467.0,
        "Diluted EPS": -0.27,
        "Basic EPS": -0.27,
        "Diluted NI Availto Com Stockholders": NaN,
        "Net Income Common Stockholders": NaN,
        "Net Income": NaN,
        "Net Income Including Noncontrolling Interests": NaN,
        "Net Income Discontinuous Operations": 0.0,
        "Net Income Continuous Operations": NaN,
        "Tax Provision": NaN,
        "Pretax Income": NaN,
        "Other Income Expense": NaN,
        "Other Non Operating Income Expenses": NaN,
        "Net Non Operating Interest Income Expense": NaN,
        "Interest Expense Non Operating": NaN,
        "Interest Income Non Operating": NaN,
        "Operating Income": NaN,
        "Operating Expense": NaN,
        "Selling General And Administration": NaN,
        "Selling And Marketing Expense": NaN,
        "General And Administrative Expense": NaN,
        "Other Gand A": NaN,
        "Gross Profit": NaN,
        "Cost Of Revenue": NaN,
        "Total Revenue": NaN,
        "Operating Revenue": NaN
    },
    "2022-09-30": {
        "Tax Effect Of Unusual Items": NaN,
        "Tax Rate For Calcs": NaN,
        "Normalized EBITDA": NaN,
        "Net Income From Continuing Operation Net Minority Interest": NaN,
        "Reconciled Depreciation": NaN,
        "Reconciled Cost Of Revenue": NaN,
        "EBITDA": NaN,
        "EBIT": NaN,
        "Net Interest Income": NaN,
        "Interest Expense": NaN,
        "Interest Income": NaN,
        "Normalized Income": NaN,
        "Net Income From Continuing And Discontinued Operation": NaN,
        "Total Expenses": NaN,
        "Total Operating Income As Reported": NaN,
        "Diluted Average Shares": NaN,
        "Basic Average Shares": NaN,
        "Diluted EPS": NaN,
        "Basic EPS": NaN,
        "Diluted NI Availto Com Stockholders": NaN,
        "Net Income Common Stockholders": NaN,
        "Net Income": NaN,
        "Net Income Including Noncontrolling Interests": NaN,
        "Net Income Discontinuous Operations": 0.0,
        "Net Income Continuous Operations": NaN,
        "Tax Provision": NaN,
        "Pretax Income": NaN,
        "Other Income Expense": NaN,
        "Other Non Operating Income Expenses": NaN,
        "Net Non Operating Interest Income Expense": NaN,
        "Interest Expense Non Operating": NaN,
        "Interest Income Non Operating": NaN,
        "Operating Income": NaN,
        "Operating Expense": NaN,
        "Selling General And Administration": NaN,
        "Selling And Marketing Expense": NaN,
        "General And Administrative Expense": NaN,
        "Other Gand A": NaN,
        "Gross Profit": NaN,
        "Cost Of Revenue": NaN,
        "Total Revenue": NaN,
        "Operating Revenue": NaN
    },
    "2022-06-30": {
        "Tax Effect Of Unusual Items": 0.0,
        "Tax Rate For Calcs": 0.123244,
        "Normalized EBITDA": -14480102.0,
        "Net Income From Continuing Operation Net Minority Interest": -13367292.0,
        "Reconciled Depreciation": 713135.0,
        "Reconciled Cost Of Revenue": 28994876.0,
        "EBITDA": -14480102.0,
        "EBIT": -15193237.0,
        "Net Interest Income": 11638.0,
        "Interest Expense": 53078.0,
        "Interest Income": 64716.0,
        "Normalized Income": -13367292.0,
        "Net Income From Continuing And Discontinued Operation": -13225361.0,
        "Total Expenses": 50569209.0,
        "Total Operating Income As Reported": -15455201.0,
        "Diluted Average Shares": 11929513.0,
        "Basic Average Shares": 11929513.0,
        "Diluted EPS": -0.49,
        "Basic EPS": -0.49,
        "Diluted NI Availto Com Stockholders": -13225361.0,
        "Net Income Common Stockholders": -13225361.0,
        "Net Income": -13225361.0,
        "Net Income Including Noncontrolling Interests": -13225361.0,
        "Net Income Discontinuous Operations": 141931.0,
        "Net Income Continuous Operations": -13367292.0,
        "Tax Provision": -1879023.0,
        "Pretax Income": -15246315.0,
        "Other Income Expense": 197248.0,
        "Other Non Operating Income Expenses": 197248.0,
        "Net Non Operating Interest Income Expense": 11638.0,
        "Interest Expense Non Operating": 53078.0,
        "Interest Income Non Operating": 64716.0,
        "Operating Income": -15455201.0,
        "Operating Expense": 21574333.0,
        "Selling General And Administration": 21574333.0,
        "Selling And Marketing Expense": 2450680.0,
        "General And Administrative Expense": 19123653.0,
        "Other Gand A": 19123653.0,
        "Gross Profit": 6119132.0,
        "Cost Of Revenue": 28994876.0,
        "Total Revenue": 35114008.0,
        "Operating Revenue": 35114008.0
    },
    "2022-03-31": {
        "Diluted EPS": -4.49,
        "Total Revenue": 61,
        "Gross Profit": 10,
        "Operating Income": -32,
        "EBIT": -31,
        "Net Income": -38
    },
    "2021-12-31": {
        "Diluted EPS": -3.77,
        "Total Revenue": 39,
        "Gross Profit": 7,
        "Operating Income": -23,
        "EBIT": -22,
        "Net Income": -32
    },
    "2021-09-30": {
        "Diluted EPS": -1.78,
        "Total Revenue": 33,
        "Gross Profit": 7,
        "Operating Income": -13,
        "EBIT": -12,
        "Net Income": -15
    },
    "2021-06-30": {
        "Diluted EPS": -3.99,
        "Total Revenue": 28,
        "Gross Profit": 5,
        "Operating Income": -40,
        "EBIT": -33,
        "Net Income": -34
    },
    "2021-03-31": {
        "Diluted EPS": -2.33,
        "Total Revenue": 67,
        "Gross Profit": 11,
        "Operating Income": -16,
        "EBIT": -15,
        "Net Income": -15
    },
    "2020-12-31": {
        "Diluted EPS": -6.3,
        "Total Revenue": 44,
        "Gross Profit": 8,
        "Operating Income": -39,
        "EBIT": -38,
        "Net Income": -40
    },
    "2020-09-30": {
        "Diluted EPS": -4.87,
        "Total Revenue": 42,
        "Gross Profit": 8,
        "Operating Income": -28,
        "EBIT": -27,
        "Net Income": -31
    },
    "2020-06-30": {
        "Diluted EPS": -9.58,
        "Total Revenue": 43,
        "Gross Profit": 7,
        "Operating Income": -55,
        "EBIT": -53,
        "Net Income": -52
    },
    "2020-03-31": {
        "Diluted EPS": -8.18,
        "Total Revenue": 86,
        "Gross Profit": 13,
        "Operating Income": -48,
        "EBIT": -47,
        "Net Income": -50
    },
    "2019-12-31": {
        "Diluted EPS": -4.95,
        "Total Revenue": 50,
        "Gross Profit": 9,
        "Operating Income": -28,
        "EBIT": -27,
        "Net Income": -27
    },
    "2019-09-30": {
        "Diluted EPS": -1.62,
        "Total Revenue": 51,
        "Gross Profit": 13,
        "Operating Income": -7,
        "EBIT": -6,
        "Net Income": -7
    },
    "2019-06-30": {
        "Diluted EPS": -1.67,
        "Total Revenue": 76,
        "Gross Profit": 15,
        "Operating Income": -4,
        "EBIT": -2,
        "Net Income": -5
    },
    "2019-03-31": {
        "Diluted EPS": 1.55,
        "Total Revenue": 108,
        "Gross Profit": 21,
        "Operating Income": 7,
        "EBIT": 9,
        "Net Income": 5
    },
    "2018-12-31": {
        "Diluted EPS": 0.76,
        "Total Revenue": 52,
        "Gross Profit": 12,
        "Operating Income": 4,
        "EBIT": 6,
        "Net Income": 3
    },
    "2018-09-30": {
        "Diluted EPS": 2.78,
        "Total Revenue": 58,
        "Gross Profit": 16,
        "Operating Income": 11,
        "EBIT": 12,
        "Net Income": 9
    },
    "2018-06-30": {
        "Diluted EPS": -8.52,
        "Total Revenue": 79,
        "Gross Profit": 16,
        "Operating Income": 3,
        "EBIT": 5,
        "Net Income": -27
    },
    "2018-03-31": {
        "Diluted EPS": 2.4,
        "Total Revenue": 83,
        "Gross Profit": 21,
        "Operating Income": 10,
        "EBIT": 11,
        "Net Income": 8
    },
    "2017-12-31": {
        "Diluted EPS": 2.4,
        "Total Revenue": 64,
        "Gross Profit": 19,
        "Operating Income": 10,
        "EBIT": 12,
        "Net Income": 8
    },
    "2017-09-30": {
        "Diluted EPS": 1.56,
        "Total Revenue": 62,
        "Gross Profit": 19,
        "Operating Income": 7,
        "EBIT": 9,
        "Net Income": 5
    },
    "2017-06-30": {
        "Diluted EPS": 1.2,
        "Total Revenue": 76,
        "Gross Profit": 19,
        "Operating Income": 6,
        "EBIT": 8,
        "Net Income": 4
    },
    "2017-03-31": {
        "Diluted EPS": 2.52,
        "Total Revenue": 81,
        "Gross Profit": 21,
        "Operating Income": 10,
        "EBIT": 13,
        "Net Income": 8
    },
    "2016-12-31": {
        "Diluted EPS": 1.8,
        "Total Revenue": 59,
        "Gross Profit": 19,
        "Operating Income": 7,
        "EBIT": 12,
        "Net Income": 6
    },
    "2016-09-30": {
        "Diluted EPS": 2.4,
        "Total Revenue": 62,
        "Gross Profit": 23,
        "Operating Income": 9,
        "EBIT": 17,
        "Net Income": 7
    },
    "2016-06-30": {
        "Diluted EPS": 1.56,
        "Total Revenue": 79,
        "Gross Profit": 21,
        "Operating Income": 7,
        "EBIT": 16,
        "Net Income": 5
    },
    "2016-03-31": {
        "Diluted EPS": 2.64,
        "Total Revenue": 79,
        "Gross Profit": 25,
        "Operating Income": 10,
        "EBIT": 20,
        "Net Income": 8
    },
    "2015-12-31": {
        "Diluted EPS": 1.44,
        "Total Revenue": 57,
        "Gross Profit": 23,
        "Operating Income": 6,
        "EBIT": 16,
        "Net Income": 4
    },
    "2015-09-30": {
        "Diluted EPS": 2.4,
        "Total Revenue": 54,
        "Gross Profit": 24,
        "Operating Income": 9,
        "EBIT": 20,
        "Net Income": 7
    },
    "2015-06-30": {
        "Diluted EPS": 2.76,
        "Total Revenue": 79,
        "Gross Profit": 28,
        "Operating Income": 11,
        "EBIT": 23,
        "Net Income": 8
    },
    "2015-03-31": {
        "Diluted EPS": 3.48,
        "Total Revenue": 79,
        "Gross Profit": 28,
        "Operating Income": 13,
        "EBIT": 25,
        "Net Income": 10
    },
    "2014-12-31": {
        "Diluted EPS": 1.92,
        "Total Revenue": 54,
        "Gross Profit": 23,
        "Operating Income": 7,
        "EBIT": 19,
        "Net Income": 5
    },
    "2014-09-30": {
        "Diluted EPS": 3.0,
        "Total Revenue": 51,
        "Gross Profit": 25,
        "Operating Income": 10,
        "EBIT": 22,
        "Net Income": 8
    },
    "2014-06-30": {
        "Diluted EPS": 1.32,
        "Total Revenue": 72,
        "Gross Profit": 24,
        "Operating Income": 7,
        "EBIT": 17,
        "Net Income": 4
    },
    "2014-03-31": {
        "Diluted EPS": 2.76,
        "Total Revenue": 70,
        "Gross Profit": 26,
        "Operating Income": 10,
        "EBIT": 18,
        "Net Income": 7
    },
    "2013-12-31": {
        "Diluted EPS": 1.44,
        "Total Revenue": 41,
        "Gross Profit": 19,
        "Operating Income": 5,
        "EBIT": 16,
        "Net Income": 4
    },
    "2013-09-30": {
        "Diluted EPS": 4.2,
        "Total Revenue": 50,
        "Gross Profit": 22,
        "Operating Income": 13,
        "EBIT": 19,
        "Net Income": 10
    },
    "2013-06-30": {
        "Diluted EPS": 6.12,
        "Total Revenue": 70,
        "Gross Profit": 25,
        "Operating Income": 18,
        "EBIT": 23,
        "Net Income": 14
    },
    "2013-03-31": {
        "Diluted EPS": 5.76,
        "Total Revenue": 66,
        "Gross Profit": 22,
        "Operating Income": 17,
        "EBIT": 21,
        "Net Income": 13
    },
    "2012-12-31": {
        "Diluted EPS": 3.6,
        "Total Revenue": 42,
        "Gross Profit": 16,
        "Operating Income": 10,
        "EBIT": 13,
        "Net Income": 8
    },
    "2012-09-30": {
        "Diluted EPS": 3.84,
        "Total Revenue": 40,
        "Gross Profit": 17,
        "Operating Income": 11,
        "EBIT": 14,
        "Net Income": 9
    },
    "2012-06-30": {
        "Diluted EPS": 4.92,
        "Total Revenue": 57,
        "Gross Profit": 22,
        "Operating Income": 15,
        "EBIT": 16,
        "Net Income": 11
    },
    "2012-03-31": {
        "Diluted EPS": 5.52,
        "Total Revenue": 60,
        "Gross Profit": 22,
        "Operating Income": 16,
        "EBIT": 18,
        "Net Income": 12
    },
    "2011-12-31": {
        "Diluted EPS": 3.48,
        "Total Revenue": 47,
        "Gross Profit": 16,
        "Operating Income": 10,
        "EBIT": 12,
        "Net Income": 8
    },
    "2011-09-30": {
        "Diluted EPS": 4.8,
        "Total Revenue": 53,
        "Gross Profit": 19,
        "Operating Income": 13,
        "EBIT": 15,
        "Net Income": 11
    },
    "2011-06-30": {
        "Diluted EPS": 4.56,
        "Total Revenue": 60,
        "Gross Profit": 21,
        "Operating Income": 13,
        "EBIT": 15,
        "Net Income": 9
    },
    "2011-03-31": {
        "Diluted EPS": 4.32,
        "Total Revenue": 45,
        "Gross Profit": 17,
        "Operating Income": 12,
        "EBIT": 14,
        "Net Income": 10
    },
    "2010-12-31": {
        "Diluted EPS": 2.88,
        "Total Revenue": 35,
        "Gross Profit": 12,
        "Operating Income": 8,
        "EBIT": 9,
        "Net Income": 6
    },
    "2010-09-30": {
        "Diluted EPS": 3.6,
        "Total Revenue": 40,
        "Gross Profit": 13,
        "Operating Income": 10,
        "EBIT": 11,
        "Net Income": 8
    },
    "2010-06-30": {
        "Diluted EPS": 3.0,
        "Total Revenue": 16,
        "Gross Profit": 5,
        "Operating Income": 1,
        "EBIT": 2,
        "Net Income": 6
    },
    "2010-03-31": {
        "Diluted EPS": 2.64,
        "Total Revenue": 13,
        "Gross Profit": 8,
        "Operating Income": 6,
        "EBIT": 8,
        "Net Income": 5
    },
    "2009-12-31": {
        "Diluted EPS": 2.4,
        "Total Revenue": 11,
        "Gross Profit": 11,
        "Operating Income": 11,
        "EBIT": 11,
        "Net Income": 5
    },
    "2009-09-30": {
        "Diluted EPS": 2.88,
        "Total Revenue": 11,
        "Gross Profit": 7,
        "Operating Income": 6,
        "EBIT": 6,
        "Net Income": 5
    },
    "2009-06-30": {
        "Diluted EPS": 2.88,
        "Total Revenue": 11,
        "Gross Profit": 6,
        "Operating Income": 5,
        "EBIT": 4,
        "Net Income": 4
    },
    "2009-03-31": {
        "Diluted EPS": 2.52,
        "Total Revenue": 9,
        "Gross Profit": 5,
        "Operating Income": 4,
        "EBIT": 5,
        "Net Income": 4
    },
    "2023-06-30": {
        "Tax Effect Of Unusual Items": NaN,
        "Tax Rate For Calcs": NaN,
        "Normalized EBITDA": NaN,
        "Total Unusual Items": NaN,
        "Total Unusual Items Excluding Goodwill": NaN,
        "Net Income From Continuing Operation Net Minority Interest": NaN,
        "Reconciled Depreciation": NaN,
        "Reconciled Cost Of Revenue": NaN,
        "EBITDA": NaN,
        "EBIT": NaN,
        "Net Interest Income": NaN,
        "Interest Expense": NaN,
        "Interest Income": NaN,
        "Normalized Income": NaN,
        "Net Income From Continuing And Discontinued Operation": NaN,
        "Total Expenses": NaN,
        "Total Operating Income As Reported": NaN,
        "Diluted Average Shares": NaN,
        "Basic Average Shares": NaN,
        "Diluted EPS": NaN,
        "Basic EPS": NaN,
        "Diluted NI Availto Com Stockholders": NaN,
        "Net Income Common Stockholders": NaN,
        "Net Income": NaN,
        "Net Income Including Noncontrolling Interests": NaN,
        "Net Income Discontinuous Operations": 0.0,
        "Net Income Continuous Operations": NaN,
        "Tax Provision": NaN,
        "Pretax Income": NaN,
        "Other Income Expense": NaN,
        "Other Non Operating Income Expenses": NaN,
        "Gain On Sale Of Security": NaN,
        "Net Non Operating Interest Income Expense": NaN,
        "Interest Expense Non Operating": NaN,
        "Interest Income Non Operating": NaN,
        "Operating Income": NaN,
        "Operating Expense": NaN,
        "Selling General And Administration": NaN,
        "Selling And Marketing Expense": NaN,
        "General And Administrative Expense": NaN,
        "Other Gand A": NaN,
        "Gross Profit": NaN,
        "Cost Of Revenue": NaN,
        "Total Revenue": NaN,
        "Operating Revenue": NaN
    },
    "2023-09-30": {
        "Tax Effect Of Unusual Items": 0.0,
        "Tax Rate For Calcs": 0.002467,
        "Normalized EBITDA": -1064093.0,
        "Total Unusual Items": NaN,
        "Total Unusual Items Excluding Goodwill": NaN,
        "Net Income From Continuing Operation Net Minority Interest": -1784193.0,
        "Reconciled Depreciation": 656959.0,
        "Reconciled Cost Of Revenue": 17748008.0,
        "EBITDA": -1064093.0,
        "EBIT": -1721052.0,
        "Net Interest Income": -12482.0,
        "Interest Expense": 67554.0,
        "Interest Income": 55072.0,
        "Normalized Income": -1784193.0,
        "Net Income From Continuing And Discontinued Operation": -1784193.0,
        "Total Expenses": 24183769.0,
        "Total Operating Income As Reported": -1785907.0,
        "Diluted Average Shares": 13380914.0,
        "Basic Average Shares": 13380914.0,
        "Diluted EPS": -0.13,
        "Basic EPS": -0.13,
        "Diluted NI Availto Com Stockholders": -1784193.0,
        "Net Income Common Stockholders": -1784193.0,
        "Net Income": -1784193.0,
        "Net Income Including Noncontrolling Interests": -1784193.0,
        "Net Income Discontinuous Operations": NaN,
        "Net Income Continuous Operations": -1784193.0,
        "Tax Provision": -4413.0,
        "Pretax Income": -1788606.0,
        "Other Income Expense": 9783.0,
        "Other Non Operating Income Expenses": 9783.0,
        "Gain On Sale Of Security": NaN,
        "Net Non Operating Interest Income Expense": -12482.0,
        "Interest Expense Non Operating": 67554.0,
        "Interest Income Non Operating": 55072.0,
        "Operating Income": -1785907.0,
        "Operating Expense": 6435761.0,
        "Selling General And Administration": 6435761.0,
        "Selling And Marketing Expense": 1879155.0,
        "General And Administrative Expense": 4556606.0,
        "Other Gand A": 4556606.0,
        "Gross Profit": 4649854.0,
        "Cost Of Revenue": 17748008.0,
        "Total Revenue": 22397862.0,
        "Operating Revenue": 22397862.0
    },
    "2023-12-31": {
        "Tax Effect Of Unusual Items": 0.0,
        "Tax Rate For Calcs": 0.002219,
        "Normalized EBITDA": -4622804.0,
        "Total Unusual Items": NaN,
        "Total Unusual Items Excluding Goodwill": NaN,
        "Net Income From Continuing Operation Net Minority Interest": -5370003.0,
        "Reconciled Depreciation": 685328.0,
        "Reconciled Cost Of Revenue": 14471627.0,
        "EBITDA": -4622804.0,
        "EBIT": -5308132.0,
        "Net Interest Income": -22688.0,
        "Interest Expense": 73813.0,
        "Interest Income": 51125.0,
        "Normalized Income": -5370003.0,
        "Net Income From Continuing And Discontinued Operation": -5370003.0,
        "Total Expenses": 23190297.0,
        "Total Operating Income As Reported": -5390183.0,
        "Diluted Average Shares": 13380914.0,
        "Basic Average Shares": 13380914.0,
        "Diluted EPS": -0.4,
        "Basic EPS": -0.4,
        "Diluted NI Availto Com Stockholders": -5370003.0,
        "Net Income Common Stockholders": -5370003.0,
        "Net Income": -5370003.0,
        "Net Income Including Noncontrolling Interests": -5370003.0,
        "Net Income Discontinuous Operations": NaN,
        "Net Income Continuous Operations": -5370003.0,
        "Tax Provision": -11942.0,
        "Pretax Income": -5381945.0,
        "Other Income Expense": 30926.0,
        "Other Non Operating Income Expenses": 30926.0,
        "Gain On Sale Of Security": NaN,
        "Net Non Operating Interest Income Expense": -22688.0,
        "Interest Expense Non Operating": 73813.0,
        "Interest Income Non Operating": 51125.0,
        "Operating Income": -5390183.0,
        "Operating Expense": 8718670.0,
        "Selling General And Administration": 8718670.0,
        "Selling And Marketing Expense": 1770860.0,
        "General And Administrative Expense": 6947810.0,
        "Other Gand A": 6947810.0,
        "Gross Profit": 3328487.0,
        "Cost Of Revenue": 14471627.0,
        "Total Revenue": 17800114.0,
        "Operating Revenue": 17800114.0
    },
    "2024-03-31": {
        "Tax Effect Of Unusual Items": 0.0,
        "Tax Rate For Calcs": 0.25,
        "Normalized EBITDA": -10128831.0,
        "Total Unusual Items": NaN,
        "Total Unusual Items Excluding Goodwill": NaN,
        "Net Income From Continuing Operation Net Minority Interest": -10901284.0,
        "Reconciled Depreciation": 691465.0,
        "Reconciled Cost Of Revenue": 26597407.0,
        "EBITDA": -10128831.0,
        "EBIT": -10820296.0,
        "Net Interest Income": -32914.0,
        "Interest Expense": 75461.0,
        "Interest Income": 42547.0,
        "Normalized Income": -10901284.0,
        "Net Income From Continuing And Discontinued Operation": -10901284.0,
        "Total Expenses": 43909603.0,
        "Total Operating Income As Reported": -10971286.0,
        "Diluted Average Shares": 14203877.0,
        "Basic Average Shares": 14203877.0,
        "Diluted EPS": -0.79,
        "Basic EPS": -0.79,
        "Diluted NI Availto Com Stockholders": -10901284.0,
        "Net Income Common Stockholders": -10901284.0,
        "Net Income": -10901284.0,
        "Net Income Including Noncontrolling Interests": -10901284.0,
        "Net Income Discontinuous Operations": NaN,
        "Net Income Continuous Operations": -10901284.0,
        "Tax Provision": 5527.0,
        "Pretax Income": -10895757.0,
        "Other Income Expense": 108443.0,
        "Other Non Operating Income Expenses": 108443.0,
        "Gain On Sale Of Security": NaN,
        "Net Non Operating Interest Income Expense": -32914.0,
        "Interest Expense Non Operating": 75461.0,
        "Interest Income Non Operating": 42547.0,
        "Operating Income": -10971286.0,
        "Operating Expense": 17312196.0,
        "Selling General And Administration": 17312196.0,
        "Selling And Marketing Expense": 1855189.0,
        "General And Administrative Expense": 15457007.0,
        "Other Gand A": 15457007.0,
        "Gross Profit": 6340910.0,
        "Cost Of Revenue": 26597407.0,
        "Total Revenue": 32938317.0,
        "Operating Revenue": 32938317.0
    },
    "2024-06-30": {
        "Tax Effect Of Unusual Items": 0.0,
        "Tax Rate For Calcs": 0.037194,
        "Normalized EBITDA": -9986898.0,
        "Total Unusual Items": NaN,
        "Total Unusual Items Excluding Goodwill": NaN,
        "Net Income From Continuing Operation Net Minority Interest": -10349835.0,
        "Reconciled Depreciation": 687402.0,
        "Reconciled Cost Of Revenue": 17306766.0,
        "EBITDA": -9986898.0,
        "EBIT": -10674300.0,
        "Net Interest Income": -29701.0,
        "Interest Expense": 75358.0,
        "Interest Income": 45657.0,
        "Normalized Income": -10349835.0,
        "Net Income From Continuing And Discontinued Operation": -10349835.0,
        "Total Expenses": 33410573.0,
        "Total Operating Income As Reported": -10703779.0,
        "Diluted Average Shares": NaN,
        "Basic Average Shares": NaN,
        "Diluted EPS": NaN,
        "Basic EPS": NaN,
        "Diluted NI Availto Com Stockholders": -10349835.0,
        "Net Income Common Stockholders": -10349835.0,
        "Net Income": -10349835.0,
        "Net Income Including Noncontrolling Interests": -10349835.0,
        "Net Income Discontinuous Operations": NaN,
        "Net Income Continuous Operations": -10349835.0,
        "Tax Provision": -399823.0,
        "Pretax Income": -10749658.0,
        "Other Income Expense": -18879.0,
        "Other Non Operating Income Expenses": -16178.0,
        "Gain On Sale Of Security": NaN,
        "Net Non Operating Interest Income Expense": -29701.0,
        "Interest Expense Non Operating": 75358.0,
        "Interest Income Non Operating": 45657.0,
        "Operating Income": -10701078.0,
        "Operating Expense": 16103807.0,
        "Selling General And Administration": 16103807.0,
        "Selling And Marketing Expense": 2285678.0,
        "General And Administrative Expense": 13818129.0,
        "Other Gand A": 13818129.0,
        "Gross Profit": 5402729.0,
        "Cost Of Revenue": 17306766.0,
        "Total Revenue": 22709495.0,
        "Operating Revenue": 22709495.0
    },
    "2024-09-30": {
        "Tax Effect Of Unusual Items": -5.414927,
        "Tax Rate For Calcs": 0.020668,
        "Normalized EBITDA": -1065455.0,
        "Total Unusual Items": -262.0,
        "Total Unusual Items Excluding Goodwill": -262.0,
        "Net Income From Continuing Operation Net Minority Interest": -1842225.0,
        "Reconciled Depreciation": 710403.0,
        "Reconciled Cost Of Revenue": 13378369.0,
        "EBITDA": -1065717.0,
        "EBIT": -1776120.0,
        "Net Interest Income": -65457.0,
        "Interest Expense": 104983.0,
        "Interest Income": 39526.0,
        "Normalized Income": -1841968.414927,
        "Net Income From Continuing And Discontinued Operation": -1842225.0,
        "Total Expenses": 19129701.0,
        "Total Operating Income As Reported": -1765024.0,
        "Diluted Average Shares": 14793538.0,
        "Basic Average Shares": 14793538.0,
        "Diluted EPS": -0.12,
        "Basic EPS": -0.12,
        "Diluted NI Availto Com Stockholders": -1842225.0,
        "Net Income Common Stockholders": -1842225.0,
        "Net Income": -1842225.0,
        "Net Income Including Noncontrolling Interests": -1842225.0,
        "Net Income Discontinuous Operations": NaN,
        "Net Income Continuous Operations": -1842225.0,
        "Tax Provision": -38878.0,
        "Pretax Income": -1881103.0,
        "Other Income Expense": -50884.0,
        "Other Non Operating Income Expenses": -50622.0,
        "Gain On Sale Of Security": -262.0,
        "Net Non Operating Interest Income Expense": -65457.0,
        "Interest Expense Non Operating": 104983.0,
        "Interest Income Non Operating": 39526.0,
        "Operating Income": -1764762.0,
        "Operating Expense": 5751332.0,
        "Selling General And Administration": 5751332.0,
        "Selling And Marketing Expense": 1924428.0,
        "General And Administrative Expense": 3826904.0,
        "Other Gand A": 3826904.0,
        "Gross Profit": 3986570.0,
        "Cost Of Revenue": 13378369.0,
        "Total Revenue": 17364939.0,
        "Operating Revenue": 17364939.0
    }
}