{
    "2023-06-30": {
        "Tax Effect Of Unusual Items": -839200.0,
        "Tax Rate For Calcs": 0.4,
        "Normalized EBITDA": -3738000.0,
        "Total Unusual Items": -2098000.0,
        "Total Unusual Items Excluding Goodwill": -2098000.0,
        "Net Income From Continuing Operation Net Minority Interest": -39683000.0,
        "Reconciled Depreciation": 24245000.0,
        "Reconciled Cost Of Revenue": 176861000.0,
        "EBITDA": -5836000.0,
        "EBIT": -30081000.0,
        "Net Interest Income": 1196000.0,
        "Interest Expense": 3106000.0,
        "Interest Income": 4302000.0,
        "Normalized Income": -38424200.0,
        "Net Income From Continuing And Discontinued Operation": -39683000.0,
        "Total Expenses": 215764000.0,
        "Total Operating Income As Reported": -31246000.0,
        "Diluted NI Availto Com Stockholders": -40346000.0,
        "Average Dilution Earnings": -663000.0,
        "Net Income Common Stockholders": -39683000.0,
        "Net Income": -39683000.0,
        "Net Income Including Noncontrolling Interests": -39683000.0,
        "Net Income Discontinuous Operations": NaN,
        "Net Income Continuous Operations": -39683000.0,
        "Tax Provision": 6496000.0,
        "Pretax Income": -33187000.0,
        "Other Income Expense": -3137000.0,
        "Other Non Operating Income Expenses": -1039000.0,
        "Special Income Charges": 0.0,
        "Gain On Sale Of Business": NaN,
        "Other Special Charges": NaN,
        "Gain On Sale Of Security": -2098000.0,
        "Net Non Operating Interest Income Expense": 1196000.0,
        "Interest Expense Non Operating": 3106000.0,
        "Interest Income Non Operating": 4302000.0,
        "Operating Income": -31246000.0,
        "Operating Expense": 38903000.0,
        "Other Operating Expenses": 17762000.0,
        "Selling General And Administration": 14487000.0,
        "Selling And Marketing Expense": 4055000.0,
        "General And Administrative Expense": 10432000.0,
        "Other Gand A": 10432000.0,
        "Salaries And Wages": NaN,
        "Gross Profit": 7657000.0,
        "Cost Of Revenue": 176861000.0,
        "Total Revenue": 184518000.0,
        "Operating Revenue": 198041000.0
    },
    "2023-03-31": {
        "Tax Effect Of Unusual Items": -418400.0,
        "Tax Rate For Calcs": 0.4,
        "Normalized EBITDA": -40603000.0,
        "Total Unusual Items": -1046000.0,
        "Total Unusual Items Excluding Goodwill": -1046000.0,
        "Net Income From Continuing Operation Net Minority Interest": -73450000.0,
        "Reconciled Depreciation": 20435000.0,
        "Reconciled Cost Of Revenue": 222801000.0,
        "EBITDA": -41649000.0,
        "EBIT": -62084000.0,
        "Net Interest Income": 869000.0,
        "Interest Expense": 3368000.0,
        "Interest Income": 4237000.0,
        "Normalized Income": -72822400.0,
        "Net Income From Continuing And Discontinued Operation": -73450000.0,
        "Total Expenses": 291793000.0,
        "Total Operating Income As Reported": -65264000.0,
        "Diluted NI Availto Com Stockholders": -73921000.0,
        "Average Dilution Earnings": -471000.0,
        "Net Income Common Stockholders": -73450000.0,
        "Net Income": -73450000.0,
        "Net Income Including Noncontrolling Interests": -73450000.0,
        "Net Income Discontinuous Operations": NaN,
        "Net Income Continuous Operations": -73450000.0,
        "Tax Provision": 7998000.0,
        "Pretax Income": -65452000.0,
        "Other Income Expense": -1057000.0,
        "Other Non Operating Income Expenses": -11000.0,
        "Special Income Charges": 0.0,
        "Gain On Sale Of Business": NaN,
        "Other Special Charges": NaN,
        "Gain On Sale Of Security": -1046000.0,
        "Net Non Operating Interest Income Expense": 869000.0,
        "Interest Expense Non Operating": 3368000.0,
        "Interest Income Non Operating": 4237000.0,
        "Operating Income": -65264000.0,
        "Operating Expense": 68992000.0,
        "Other Operating Expenses": 43997000.0,
        "Selling General And Administration": 17161000.0,
        "Selling And Marketing Expense": 2369000.0,
        "General And Administrative Expense": 14792000.0,
        "Other Gand A": 14792000.0,
        "Salaries And Wages": NaN,
        "Gross Profit": 3728000.0,
        "Cost Of Revenue": 222801000.0,
        "Total Revenue": 226529000.0,
        "Operating Revenue": 221243000.0
    },
    "2022-12-31": {
        "Tax Effect Of Unusual Items": -24071033.678473,
        "Tax Rate For Calcs": 0.161853,
        "Normalized EBITDA": 7370000.0,
        "Total Unusual Items": -148722000.0,
        "Total Unusual Items Excluding Goodwill": -148722000.0,
        "Net Income From Continuing Operation Net Minority Interest": -130083000.0,
        "Reconciled Depreciation": 19626000.0,
        "Reconciled Cost Of Revenue": 175265000.0,
        "EBITDA": -141352000.0,
        "EBIT": -160978000.0,
        "Net Interest Income": 11966000.0,
        "Interest Expense": -5775000.0,
        "Interest Income": NaN,
        "Normalized Income": -5432033.678473,
        "Net Income From Continuing And Discontinued Operation": -130083000.0,
        "Total Expenses": 229318000.0,
        "Total Operating Income As Reported": -161301000.0,
        "Diluted NI Availto Com Stockholders": -130837000.0,
        "Average Dilution Earnings": -754000.0,
        "Net Income Common Stockholders": -130083000.0,
        "Net Income": -130083000.0,
        "Net Income Including Noncontrolling Interests": -130083000.0,
        "Net Income Discontinuous Operations": 0.0,
        "Net Income Continuous Operations": -130083000.0,
        "Tax Provision": -25120000.0,
        "Pretax Income": -155203000.0,
        "Other Income Expense": -146155000.0,
        "Other Non Operating Income Expenses": NaN,
        "Special Income Charges": -145929000.0,
        "Gain On Sale Of Business": 0.0,
        "Other Special Charges": 26000.0,
        "Gain On Sale Of Security": -2793000.0,
        "Net Non Operating Interest Income Expense": 11966000.0,
        "Interest Expense Non Operating": -5775000.0,
        "Interest Income Non Operating": NaN,
        "Operating Income": -21014000.0,
        "Operating Expense": 54053000.0,
        "Other Operating Expenses": 19107000.0,
        "Selling General And Administration": 24670000.0,
        "Selling And Marketing Expense": NaN,
        "General And Administrative Expense": 11775000.0,
        "Other Gand A": 9970000.0,
        "Salaries And Wages": 1805000.0,
        "Gross Profit": 33039000.0,
        "Cost Of Revenue": 175265000.0,
        "Total Revenue": 208304000.0,
        "Operating Revenue": 170236000.0
    },
    "2022-09-30": {
        "Tax Effect Of Unusual Items": -279600.0,
        "Tax Rate For Calcs": 0.4,
        "Normalized EBITDA": 11649000.0,
        "Total Unusual Items": -699000.0,
        "Total Unusual Items Excluding Goodwill": -699000.0,
        "Net Income From Continuing Operation Net Minority Interest": -33877000.0,
        "Reconciled Depreciation": 15806000.0,
        "Reconciled Cost Of Revenue": 146406000.0,
        "EBITDA": 10950000.0,
        "EBIT": -4856000.0,
        "Net Interest Income": -2882000.0,
        "Interest Expense": 2882000.0,
        "Interest Income": NaN,
        "Normalized Income": -33457600.0,
        "Net Income From Continuing And Discontinued Operation": -33877000.0,
        "Total Expenses": 183170000.0,
        "Total Operating Income As Reported": -4157000.0,
        "Diluted Average Shares": 247036000.0,
        "Basic Average Shares": 245866000.0,
        "Diluted EPS": -0.15,
        "Basic EPS": -0.14,
        "Diluted NI Availto Com Stockholders": -36525000.0,
        "Average Dilution Earnings": -2648000.0,
        "Net Income Common Stockholders": -33877000.0,
        "Net Income": -33877000.0,
        "Net Income Including Noncontrolling Interests": -33877000.0,
        "Net Income Discontinuous Operations": 0.0,
        "Net Income Continuous Operations": -33877000.0,
        "Tax Provision": 26139000.0,
        "Pretax Income": -7738000.0,
        "Other Income Expense": -699000.0,
        "Other Non Operating Income Expenses": NaN,
        "Special Income Charges": -5340000.0,
        "Gain On Sale Of Business": 0.0,
        "Other Special Charges": 5340000.0,
        "Impairment Of Capital Assets": NaN,
        "Gain On Sale Of Security": 4641000.0,
        "Net Non Operating Interest Income Expense": -2882000.0,
        "Interest Expense Non Operating": 2882000.0,
        "Interest Income Non Operating": NaN,
        "Operating Income": -4157000.0,
        "Operating Expense": 36764000.0,
        "Other Operating Expenses": 16915000.0,
        "Selling General And Administration": 11683000.0,
        "Selling And Marketing Expense": NaN,
        "General And Administrative Expense": 11683000.0,
        "Other Gand A": 14429000.0,
        "Salaries And Wages": -2746000.0,
        "Gross Profit": 32607000.0,
        "Cost Of Revenue": 146406000.0,
        "Total Revenue": 179013000.0,
        "Operating Revenue": 193560000.0
    },
    "2022-06-30": {
        "Tax Effect Of Unusual Items": -504800.0,
        "Tax Rate For Calcs": 0.4,
        "Normalized EBITDA": 33087000.0,
        "Total Unusual Items": -1262000.0,
        "Total Unusual Items Excluding Goodwill": -1262000.0,
        "Net Income From Continuing Operation Net Minority Interest": -2649000.0,
        "Reconciled Depreciation": 29204000.0,
        "Reconciled Cost Of Revenue": 168290000.0,
        "EBITDA": 31825000.0,
        "EBIT": 2621000.0,
        "Net Interest Income": -2680000.0,
        "Interest Expense": 2680000.0,
        "Interest Income": NaN,
        "Normalized Income": -1891800.0,
        "Net Income From Continuing And Discontinued Operation": -2649000.0,
        "Total Expenses": 163771000.0,
        "Total Operating Income As Reported": 3883000.0,
        "Diluted Average Shares": 297455000.0,
        "Basic Average Shares": 297455000.0,
        "Diluted EPS": -0.01,
        "Basic EPS": -0.01,
        "Diluted NI Availto Com Stockholders": -3875000.0,
        "Average Dilution Earnings": -1226000.0,
        "Net Income Common Stockholders": -2649000.0,
        "Net Income": -2649000.0,
        "Net Income Including Noncontrolling Interests": -2649000.0,
        "Net Income Discontinuous Operations": 0.0,
        "Net Income Continuous Operations": -2649000.0,
        "Tax Provision": 2590000.0,
        "Pretax Income": -59000.0,
        "Other Income Expense": -1262000.0,
        "Other Non Operating Income Expenses": NaN,
        "Special Income Charges": -3179000.0,
        "Gain On Sale Of Business": 0.0,
        "Other Special Charges": 3179000.0,
        "Impairment Of Capital Assets": NaN,
        "Gain On Sale Of Security": 1917000.0,
        "Net Non Operating Interest Income Expense": -2680000.0,
        "Interest Expense Non Operating": 2680000.0,
        "Interest Income Non Operating": NaN,
        "Operating Income": 3883000.0,
        "Operating Expense": -4519000.0,
        "Other Operating Expenses": -27019000.0,
        "Selling General And Administration": 14695000.0,
        "Selling And Marketing Expense": 3184000.0,
        "General And Administrative Expense": 11511000.0,
        "Other Gand A": 11754000.0,
        "Salaries And Wages": -243000.0,
        "Gross Profit": -636000.0,
        "Cost Of Revenue": 168290000.0,
        "Total Revenue": 167654000.0,
        "Operating Revenue": 200055000.0
    },
    "2022-03-31": {
        "Diluted EPS": 0.3,
        "Total Revenue": 295,
        "Gross Profit": 114,
        "Operating Income": 125,
        "EBIT": 164,
        "Net Income": 89
    },
    "2021-12-31": {
        "Diluted EPS": 0.94,
        "Total Revenue": 251,
        "Gross Profit": 88,
        "Operating Income": 198,
        "EBIT": 231,
        "Net Income": 275
    },
    "2021-09-30": {
        "Diluted EPS": 0.09,
        "Total Revenue": 221,
        "Gross Profit": 69,
        "Operating Income": 44,
        "EBIT": 76,
        "Net Income": 28
    },
    "2021-06-30": {
        "Diluted EPS": -2.87,
        "Total Revenue": 202,
        "Gross Profit": 65,
        "Operating Income": 29,
        "EBIT": 55,
        "Net Income": -852
    },
    "2021-03-31": {
        "Diluted EPS": 0.55,
        "Total Revenue": 226,
        "Gross Profit": 70,
        "Operating Income": 63,
        "EBIT": 99,
        "Net Income": 167
    },
    "2020-12-31": {
        "Diluted EPS": 0.36,
        "Total Revenue": -39,
        "Gross Profit": -49,
        "Operating Income": -37,
        "EBIT": -11,
        "Net Income": 102
    },
    "2020-09-30": {
        "Diluted EPS": 0.68,
        "Total Revenue": 251,
        "Gross Profit": 117,
        "Operating Income": 88,
        "EBIT": 120,
        "Net Income": 206
    },
    "2020-06-30": {
        "Diluted EPS": 0.27,
        "Total Revenue": 130,
        "Gross Profit": 18,
        "Operating Income": -40,
        "EBIT": -72,
        "Net Income": 81
    },
    "2020-03-31": {
        "Diluted EPS": 0.06,
        "Total Revenue": 379,
        "Gross Profit": 130,
        "Operating Income": 34,
        "EBIT": 109,
        "Net Income": 20
    },
    "2019-12-31": {
        "Diluted EPS": -0.04,
        "Total Revenue": 313,
        "Gross Profit": 95,
        "Operating Income": -10,
        "EBIT": 51,
        "Net Income": -12
    },
    "2019-09-30": {
        "Diluted EPS": -0.56,
        "Total Revenue": 388,
        "Gross Profit": 149,
        "Operating Income": -164,
        "EBIT": -95,
        "Net Income": -165
    },
    "2019-06-30": {
        "Diluted EPS": 0.11,
        "Total Revenue": 341,
        "Gross Profit": 99,
        "Operating Income": 36,
        "EBIT": 97,
        "Net Income": 33
    },
    "2019-03-31": {
        "Diluted EPS": 0.17,
        "Total Revenue": 334,
        "Gross Profit": 108,
        "Operating Income": 52,
        "EBIT": 108,
        "Net Income": 50
    },
    "2018-12-31": {
        "Diluted EPS": 0.17,
        "Total Revenue": 392,
        "Gross Profit": 146,
        "Operating Income": 48,
        "EBIT": 112,
        "Net Income": 49
    },
    "2018-09-30": {
        "Diluted EPS": 0.02,
        "Total Revenue": 259,
        "Gross Profit": 70,
        "Operating Income": 21,
        "EBIT": 70,
        "Net Income": 6
    },
    "2018-06-30": {
        "Diluted EPS": 0.19,
        "Total Revenue": 243,
        "Gross Profit": 56,
        "Operating Income": 9,
        "EBIT": 54,
        "Net Income": 44
    },
    "2018-03-31": {
        "Diluted EPS": 0.03,
        "Total Revenue": 235,
        "Gross Profit": 72,
        "Operating Income": 21,
        "EBIT": 63,
        "Net Income": 9
    },
    "2017-12-31": {
        "Diluted EPS": 0.0,
        "Total Revenue": NaN,
        "Gross Profit": NaN,
        "Operating Income": NaN,
        "EBIT": NaN,
        "Net Income": NaN
    },
    "2023-09-30": {
        "Tax Effect Of Unusual Items": 1918000.0,
        "Tax Rate For Calcs": 0.4,
        "Normalized EBITDA": 146309000.0,
        "Total Unusual Items": 4795000.0,
        "Total Unusual Items Excluding Goodwill": 4795000.0,
        "Net Income From Continuing Operation Net Minority Interest": 60623000.0,
        "Reconciled Depreciation": 43400000.0,
        "Reconciled Cost Of Revenue": 229338000.0,
        "EBITDA": 151104000.0,
        "EBIT": 107704000.0,
        "Net Interest Income": -348000.0,
        "Interest Expense": 5589000.0,
        "Interest Income": 5241000.0,
        "Normalized Income": 57746000.0,
        "Net Income From Continuing And Discontinued Operation": 60623000.0,
        "Total Expenses": 244029000.0,
        "Total Operating Income As Reported": 99864000.0,
        "Diluted NI Availto Com Stockholders": 58978000.0,
        "Average Dilution Earnings": -1645000.0,
        "Net Income Common Stockholders": 60623000.0,
        "Net Income": 60623000.0,
        "Net Income Including Noncontrolling Interests": 60623000.0,
        "Net Income Discontinuous Operations": NaN,
        "Net Income Continuous Operations": 60623000.0,
        "Tax Provision": 41492000.0,
        "Pretax Income": 102115000.0,
        "Other Income Expense": 2599000.0,
        "Other Non Operating Income Expenses": -2196000.0,
        "Special Income Charges": 0.0,
        "Gain On Sale Of Business": NaN,
        "Other Special Charges": NaN,
        "Gain On Sale Of Security": 4795000.0,
        "Net Non Operating Interest Income Expense": -348000.0,
        "Interest Expense Non Operating": 5589000.0,
        "Interest Income Non Operating": 5241000.0,
        "Operating Income": 99864000.0,
        "Operating Expense": 14691000.0,
        "Other Operating Expenses": -3528000.0,
        "Selling General And Administration": 10747000.0,
        "Selling And Marketing Expense": 2801000.0,
        "General And Administrative Expense": 7946000.0,
        "Other Gand A": 7946000.0,
        "Salaries And Wages": NaN,
        "Gross Profit": 114555000.0,
        "Cost Of Revenue": 229338000.0,
        "Total Revenue": 343893000.0,
        "Operating Revenue": 347208000.0
    }
}