{
    "2023-06-30": {
        "Tax Effect Of Unusual Items": 0.0,
        "Tax Rate For Calcs": 0.194,
        "Total Unusual Items": 0.0,
        "Total Unusual Items Excluding Goodwill": 0.0,
        "Net Income From Continuing Operation Net Minority Interest": 32733000.0,
        "Reconciled Depreciation": 3548000.0,
        "Net Interest Income": 55502000.0,
        "Interest Expense": 12179000.0,
        "Interest Income": 67681000.0,
        "Normalized Income": 32733000.0,
        "Net Income From Continuing And Discontinued Operation": 32733000.0,
        "Diluted Average Shares": 15012000.0,
        "Basic Average Shares": 14994000.0,
        "Diluted EPS": 2.16,
        "Basic EPS": 2.16,
        "Diluted NI Availto Com Stockholders": 32442000.0,
        "Net Income Common Stockholders": 32442000.0,
        "Otherunder Preferred Stock Dividend": 291000.0,
        "Net Income": 32733000.0,
        "Net Income Including Noncontrolling Interests": 32733000.0,
        "Net Income Continuous Operations": 32733000.0,
        "Tax Provision": 7884000.0,
        "Pretax Income": 40617000.0,
        "Special Income Charges": 0.0,
        "Restructuring And Mergern Acquisition": 0.0,
        "Gain On Sale Of Security": -294000.0,
        "Selling General And Administration": 20093000.0,
        "Selling And Marketing Expense": 974000.0,
        "General And Administrative Expense": 19119000.0,
        "Insurance And Claims": 690000.0,
        "Salaries And Wages": 18429000.0,
        "Total Revenue": 74067000.0,
        "Operating Revenue": 74067000.0,
        "Occupancy And Equipment": 5694000.0,
        "Professional Expense And Contract Services Expense": 558000.0,
        "Other Non Interest Expense": 6680000.0
    },
    "2023-03-31": {
        "Tax Effect Of Unusual Items": -1160505.0,
        "Tax Rate For Calcs": 0.205,
        "Total Unusual Items": -5661000.0,
        "Total Unusual Items Excluding Goodwill": -5661000.0,
        "Net Income From Continuing Operation Net Minority Interest": 24341000.0,
        "Reconciled Depreciation": 3512000.0,
        "Net Interest Income": 53459000.0,
        "Interest Expense": 8071000.0,
        "Interest Income": 61530000.0,
        "Normalized Income": 28841495.0,
        "Net Income From Continuing And Discontinued Operation": 24341000.0,
        "Diluted Average Shares": 14844000.0,
        "Basic Average Shares": 14818000.0,
        "Diluted EPS": 1.63,
        "Basic EPS": 1.63,
        "Diluted NI Availto Com Stockholders": 24127000.0,
        "Net Income Common Stockholders": 24127000.0,
        "Otherunder Preferred Stock Dividend": 214000.0,
        "Net Income": 24341000.0,
        "Net Income Including Noncontrolling Interests": 24341000.0,
        "Net Income Continuous Operations": 24341000.0,
        "Tax Provision": 6259000.0,
        "Pretax Income": 30600000.0,
        "Special Income Charges": -5645000.0,
        "Restructuring And Mergern Acquisition": 5645000.0,
        "Gain On Sale Of Security": 1134000.0,
        "Selling General And Administration": 18878000.0,
        "Selling And Marketing Expense": 760000.0,
        "General And Administrative Expense": 18118000.0,
        "Insurance And Claims": 445000.0,
        "Salaries And Wages": 17673000.0,
        "Total Revenue": 70616000.0,
        "Operating Revenue": 70616000.0,
        "Occupancy And Equipment": 5732000.0,
        "Professional Expense And Contract Services Expense": 470000.0,
        "Other Non Interest Expense": 6373000.0
    },
    "2022-12-31": {
        "Tax Effect Of Unusual Items": 0.0,
        "Tax Rate For Calcs": 0.182058,
        "Total Unusual Items": NaN,
        "Total Unusual Items Excluding Goodwill": NaN,
        "Net Income From Continuing Operation Net Minority Interest": 30663000.0,
        "Reconciled Depreciation": 3136000.0,
        "Net Interest Income": 52042000.0,
        "Interest Expense": 4545000.0,
        "Interest Income": 56587000.0,
        "Normalized Income": 30663000.0,
        "Net Income From Continuing And Discontinued Operation": 30663000.0,
        "Diluted Average Shares": 14785000.0,
        "Basic Average Shares": 14756000.0,
        "Diluted EPS": 2.05,
        "Basic EPS": 2.06,
        "Diluted NI Availto Com Stockholders": 30384000.0,
        "Net Income Common Stockholders": 30384000.0,
        "Otherunder Preferred Stock Dividend": 279000.0,
        "Net Income": 30663000.0,
        "Net Income Including Noncontrolling Interests": 30663000.0,
        "Net Income Continuous Operations": 30663000.0,
        "Tax Provision": 6825000.0,
        "Pretax Income": 37488000.0,
        "Special Income Charges": NaN,
        "Restructuring And Mergern Acquisition": NaN,
        "Gain On Sale Of Security": -259000.0,
        "Selling General And Administration": 18366000.0,
        "Selling And Marketing Expense": 802000.0,
        "General And Administrative Expense": 17564000.0,
        "Insurance And Claims": 414000.0,
        "Salaries And Wages": 17150000.0,
        "Total Revenue": 69220000.0,
        "Operating Revenue": 69220000.0
    },
    "2022-09-30": {
        "Tax Effect Of Unusual Items": 0.0,
        "Tax Rate For Calcs": 0.213,
        "Total Unusual Items": NaN,
        "Total Unusual Items Excluding Goodwill": NaN,
        "Net Income From Continuing Operation Net Minority Interest": 27374000.0,
        "Reconciled Depreciation": 3711000.0,
        "Net Interest Income": 48782000.0,
        "Interest Expense": 2025000.0,
        "Interest Income": 50807000.0,
        "Normalized Income": 27374000.0,
        "Net Income From Continuing And Discontinued Operation": 27374000.0,
        "Diluted Average Shares": 14800000.0,
        "Basic Average Shares": 14776000.0,
        "Diluted EPS": 1.83,
        "Basic EPS": 1.84,
        "Diluted NI Availto Com Stockholders": 27374000.0,
        "Net Income Common Stockholders": 27374000.0,
        "Otherunder Preferred Stock Dividend": 255000.0,
        "Net Income": 27374000.0,
        "Net Income Including Noncontrolling Interests": 27374000.0,
        "Net Income Continuous Operations": 27374000.0,
        "Tax Provision": 7421000.0,
        "Pretax Income": 34795000.0,
        "Special Income Charges": NaN,
        "Restructuring And Mergern Acquisition": NaN,
        "Gain On Sale Of Security": 1000.0,
        "Selling General And Administration": 18668000.0,
        "Selling And Marketing Expense": 854000.0,
        "General And Administrative Expense": 17814000.0,
        "Other Gand A": 1695000.0,
        "Insurance And Claims": 416000.0,
        "Salaries And Wages": 17398000.0,
        "Total Revenue": 65621000.0,
        "Operating Revenue": 65621000.0
    },
    "2022-06-30": {
        "Tax Effect Of Unusual Items": 0.0,
        "Tax Rate For Calcs": 0.203,
        "Total Unusual Items": NaN,
        "Total Unusual Items Excluding Goodwill": NaN,
        "Net Income From Continuing Operation Net Minority Interest": 22683000.0,
        "Reconciled Depreciation": 4001000.0,
        "Net Interest Income": 41290000.0,
        "Interest Expense": 1452000.0,
        "Interest Income": 42742000.0,
        "Normalized Income": 22683000.0,
        "Net Income From Continuing And Discontinued Operation": 22683000.0,
        "Diluted Average Shares": 14909000.0,
        "Basic Average Shares": 14888000.0,
        "Diluted EPS": 1.51,
        "Basic EPS": 1.51,
        "Diluted NI Availto Com Stockholders": 22683000.0,
        "Net Income Common Stockholders": 22683000.0,
        "Otherunder Preferred Stock Dividend": 203000.0,
        "Net Income": 22683000.0,
        "Net Income Including Noncontrolling Interests": 22683000.0,
        "Net Income Continuous Operations": 22683000.0,
        "Tax Provision": 5767000.0,
        "Pretax Income": 28450000.0,
        "Special Income Charges": NaN,
        "Restructuring And Mergern Acquisition": NaN,
        "Gain On Sale Of Security": -601000.0,
        "Selling General And Administration": 17773000.0,
        "Selling And Marketing Expense": 951000.0,
        "General And Administrative Expense": 16822000.0,
        "Other Gand A": 1732000.0,
        "Insurance And Claims": 409000.0,
        "Salaries And Wages": 16413000.0,
        "Total Revenue": 57474000.0,
        "Operating Revenue": 57474000.0
    },
    "2022-03-31": {
        "Diluted EPS": 1.41,
        "Total Revenue": 57,
        "Gross Profit": 55,
        "Operating Income": 27,
        "EBIT": NaN,
        "Net Income": 21
    },
    "2021-12-31": {
        "Diluted EPS": 1.53,
        "Total Revenue": 60,
        "Gross Profit": 58,
        "Operating Income": 30,
        "EBIT": NaN,
        "Net Income": 24
    },
    "2021-09-30": {
        "Diluted EPS": 1.47,
        "Total Revenue": 60,
        "Gross Profit": 57,
        "Operating Income": 29,
        "EBIT": NaN,
        "Net Income": 23
    },
    "2021-06-30": {
        "Diluted EPS": 1.41,
        "Total Revenue": 58,
        "Gross Profit": 55,
        "Operating Income": 28,
        "EBIT": NaN,
        "Net Income": 22
    },
    "2021-03-31": {
        "Diluted EPS": 1.25,
        "Total Revenue": 58,
        "Gross Profit": 54,
        "Operating Income": 25,
        "EBIT": NaN,
        "Net Income": 20
    },
    "2020-12-31": {
        "Diluted EPS": 1.4,
        "Total Revenue": 60,
        "Gross Profit": 56,
        "Operating Income": 27,
        "EBIT": NaN,
        "Net Income": 23
    },
    "2020-09-30": {
        "Diluted EPS": 1.25,
        "Total Revenue": 60,
        "Gross Profit": 55,
        "Operating Income": 25,
        "EBIT": NaN,
        "Net Income": 20
    },
    "2020-06-30": {
        "Diluted EPS": 1.12,
        "Total Revenue": 59,
        "Gross Profit": 53,
        "Operating Income": 23,
        "EBIT": NaN,
        "Net Income": 18
    },
    "2020-03-31": {
        "Diluted EPS": 1.78,
        "Total Revenue": 82,
        "Gross Profit": 74,
        "Operating Income": 36,
        "EBIT": NaN,
        "Net Income": 29
    },
    "2019-12-31": {
        "Diluted EPS": 1.38,
        "Total Revenue": 67,
        "Gross Profit": 58,
        "Operating Income": 29,
        "EBIT": NaN,
        "Net Income": 22
    },
    "2019-09-30": {
        "Diluted EPS": 1.36,
        "Total Revenue": 67,
        "Gross Profit": 57,
        "Operating Income": 29,
        "EBIT": NaN,
        "Net Income": 22
    },
    "2019-06-30": {
        "Diluted EPS": 1.38,
        "Total Revenue": 68,
        "Gross Profit": 59,
        "Operating Income": 29,
        "EBIT": NaN,
        "Net Income": 23
    },
    "2019-03-31": {
        "Diluted EPS": 1.3,
        "Total Revenue": 65,
        "Gross Profit": 56,
        "Operating Income": 28,
        "EBIT": NaN,
        "Net Income": 21
    },
    "2018-12-31": {
        "Diluted EPS": 0.68,
        "Total Revenue": 59,
        "Gross Profit": 51,
        "Operating Income": 26,
        "EBIT": NaN,
        "Net Income": 10
    },
    "2018-09-30": {
        "Diluted EPS": 1.33,
        "Total Revenue": 58,
        "Gross Profit": 51,
        "Operating Income": 27,
        "EBIT": NaN,
        "Net Income": 20
    },
    "2018-06-30": {
        "Diluted EPS": 1.35,
        "Total Revenue": 55,
        "Gross Profit": 49,
        "Operating Income": 26,
        "EBIT": NaN,
        "Net Income": 21
    },
    "2018-03-31": {
        "Diluted EPS": 1.13,
        "Total Revenue": 52,
        "Gross Profit": 47,
        "Operating Income": 22,
        "EBIT": NaN,
        "Net Income": 17
    },
    "2017-12-31": {
        "Diluted EPS": 0.61,
        "Total Revenue": 53,
        "Gross Profit": 48,
        "Operating Income": 25,
        "EBIT": NaN,
        "Net Income": 9
    },
    "2017-09-30": {
        "Diluted EPS": 0.89,
        "Total Revenue": 51,
        "Gross Profit": 47,
        "Operating Income": 21,
        "EBIT": NaN,
        "Net Income": 14
    },
    "2017-06-30": {
        "Diluted EPS": 0.94,
        "Total Revenue": 50,
        "Gross Profit": 46,
        "Operating Income": 22,
        "EBIT": NaN,
        "Net Income": 15
    },
    "2017-03-31": {
        "Diluted EPS": 1.04,
        "Total Revenue": 53,
        "Gross Profit": 49,
        "Operating Income": 24,
        "EBIT": NaN,
        "Net Income": 16
    },
    "2016-12-31": {
        "Diluted EPS": 0.96,
        "Total Revenue": 48,
        "Gross Profit": 45,
        "Operating Income": 16,
        "EBIT": NaN,
        "Net Income": 15
    },
    "2016-09-30": {
        "Diluted EPS": 0.88,
        "Total Revenue": 50,
        "Gross Profit": 47,
        "Operating Income": 20,
        "EBIT": NaN,
        "Net Income": 13
    },
    "2016-06-30": {
        "Diluted EPS": 0.83,
        "Total Revenue": 48,
        "Gross Profit": 44,
        "Operating Income": 19,
        "EBIT": NaN,
        "Net Income": 13
    },
    "2016-03-31": {
        "Diluted EPS": 0.78,
        "Total Revenue": 45,
        "Gross Profit": 42,
        "Operating Income": 18,
        "EBIT": NaN,
        "Net Income": 12
    },
    "2015-12-31": {
        "Diluted EPS": 0.89,
        "Total Revenue": 46,
        "Gross Profit": 43,
        "Operating Income": 15,
        "EBIT": NaN,
        "Net Income": 14
    },
    "2015-09-30": {
        "Diluted EPS": 0.69,
        "Total Revenue": 44,
        "Gross Profit": 42,
        "Operating Income": 16,
        "EBIT": NaN,
        "Net Income": 11
    },
    "2015-06-30": {
        "Diluted EPS": 0.78,
        "Total Revenue": 47,
        "Gross Profit": 44,
        "Operating Income": 18,
        "EBIT": NaN,
        "Net Income": 12
    },
    "2015-03-31": {
        "Diluted EPS": 1.17,
        "Total Revenue": 56,
        "Gross Profit": 53,
        "Operating Income": 29,
        "EBIT": NaN,
        "Net Income": 18
    },
    "2014-12-31": {
        "Diluted EPS": 0.96,
        "Total Revenue": 47,
        "Gross Profit": 44,
        "Operating Income": 20,
        "EBIT": NaN,
        "Net Income": 15
    },
    "2014-09-30": {
        "Diluted EPS": 0.76,
        "Total Revenue": 47,
        "Gross Profit": 44,
        "Operating Income": 18,
        "EBIT": NaN,
        "Net Income": 12
    },
    "2014-06-30": {
        "Diluted EPS": 0.8,
        "Total Revenue": 47,
        "Gross Profit": 44,
        "Operating Income": 19,
        "EBIT": NaN,
        "Net Income": 13
    },
    "2014-03-31": {
        "Diluted EPS": 0.86,
        "Total Revenue": 47,
        "Gross Profit": 44,
        "Operating Income": 20,
        "EBIT": NaN,
        "Net Income": 14
    },
    "2013-12-31": {
        "Diluted EPS": 0.83,
        "Total Revenue": 50,
        "Gross Profit": 47,
        "Operating Income": 20,
        "EBIT": NaN,
        "Net Income": 13
    },
    "2013-09-30": {
        "Diluted EPS": 0.88,
        "Total Revenue": 50,
        "Gross Profit": 47,
        "Operating Income": 21,
        "EBIT": NaN,
        "Net Income": 14
    },
    "2013-06-30": {
        "Diluted EPS": 0.82,
        "Total Revenue": 49,
        "Gross Profit": 46,
        "Operating Income": 20,
        "EBIT": NaN,
        "Net Income": 13
    },
    "2013-03-31": {
        "Diluted EPS": 0.51,
        "Total Revenue": 47,
        "Gross Profit": 44,
        "Operating Income": 18,
        "EBIT": NaN,
        "Net Income": 8
    },
    "2012-12-31": {
        "Diluted EPS": 0.73,
        "Total Revenue": 43,
        "Gross Profit": 40,
        "Operating Income": 16,
        "EBIT": NaN,
        "Net Income": 11
    },
    "2012-09-30": {
        "Diluted EPS": 0.71,
        "Total Revenue": 43,
        "Gross Profit": 39,
        "Operating Income": 16,
        "EBIT": NaN,
        "Net Income": 11
    },
    "2012-06-30": {
        "Diluted EPS": 0.5,
        "Total Revenue": 41,
        "Gross Profit": 38,
        "Operating Income": 15,
        "EBIT": NaN,
        "Net Income": 7
    },
    "2012-03-31": {
        "Diluted EPS": 0.67,
        "Total Revenue": 41,
        "Gross Profit": 37,
        "Operating Income": 15,
        "EBIT": NaN,
        "Net Income": 10
    },
    "2011-12-31": {
        "Diluted EPS": 0.65,
        "Total Revenue": 40,
        "Gross Profit": 35,
        "Operating Income": 14,
        "EBIT": NaN,
        "Net Income": 10
    },
    "2011-09-30": {
        "Diluted EPS": 0.76,
        "Total Revenue": 42,
        "Gross Profit": 37,
        "Operating Income": 17,
        "EBIT": NaN,
        "Net Income": 12
    },
    "2011-06-30": {
        "Diluted EPS": 0.64,
        "Total Revenue": 45,
        "Gross Profit": 39,
        "Operating Income": 15,
        "EBIT": NaN,
        "Net Income": 10
    },
    "2011-03-31": {
        "Diluted EPS": 0.62,
        "Total Revenue": 41,
        "Gross Profit": 35,
        "Operating Income": 15,
        "EBIT": NaN,
        "Net Income": 10
    },
    "2010-12-31": {
        "Diluted EPS": 0.63,
        "Total Revenue": 41,
        "Gross Profit": 35,
        "Operating Income": 14,
        "EBIT": NaN,
        "Net Income": 10
    },
    "2010-09-30": {
        "Diluted EPS": 0.58,
        "Total Revenue": 42,
        "Gross Profit": 35,
        "Operating Income": 13,
        "EBIT": NaN,
        "Net Income": 9
    },
    "2010-06-30": {
        "Diluted EPS": 0.68,
        "Total Revenue": 45,
        "Gross Profit": 38,
        "Operating Income": 16,
        "EBIT": NaN,
        "Net Income": 11
    },
    "2010-03-31": {
        "Diluted EPS": 0.58,
        "Total Revenue": 43,
        "Gross Profit": 36,
        "Operating Income": 14,
        "EBIT": NaN,
        "Net Income": 9
    },
    "2009-12-31": {
        "Diluted EPS": 0.69,
        "Total Revenue": 45,
        "Gross Profit": 37,
        "Operating Income": 16,
        "EBIT": NaN,
        "Net Income": 11
    },
    "2009-09-30": {
        "Diluted EPS": 0.66,
        "Total Revenue": 45,
        "Gross Profit": 36,
        "Operating Income": 16,
        "EBIT": NaN,
        "Net Income": 10
    },
    "2009-06-30": {
        "Diluted EPS": 0.64,
        "Total Revenue": 47,
        "Gross Profit": 38,
        "Operating Income": 15,
        "EBIT": NaN,
        "Net Income": 10
    },
    "2009-03-31": {
        "Diluted EPS": 0.69,
        "Total Revenue": 47,
        "Gross Profit": 37,
        "Operating Income": 17,
        "EBIT": NaN,
        "Net Income": 11
    },
    "2023-09-30": {
        "Tax Effect Of Unusual Items": -8862.0,
        "Tax Rate For Calcs": 0.211,
        "Total Unusual Items": -42000.0,
        "Total Unusual Items Excluding Goodwill": -42000.0,
        "Net Income From Continuing Operation Net Minority Interest": 29839000.0,
        "Reconciled Depreciation": 2888000.0,
        "Net Interest Income": 55614000.0,
        "Interest Expense": 14575000.0,
        "Interest Income": 70189000.0,
        "Normalized Income": 29872138.0,
        "Net Income From Continuing And Discontinued Operation": 29839000.0,
        "Diluted Average Shares": 14945000.0,
        "Basic Average Shares": 14922000.0,
        "Diluted EPS": 1.98,
        "Basic EPS": 1.98,
        "Diluted NI Availto Com Stockholders": 29558000.0,
        "Net Income Common Stockholders": 29558000.0,
        "Otherunder Preferred Stock Dividend": 281000.0,
        "Net Income": 29839000.0,
        "Net Income Including Noncontrolling Interests": 29839000.0,
        "Net Income Continuous Operations": 29839000.0,
        "Tax Provision": 7957000.0,
        "Pretax Income": 37796000.0,
        "Special Income Charges": -2000.0,
        "Restructuring And Mergern Acquisition": 2000.0,
        "Gain On Sale Of Security": -730000.0,
        "Selling General And Administration": 19998000.0,
        "Selling And Marketing Expense": 790000.0,
        "General And Administrative Expense": 19208000.0,
        "Insurance And Claims": 919000.0,
        "Salaries And Wages": 18289000.0,
        "Total Revenue": 70796000.0,
        "Operating Revenue": 70796000.0,
        "Occupancy And Equipment": 5780000.0,
        "Professional Expense And Contract Services Expense": 529000.0,
        "Other Non Interest Expense": 6491000.0
    },
    "2023-12-31": {
        "Tax Effect Of Unusual Items": 112004.663714,
        "Tax Rate For Calcs": 0.194791,
        "Total Unusual Items": 575000.0,
        "Total Unusual Items Excluding Goodwill": 575000.0,
        "Net Income From Continuing Operation Net Minority Interest": 27452000.0,
        "Reconciled Depreciation": 773000.0,
        "Net Interest Income": 54666000.0,
        "Interest Expense": 17198000.0,
        "Interest Income": 71864000.0,
        "Normalized Income": 26989004.663714,
        "Net Income From Continuing And Discontinued Operation": 27452000.0,
        "Diluted Average Shares": 14785000.0,
        "Basic Average Shares": 14758000.0,
        "Diluted EPS": 1.84,
        "Basic EPS": 1.84,
        "Diluted NI Availto Com Stockholders": 27229000.0,
        "Net Income Common Stockholders": 27229000.0,
        "Otherunder Preferred Stock Dividend": 223000.0,
        "Net Income": 27452000.0,
        "Net Income Including Noncontrolling Interests": 27452000.0,
        "Net Income Continuous Operations": 27452000.0,
        "Tax Provision": 6641000.0,
        "Pretax Income": 34093000.0,
        "Special Income Charges": 497000.0,
        "Restructuring And Mergern Acquisition": -497000.0,
        "Gain On Sale Of Security": -4586000.0,
        "Selling General And Administration": 20228000.0,
        "Selling And Marketing Expense": 588000.0,
        "General And Administrative Expense": 19640000.0,
        "Insurance And Claims": 868000.0,
        "Salaries And Wages": 18772000.0,
        "Total Revenue": 66966000.0,
        "Operating Revenue": 66966000.0,
        "Occupancy And Equipment": 5741000.0,
        "Professional Expense And Contract Services Expense": 478000.0,
        "Other Non Interest Expense": 7223000.0
    },
    "2024-03-31": {
        "Tax Effect Of Unusual Items": -44655.0,
        "Tax Rate For Calcs": 0.195,
        "Total Unusual Items": -229000.0,
        "Total Unusual Items Excluding Goodwill": -229000.0,
        "Net Income From Continuing Operation Net Minority Interest": 29523000.0,
        "Reconciled Depreciation": 2988000.0,
        "Net Interest Income": 54427000.0,
        "Interest Expense": 19141000.0,
        "Interest Income": 73568000.0,
        "Normalized Income": 29707345.0,
        "Net Income From Continuing And Discontinued Operation": 29523000.0,
        "Diluted Average Shares": 14819000.0,
        "Basic Average Shares": 14795000.0,
        "Diluted EPS": 1.97,
        "Basic EPS": 1.98,
        "Diluted NI Availto Com Stockholders": 29262000.0,
        "Net Income Common Stockholders": 29262000.0,
        "Otherunder Preferred Stock Dividend": 261000.0,
        "Net Income": 29523000.0,
        "Net Income Including Noncontrolling Interests": 29523000.0,
        "Net Income Continuous Operations": 29523000.0,
        "Tax Provision": 7132000.0,
        "Pretax Income": 36655000.0,
        "Special Income Charges": 0.0,
        "Restructuring And Mergern Acquisition": 0.0,
        "Gain On Sale Of Security": -153000.0,
        "Selling General And Administration": 20456000.0,
        "Selling And Marketing Expense": 867000.0,
        "General And Administrative Expense": 19589000.0,
        "Insurance And Claims": 711000.0,
        "Salaries And Wages": 18878000.0,
        "Total Revenue": 70107000.0,
        "Operating Revenue": 70107000.0,
        "Occupancy And Equipment": 5769000.0,
        "Professional Expense And Contract Services Expense": 482000.0,
        "Other Non Interest Expense": 6925000.0
    }
}