{
    "2023-06-30": {
        "Tax Effect Of Unusual Items": 0.0,
        "Tax Rate For Calcs": 0.179,
        "Normalized EBITDA": 349400000.0,
        "Total Unusual Items": NaN,
        "Total Unusual Items Excluding Goodwill": NaN,
        "Net Income From Continuing Operation Net Minority Interest": 221200000.0,
        "Reconciled Depreciation": 55800000.0,
        "Reconciled Cost Of Revenue": 815300000.0,
        "EBIT": 293600000.0,
        "Net Interest Income": -27900000.0,
        "Interest Expense": 27900000.0,
        "Normalized Income": 221200000.0,
        "Net Income From Continuing And Discontinued Operation": 221200000.0,
        "Total Expenses": 1160600000.0,
        "Total Operating Income As Reported": 293600000.0,
        "Diluted Average Shares": 247900000.0,
        "Basic Average Shares": 245000000.0,
        "Diluted EPS": 0.89,
        "Basic EPS": 0.9,
        "Diluted NI Availto Com Stockholders": 221200000.0,
        "Net Income Common Stockholders": 221200000.0,
        "Net Income": 221200000.0,
        "Net Income Including Noncontrolling Interests": 221200000.0,
        "Net Income Continuous Operations": 221200000.0,
        "Tax Provision": 48200000.0,
        "Pretax Income": 269400000.0,
        "Other Income Expense": -24200000.0,
        "Other Non Operating Income Expenses": -26200000.0,
        "Earnings From Equity Interest": 2000000.0,
        "Gain On Sale Of Security": NaN,
        "Net Non Operating Interest Income Expense": -27900000.0,
        "Interest Expense Non Operating": 27900000.0,
        "Operating Income": 293600000.0,
        "Operating Expense": 345300000.0,
        "Selling General And Administration": 345300000.0,
        "Selling And Marketing Expense": 132200000.0,
        "General And Administrative Expense": 213100000.0,
        "Other Gand A": 213100000.0,
        "Gross Profit": 638900000.0,
        "Cost Of Revenue": 815300000.0,
        "Total Revenue": 1454200000.0,
        "Operating Revenue": 1454200000.0
    },
    "2023-03-31": {
        "Tax Effect Of Unusual Items": 0.0,
        "Tax Rate For Calcs": 0.244,
        "Normalized EBITDA": 346800000.0,
        "Total Unusual Items": NaN,
        "Total Unusual Items Excluding Goodwill": NaN,
        "Net Income From Continuing Operation Net Minority Interest": 203200000.0,
        "Reconciled Depreciation": 54900000.0,
        "Reconciled Cost Of Revenue": 807800000.0,
        "EBIT": 291900000.0,
        "Net Interest Income": -28800000.0,
        "Interest Expense": 28800000.0,
        "Normalized Income": 203200000.0,
        "Net Income From Continuing And Discontinued Operation": 203200000.0,
        "Total Expenses": 1137900000.0,
        "Total Operating Income As Reported": 291900000.0,
        "Diluted Average Shares": 246800000.0,
        "Basic Average Shares": 243800000.0,
        "Diluted EPS": 0.82,
        "Basic EPS": 0.83,
        "Diluted NI Availto Com Stockholders": 203200000.0,
        "Net Income Common Stockholders": 203200000.0,
        "Net Income": 203200000.0,
        "Net Income Including Noncontrolling Interests": 203200000.0,
        "Net Income Continuous Operations": 203200000.0,
        "Tax Provision": 65600000.0,
        "Pretax Income": 268800000.0,
        "Other Income Expense": -23100000.0,
        "Other Non Operating Income Expenses": -27500000.0,
        "Earnings From Equity Interest": 4400000.0,
        "Gain On Sale Of Security": NaN,
        "Net Non Operating Interest Income Expense": -28800000.0,
        "Interest Expense Non Operating": 28800000.0,
        "Operating Income": 291900000.0,
        "Operating Expense": 330100000.0,
        "Selling General And Administration": 330100000.0,
        "Selling And Marketing Expense": 122300000.0,
        "General And Administrative Expense": 207800000.0,
        "Other Gand A": 207800000.0,
        "Gross Profit": 622000000.0,
        "Cost Of Revenue": 807800000.0,
        "Total Revenue": 1429800000.0,
        "Operating Revenue": 1429800000.0
    },
    "2022-12-31": {
        "Tax Effect Of Unusual Items": 0.0,
        "Tax Rate For Calcs": 0.264,
        "Normalized EBITDA": -140000000.0,
        "Total Unusual Items": 2000000.0,
        "Total Unusual Items Excluding Goodwill": 2000000.0,
        "Net Income From Continuing Operation Net Minority Interest": -164700000.0,
        "Reconciled Depreciation": 58400000.0,
        "Reconciled Cost Of Revenue": 833500000.0,
        "EBIT": -198400000.0,
        "Net Interest Income": -30000000.0,
        "Interest Expense": 30000000.0,
        "Normalized Income": -164700000.0,
        "Net Income From Continuing And Discontinued Operation": -164700000.0,
        "Total Expenses": 1634400000.0,
        "Total Operating Income As Reported": -198400000.0,
        "Diluted Average Shares": 246000000.0,
        "Basic Average Shares": 243500000.0,
        "Diluted EPS": -0.68,
        "Basic EPS": -0.68,
        "Diluted NI Availto Com Stockholders": -164700000.0,
        "Net Income Common Stockholders": -164700000.0,
        "Net Income": -164700000.0,
        "Net Income Including Noncontrolling Interests": -164700000.0,
        "Net Income Continuous Operations": -164700000.0,
        "Tax Provision": -59200000.0,
        "Pretax Income": -223900000.0,
        "Other Income Expense": -25500000.0,
        "Other Non Operating Income Expenses": -27800000.0,
        "Earnings From Equity Interest": 2300000.0,
        "Gain On Sale Of Security": 2000000.0,
        "Net Non Operating Interest Income Expense": -30000000.0,
        "Interest Expense Non Operating": 30000000.0,
        "Operating Income": -198400000.0,
        "Operating Expense": 800900000.0,
        "Selling General And Administration": 800900000.0,
        "Selling And Marketing Expense": 189700000.0,
        "General And Administrative Expense": 611200000.0,
        "Other Gand A": 611200000.0,
        "Gross Profit": 602500000.0,
        "Cost Of Revenue": 833500000.0,
        "Total Revenue": 1436000000.0,
        "Operating Revenue": 1436000000.0
    },
    "2022-09-30": {
        "Tax Effect Of Unusual Items": 0.0,
        "Tax Rate For Calcs": 0.202,
        "Normalized EBITDA": 253900000.0,
        "Total Unusual Items": 1500000.0,
        "Total Unusual Items Excluding Goodwill": 1500000.0,
        "Net Income From Continuing Operation Net Minority Interest": 187100000.0,
        "Reconciled Depreciation": 53300000.0,
        "Reconciled Cost Of Revenue": 767600000.0,
        "EBIT": 253900000.0,
        "Net Interest Income": -23700000.0,
        "Interest Expense": 23700000.0,
        "Normalized Income": 187100000.0,
        "Net Income From Continuing And Discontinued Operation": 187100000.0,
        "Total Expenses": 1063400000.0,
        "Total Operating Income As Reported": 253900000.0,
        "Diluted Average Shares": 246000000.0,
        "Basic Average Shares": 242800000.0,
        "Diluted EPS": 0.76,
        "Basic EPS": 0.77,
        "Diluted NI Availto Com Stockholders": 187100000.0,
        "Net Income Common Stockholders": 187100000.0,
        "Net Income": 187100000.0,
        "Net Income Including Noncontrolling Interests": 187100000.0,
        "Net Income Continuous Operations": 187100000.0,
        "Tax Provision": 47400000.0,
        "Pretax Income": 234500000.0,
        "Other Income Expense": -19400000.0,
        "Other Non Operating Income Expenses": -23100000.0,
        "Earnings From Equity Interest": 3700000.0,
        "Gain On Sale Of Security": 1500000.0,
        "Net Non Operating Interest Income Expense": -23700000.0,
        "Interest Expense Non Operating": 23700000.0,
        "Operating Income": 253900000.0,
        "Operating Expense": 295800000.0,
        "Selling General And Administration": 295800000.0,
        "Selling And Marketing Expense": 140700000.0,
        "General And Administrative Expense": 155100000.0,
        "Other Gand A": 155100000.0,
        "Gross Profit": 549700000.0,
        "Cost Of Revenue": 767600000.0,
        "Total Revenue": 1317300000.0,
        "Operating Revenue": 1317300000.0
    },
    "2022-06-30": {
        "Tax Effect Of Unusual Items": 72300.0,
        "Tax Rate For Calcs": 0.241,
        "Normalized EBITDA": 319100000.0,
        "Total Unusual Items": 300000.0,
        "Total Unusual Items Excluding Goodwill": 300000.0,
        "Net Income From Continuing Operation Net Minority Interest": 187100000.0,
        "Reconciled Depreciation": 53600000.0,
        "Reconciled Cost Of Revenue": 779800000.0,
        "EBIT": 265800000.0,
        "Net Interest Income": -19300000.0,
        "Interest Expense": 19300000.0,
        "Normalized Income": 186872300.0,
        "Net Income From Continuing And Discontinued Operation": 187100000.0,
        "Total Expenses": 1063500000.0,
        "Total Operating Income As Reported": 261600000.0,
        "Diluted Average Shares": 246400000.0,
        "Basic Average Shares": 242600000.0,
        "Diluted EPS": 0.76,
        "Basic EPS": 0.77,
        "Diluted NI Availto Com Stockholders": 187100000.0,
        "Net Income Common Stockholders": 187100000.0,
        "Net Income": 187100000.0,
        "Net Income Including Noncontrolling Interests": 187100000.0,
        "Net Income Continuous Operations": 187100000.0,
        "Tax Provision": 59400000.0,
        "Pretax Income": 246500000.0,
        "Other Income Expense": 4200000.0,
        "Other Non Operating Income Expenses": NaN,
        "Earnings From Equity Interest": 3900000.0,
        "Gain On Sale Of Security": 300000.0,
        "Net Non Operating Interest Income Expense": -19300000.0,
        "Interest Expense Non Operating": 19300000.0,
        "Operating Income": 261600000.0,
        "Operating Expense": 283700000.0,
        "Selling General And Administration": 283700000.0,
        "Selling And Marketing Expense": 102900000.0,
        "General And Administrative Expense": 180800000.0,
        "Other Gand A": 180800000.0,
        "Gross Profit": 545300000.0,
        "Cost Of Revenue": 779800000.0,
        "Total Revenue": 1325100000.0,
        "Operating Revenue": 1325100000.0
    },
    "2022-03-31": {
        "Diluted EPS": 0.83,
        "Total Revenue": NaN,
        "Gross Profit": 553,
        "Operating Income": 281,
        "EBIT": 334,
        "Net Income": 204
    },
    "2021-12-31": {
        "Diluted EPS": 0.65,
        "Total Revenue": NaN,
        "Gross Profit": 581,
        "Operating Income": 176,
        "EBIT": 231,
        "Net Income": 158
    },
    "2021-09-30": {
        "Diluted EPS": 0.92,
        "Total Revenue": NaN,
        "Gross Profit": 579,
        "Operating Income": 301,
        "EBIT": 356,
        "Net Income": 230
    },
    "2021-06-30": {
        "Diluted EPS": 0.87,
        "Total Revenue": NaN,
        "Gross Profit": 552,
        "Operating Income": 299,
        "EBIT": 354,
        "Net Income": 218
    },
    "2021-03-31": {
        "Diluted EPS": 0.88,
        "Total Revenue": NaN,
        "Gross Profit": 551,
        "Operating Income": 303,
        "EBIT": 358,
        "Net Income": 221
    },
    "2020-12-31": {
        "Diluted EPS": 0.6,
        "Total Revenue": NaN,
        "Gross Profit": 557,
        "Operating Income": 191,
        "EBIT": 241,
        "Net Income": 150
    },
    "2020-09-30": {
        "Diluted EPS": 0.85,
        "Total Revenue": NaN,
        "Gross Profit": 565,
        "Operating Income": 274,
        "EBIT": 320,
        "Net Income": 216
    },
    "2020-06-30": {
        "Diluted EPS": 0.75,
        "Total Revenue": NaN,
        "Gross Profit": 560,
        "Operating Income": 251,
        "EBIT": 297,
        "Net Income": 190
    },
    "2020-03-31": {
        "Diluted EPS": 0.92,
        "Total Revenue": NaN,
        "Gross Profit": 532,
        "Operating Income": 315,
        "EBIT": 361,
        "Net Income": 230
    },
    "2019-12-31": {
        "Diluted EPS": 0.57,
        "Total Revenue": NaN,
        "Gross Profit": 524,
        "Operating Income": 195,
        "EBIT": 242,
        "Net Income": 144
    },
    "2019-09-30": {
        "Diluted EPS": 0.62,
        "Total Revenue": NaN,
        "Gross Profit": 508,
        "Operating Income": 217,
        "EBIT": 264,
        "Net Income": 157
    },
    "2019-06-30": {
        "Diluted EPS": 0.55,
        "Total Revenue": NaN,
        "Gross Profit": 482,
        "Operating Income": 187,
        "EBIT": 232,
        "Net Income": 139
    },
    "2019-03-31": {
        "Diluted EPS": 0.7,
        "Total Revenue": NaN,
        "Gross Profit": 471,
        "Operating Income": 241,
        "EBIT": 279,
        "Net Income": 176
    },
    "2018-12-31": {
        "Diluted EPS": 0.57,
        "Total Revenue": NaN,
        "Gross Profit": 474,
        "Operating Income": 193,
        "EBIT": 229,
        "Net Income": 143
    },
    "2018-09-30": {
        "Diluted EPS": 0.58,
        "Total Revenue": NaN,
        "Gross Profit": 460,
        "Operating Income": 204,
        "EBIT": 240,
        "Net Income": 146
    },
    "2018-06-30": {
        "Diluted EPS": 0.49,
        "Total Revenue": NaN,
        "Gross Profit": 455,
        "Operating Income": 174,
        "EBIT": 208,
        "Net Income": 122
    },
    "2018-03-31": {
        "Diluted EPS": 0.63,
        "Total Revenue": NaN,
        "Gross Profit": 452,
        "Operating Income": 220,
        "EBIT": 256,
        "Net Income": 158
    },
    "2017-12-31": {
        "Diluted EPS": 1.58,
        "Total Revenue": NaN,
        "Gross Profit": 481,
        "Operating Income": 215,
        "EBIT": 249,
        "Net Income": 406
    },
    "2017-09-30": {
        "Diluted EPS": 0.52,
        "Total Revenue": 968,
        "Gross Profit": 439,
        "Operating Income": 199,
        "EBIT": 231,
        "Net Income": 133
    },
    "2017-06-30": {
        "Diluted EPS": 0.29,
        "Total Revenue": 898,
        "Gross Profit": 410,
        "Operating Income": 123,
        "EBIT": 153,
        "Net Income": 73
    },
    "2017-03-31": {
        "Diluted EPS": 0.51,
        "Total Revenue": 877,
        "Gross Profit": 399,
        "Operating Income": 196,
        "EBIT": 225,
        "Net Income": 132
    },
    "2016-12-31": {
        "Diluted EPS": 0.42,
        "Total Revenue": 896,
        "Gross Profit": 408,
        "Operating Income": 173,
        "EBIT": 201,
        "Net Income": 110
    },
    "2016-09-30": {
        "Diluted EPS": 0.47,
        "Total Revenue": 871,
        "Gross Profit": 396,
        "Operating Income": 196,
        "EBIT": 222,
        "Net Income": 124
    },
    "2016-06-30": {
        "Diluted EPS": 0.43,
        "Total Revenue": 877,
        "Gross Profit": 408,
        "Operating Income": 175,
        "EBIT": 202,
        "Net Income": 112
    },
    "2016-03-31": {
        "Diluted EPS": 0.43,
        "Total Revenue": 849,
        "Gross Profit": 379,
        "Operating Income": 180,
        "EBIT": 207,
        "Net Income": 113
    },
    "2015-12-31": {
        "Diluted EPS": 0.42,
        "Total Revenue": 874,
        "Gross Profit": 397,
        "Operating Income": 169,
        "EBIT": 194,
        "Net Income": 109
    },
    "2015-09-30": {
        "Diluted EPS": 0.45,
        "Total Revenue": 862,
        "Gross Profit": 386,
        "Operating Income": 191,
        "EBIT": 216,
        "Net Income": 120
    },
    "2015-06-30": {
        "Diluted EPS": 0.28,
        "Total Revenue": 847,
        "Gross Profit": 373,
        "Operating Income": 142,
        "EBIT": 168,
        "Net Income": 74
    },
    "2015-03-31": {
        "Diluted EPS": 0.4,
        "Total Revenue": 812,
        "Gross Profit": 356,
        "Operating Income": 172,
        "EBIT": 198,
        "Net Income": 107
    },
    "2014-12-31": {
        "Diluted EPS": 0.4,
        "Total Revenue": 866,
        "Gross Profit": 390,
        "Operating Income": 164,
        "EBIT": 187,
        "Net Income": 107
    },
    "2014-09-30": {
        "Diluted EPS": 0.43,
        "Total Revenue": 842,
        "Gross Profit": 368,
        "Operating Income": 177,
        "EBIT": 199,
        "Net Income": 116
    },
    "2014-06-30": {
        "Diluted EPS": 0.33,
        "Total Revenue": 808,
        "Gross Profit": 356,
        "Operating Income": 138,
        "EBIT": 161,
        "Net Income": 89
    },
    "2014-03-31": {
        "Diluted EPS": 0.37,
        "Total Revenue": 782,
        "Gross Profit": 339,
        "Operating Income": 162,
        "EBIT": 185,
        "Net Income": 103
    },
    "2013-12-31": {
        "Diluted EPS": 0.33,
        "Total Revenue": 823,
        "Gross Profit": 372,
        "Operating Income": 145,
        "EBIT": 167,
        "Net Income": 92
    },
    "2013-09-30": {
        "Diluted EPS": 0.38,
        "Total Revenue": 805,
        "Gross Profit": 365,
        "Operating Income": 168,
        "EBIT": 189,
        "Net Income": 108
    },
    "2013-06-30": {
        "Diluted EPS": 0.31,
        "Total Revenue": 788,
        "Gross Profit": 351,
        "Operating Income": 141,
        "EBIT": 163,
        "Net Income": 87
    },
    "2013-03-31": {
        "Diluted EPS": 0.38,
        "Total Revenue": 779,
        "Gross Profit": 350,
        "Operating Income": 169,
        "EBIT": 193,
        "Net Income": 108
    },
    "2012-12-31": {
        "Diluted EPS": 0.29,
        "Total Revenue": 810,
        "Gross Profit": 358,
        "Operating Income": 135,
        "EBIT": 160,
        "Net Income": 81
    },
    "2012-09-30": {
        "Diluted EPS": 0.33,
        "Total Revenue": 725,
        "Gross Profit": 328,
        "Operating Income": 145,
        "EBIT": 166,
        "Net Income": 94
    },
    "2012-06-30": {
        "Diluted EPS": 0.28,
        "Total Revenue": 696,
        "Gross Profit": 303,
        "Operating Income": 122,
        "EBIT": 143,
        "Net Income": 79
    },
    "2012-03-31": {
        "Diluted EPS": 0.33,
        "Total Revenue": 691,
        "Gross Profit": 303,
        "Operating Income": 143,
        "EBIT": 162,
        "Net Income": 96
    },
    "2011-12-31": {
        "Diluted EPS": 0.22,
        "Total Revenue": 731,
        "Gross Profit": 317,
        "Operating Income": 117,
        "EBIT": 136,
        "Net Income": 64
    },
    "2011-09-30": {
        "Diluted EPS": 0.27,
        "Total Revenue": 701,
        "Gross Profit": 310,
        "Operating Income": 126,
        "EBIT": 146,
        "Net Income": 80
    },
    "2011-06-30": {
        "Diluted EPS": 0.29,
        "Total Revenue": 675,
        "Gross Profit": 300,
        "Operating Income": 118,
        "EBIT": 138,
        "Net Income": 83
    },
    "2011-03-31": {
        "Diluted EPS": 0.29,
        "Total Revenue": 642,
        "Gross Profit": 288,
        "Operating Income": 131,
        "EBIT": 151,
        "Net Income": 84
    },
    "2010-12-31": {
        "Diluted EPS": 0.16,
        "Total Revenue": 657,
        "Gross Profit": 292,
        "Operating Income": 80,
        "EBIT": 97,
        "Net Income": 47
    },
    "2010-09-30": {
        "Diluted EPS": 0.24,
        "Total Revenue": 657,
        "Gross Profit": 289,
        "Operating Income": 113,
        "EBIT": 131,
        "Net Income": 70
    },
    "2010-06-30": {
        "Diluted EPS": 0.26,
        "Total Revenue": 641,
        "Gross Profit": 291,
        "Operating Income": 120,
        "EBIT": 138,
        "Net Income": 74
    },
    "2010-03-31": {
        "Diluted EPS": 0.28,
        "Total Revenue": 635,
        "Gross Profit": 286,
        "Operating Income": 132,
        "EBIT": 150,
        "Net Income": 80
    },
    "2009-12-31": {
        "Diluted EPS": 0.18,
        "Total Revenue": 671,
        "Gross Profit": 285,
        "Operating Income": 91,
        "EBIT": 112,
        "Net Income": 53
    },
    "2009-09-30": {
        "Diluted EPS": 0.25,
        "Total Revenue": 646,
        "Gross Profit": 285,
        "Operating Income": 118,
        "EBIT": 139,
        "Net Income": 70
    },
    "2009-06-30": {
        "Diluted EPS": 0.2,
        "Total Revenue": 623,
        "Gross Profit": 282,
        "Operating Income": 99,
        "EBIT": 121,
        "Net Income": 58
    },
    "2009-03-31": {
        "Diluted EPS": 0.22,
        "Total Revenue": 581,
        "Gross Profit": 249,
        "Operating Income": 105,
        "EBIT": 126,
        "Net Income": 63
    }
}