{
    "2023-06-30": {
        "Tax Effect Of Unusual Items": 362765.381554,
        "Tax Rate For Calcs": 0.2412,
        "Normalized EBITDA": 84759000.0,
        "Total Unusual Items": 1504000.0,
        "Total Unusual Items Excluding Goodwill": 1504000.0,
        "Net Income From Continuing Operation Net Minority Interest": 53377000.0,
        "Reconciled Depreciation": 15148000.0,
        "Reconciled Cost Of Revenue": 374193000.0,
        "EBITDA": 86263000.0,
        "EBIT": 71115000.0,
        "Net Interest Income": -658000.0,
        "Interest Expense": 771000.0,
        "Interest Income": 113000.0,
        "Normalized Income": 52235765.381554,
        "Net Income From Continuing And Discontinued Operation": 53377000.0,
        "Total Expenses": 484310000.0,
        "Total Operating Income As Reported": 69506000.0,
        "Diluted Average Shares": 15219000.0,
        "Basic Average Shares": 15058000.0,
        "Diluted EPS": 3.51,
        "Basic EPS": 3.54,
        "Diluted NI Availto Com Stockholders": 53377000.0,
        "Average Dilution Earnings": NaN,
        "Net Income Common Stockholders": 53377000.0,
        "Net Income": 53377000.0,
        "Net Income Including Noncontrolling Interests": 53377000.0,
        "Net Income Continuous Operations": 53377000.0,
        "Tax Provision": 16967000.0,
        "Pretax Income": 70344000.0,
        "Other Income Expense": 1496000.0,
        "Other Non Operating Income Expenses": -8000.0,
        "Gain On Sale Of Security": 1504000.0,
        "Net Non Operating Interest Income Expense": -658000.0,
        "Interest Expense Non Operating": 771000.0,
        "Interest Income Non Operating": 113000.0,
        "Operating Income": 69506000.0,
        "Operating Expense": 110117000.0,
        "Other Operating Expenses": -18000.0,
        "Depreciation Amortization Depletion Income Statement": 15148000.0,
        "Depreciation And Amortization In Income Statement": 15148000.0,
        "Amortization": 2514000.0,
        "Amortization Of Intangibles Income Statement": 2514000.0,
        "Depreciation Income Statement": 12634000.0,
        "Selling General And Administration": 94987000.0,
        "General And Administrative Expense": 94987000.0,
        "Other Gand A": 91733000.0,
        "Salaries And Wages": 3254000.0,
        "Gross Profit": 179623000.0,
        "Cost Of Revenue": 374193000.0,
        "Total Revenue": 553816000.0,
        "Operating Revenue": 555818000.0
    },
    "2023-03-31": {
        "Tax Effect Of Unusual Items": -76719.0,
        "Tax Rate For Calcs": 0.239,
        "Normalized EBITDA": 87836000.0,
        "Total Unusual Items": -321000.0,
        "Total Unusual Items Excluding Goodwill": -321000.0,
        "Net Income From Continuing Operation Net Minority Interest": 54121000.0,
        "Reconciled Depreciation": 14799000.0,
        "Reconciled Cost Of Revenue": 370705000.0,
        "EBITDA": 87515000.0,
        "EBIT": 72716000.0,
        "Net Interest Income": -1401000.0,
        "Interest Expense": 1551000.0,
        "Interest Income": 150000.0,
        "Normalized Income": 54365281.0,
        "Net Income From Continuing And Discontinued Operation": 54121000.0,
        "Total Expenses": 487338000.0,
        "Total Operating Income As Reported": 72819000.0,
        "Diluted Average Shares": 15110000.0,
        "Basic Average Shares": 14966000.0,
        "Diluted EPS": 3.58,
        "Basic EPS": 3.62,
        "Diluted NI Availto Com Stockholders": 54121000.0,
        "Average Dilution Earnings": 0.0,
        "Net Income Common Stockholders": 54121000.0,
        "Net Income": 54121000.0,
        "Net Income Including Noncontrolling Interests": 54121000.0,
        "Net Income Continuous Operations": 54121000.0,
        "Tax Provision": 17044000.0,
        "Pretax Income": 71165000.0,
        "Other Income Expense": -253000.0,
        "Other Non Operating Income Expenses": 68000.0,
        "Gain On Sale Of Security": -321000.0,
        "Net Non Operating Interest Income Expense": -1401000.0,
        "Interest Expense Non Operating": 1551000.0,
        "Interest Income Non Operating": 150000.0,
        "Operating Income": 72819000.0,
        "Operating Expense": 116633000.0,
        "Other Operating Expenses": 1739000.0,
        "Depreciation Amortization Depletion Income Statement": 14799000.0,
        "Depreciation And Amortization In Income Statement": 14799000.0,
        "Amortization": 2513000.0,
        "Amortization Of Intangibles Income Statement": 2513000.0,
        "Depreciation Income Statement": 12286000.0,
        "Selling General And Administration": 100095000.0,
        "General And Administrative Expense": 100095000.0,
        "Other Gand A": 97902000.0,
        "Salaries And Wages": 2193000.0,
        "Gross Profit": 189452000.0,
        "Cost Of Revenue": 370705000.0,
        "Total Revenue": 560157000.0,
        "Operating Revenue": 562496000.0
    },
    "2022-12-31": {
        "Tax Effect Of Unusual Items": NaN,
        "Tax Rate For Calcs": NaN,
        "Normalized EBITDA": NaN,
        "Total Unusual Items": NaN,
        "Total Unusual Items Excluding Goodwill": NaN,
        "Net Income From Continuing Operation Net Minority Interest": NaN,
        "Reconciled Depreciation": NaN,
        "Reconciled Cost Of Revenue": NaN,
        "EBITDA": NaN,
        "EBIT": NaN,
        "Net Interest Income": NaN,
        "Interest Expense": NaN,
        "Interest Income": NaN,
        "Normalized Income": NaN,
        "Net Income From Continuing And Discontinued Operation": NaN,
        "Total Expenses": NaN,
        "Total Operating Income As Reported": NaN,
        "Diluted Average Shares": NaN,
        "Basic Average Shares": NaN,
        "Diluted EPS": NaN,
        "Basic EPS": NaN,
        "Diluted NI Availto Com Stockholders": NaN,
        "Average Dilution Earnings": NaN,
        "Net Income Common Stockholders": NaN,
        "Net Income": NaN,
        "Net Income Including Noncontrolling Interests": NaN,
        "Net Income Continuous Operations": NaN,
        "Tax Provision": NaN,
        "Pretax Income": NaN,
        "Other Income Expense": NaN,
        "Other Non Operating Income Expenses": -9589000.0,
        "Gain On Sale Of Security": NaN,
        "Net Non Operating Interest Income Expense": NaN,
        "Interest Expense Non Operating": NaN,
        "Interest Income Non Operating": NaN,
        "Operating Income": NaN,
        "Operating Expense": NaN,
        "Other Operating Expenses": NaN,
        "Depreciation Amortization Depletion Income Statement": NaN,
        "Depreciation And Amortization In Income Statement": NaN,
        "Amortization": NaN,
        "Amortization Of Intangibles Income Statement": NaN,
        "Depreciation Income Statement": NaN,
        "Selling General And Administration": NaN,
        "General And Administrative Expense": NaN,
        "Other Gand A": NaN,
        "Salaries And Wages": NaN,
        "Gross Profit": NaN,
        "Cost Of Revenue": NaN,
        "Total Revenue": NaN,
        "Operating Revenue": NaN
    },
    "2022-09-30": {
        "Tax Effect Of Unusual Items": NaN,
        "Tax Rate For Calcs": NaN,
        "Normalized EBITDA": NaN,
        "Total Unusual Items": NaN,
        "Total Unusual Items Excluding Goodwill": NaN,
        "Net Income From Continuing Operation Net Minority Interest": NaN,
        "Reconciled Depreciation": NaN,
        "Reconciled Cost Of Revenue": NaN,
        "EBITDA": NaN,
        "EBIT": NaN,
        "Net Interest Income": NaN,
        "Interest Expense": NaN,
        "Interest Income": NaN,
        "Normalized Income": NaN,
        "Net Income From Continuing And Discontinued Operation": NaN,
        "Total Expenses": NaN,
        "Total Operating Income As Reported": NaN,
        "Diluted Average Shares": NaN,
        "Basic Average Shares": NaN,
        "Diluted EPS": NaN,
        "Basic EPS": NaN,
        "Diluted NI Availto Com Stockholders": NaN,
        "Average Dilution Earnings": NaN,
        "Net Income Common Stockholders": NaN,
        "Net Income": NaN,
        "Net Income Including Noncontrolling Interests": NaN,
        "Net Income Continuous Operations": NaN,
        "Tax Provision": NaN,
        "Pretax Income": NaN,
        "Other Income Expense": NaN,
        "Other Non Operating Income Expenses": NaN,
        "Gain On Sale Of Security": -3176000.0,
        "Net Non Operating Interest Income Expense": NaN,
        "Interest Expense Non Operating": NaN,
        "Interest Income Non Operating": NaN,
        "Operating Income": NaN,
        "Operating Expense": NaN,
        "Other Operating Expenses": 15000.0,
        "Depreciation Amortization Depletion Income Statement": NaN,
        "Depreciation And Amortization In Income Statement": NaN,
        "Amortization": NaN,
        "Amortization Of Intangibles Income Statement": NaN,
        "Depreciation Income Statement": NaN,
        "Selling General And Administration": NaN,
        "General And Administrative Expense": NaN,
        "Other Gand A": NaN,
        "Salaries And Wages": NaN,
        "Gross Profit": NaN,
        "Cost Of Revenue": NaN,
        "Total Revenue": NaN,
        "Operating Revenue": NaN
    },
    "2022-06-30": {
        "Tax Effect Of Unusual Items": 0.0,
        "Tax Rate For Calcs": 0.228207,
        "Normalized EBITDA": 102242000.0,
        "Total Unusual Items": NaN,
        "Total Unusual Items Excluding Goodwill": NaN,
        "Net Income From Continuing Operation Net Minority Interest": 66456000.0,
        "Reconciled Depreciation": 15234000.0,
        "Reconciled Cost Of Revenue": 336821000.0,
        "EBITDA": 102242000.0,
        "EBIT": 87008000.0,
        "Net Interest Income": -748000.0,
        "Interest Expense": 902000.0,
        "Interest Income": 154000.0,
        "Normalized Income": 66456000.0,
        "Net Income From Continuing And Discontinued Operation": 66456000.0,
        "Total Expenses": 439350000.0,
        "Total Operating Income As Reported": 91938000.0,
        "Diluted Average Shares": 15111000.0,
        "Basic Average Shares": 14932000.0,
        "Diluted EPS": 4.4,
        "Basic EPS": 4.45,
        "Diluted NI Availto Com Stockholders": 66456000.0,
        "Net Income Common Stockholders": 66456000.0,
        "Net Income": 66456000.0,
        "Net Income Including Noncontrolling Interests": 66456000.0,
        "Net Income Continuous Operations": 66456000.0,
        "Tax Provision": 19650000.0,
        "Pretax Income": 86106000.0,
        "Other Income Expense": -5084000.0,
        "Other Non Operating Income Expenses": -5084000.0,
        "Gain On Sale Of Security": NaN,
        "Net Non Operating Interest Income Expense": -748000.0,
        "Interest Expense Non Operating": 902000.0,
        "Interest Income Non Operating": 154000.0,
        "Operating Income": 91938000.0,
        "Operating Expense": 102529000.0,
        "Other Operating Expenses": -558000.0,
        "Depreciation Amortization Depletion Income Statement": 15234000.0,
        "Depreciation And Amortization In Income Statement": 15234000.0,
        "Amortization": 2520000.0,
        "Amortization Of Intangibles Income Statement": 2520000.0,
        "Depreciation Income Statement": 12714000.0,
        "Selling General And Administration": 87853000.0,
        "General And Administrative Expense": 87853000.0,
        "Other Gand A": 86336000.0,
        "Salaries And Wages": 1517000.0,
        "Gross Profit": 194467000.0,
        "Cost Of Revenue": 336821000.0,
        "Total Revenue": 531288000.0,
        "Operating Revenue": 531288000.0
    },
    "2022-03-31": {
        "Diluted EPS": 4.22,
        "Total Revenue": 531,
        "Gross Profit": 194,
        "Operating Income": 89,
        "EBIT": 104,
        "Net Income": 64
    },
    "2021-12-31": {
        "Diluted EPS": 4.78,
        "Total Revenue": 541,
        "Gross Profit": 205,
        "Operating Income": 98,
        "EBIT": 112,
        "Net Income": 75
    },
    "2021-09-30": {
        "Diluted EPS": 4.55,
        "Total Revenue": 539,
        "Gross Profit": 197,
        "Operating Income": 93,
        "EBIT": 107,
        "Net Income": 72
    },
    "2021-06-30": {
        "Diluted EPS": 3.51,
        "Total Revenue": 532,
        "Gross Profit": 182,
        "Operating Income": 72,
        "EBIT": 88,
        "Net Income": 57
    },
    "2021-03-31": {
        "Diluted EPS": 4.01,
        "Total Revenue": 527,
        "Gross Profit": 187,
        "Operating Income": 80,
        "EBIT": 95,
        "Net Income": 65
    },
    "2020-12-31": {
        "Diluted EPS": 6.95,
        "Total Revenue": 533,
        "Gross Profit": 198,
        "Operating Income": 143,
        "EBIT": 158,
        "Net Income": 114
    },
    "2020-09-30": {
        "Diluted EPS": 4.14,
        "Total Revenue": 528,
        "Gross Profit": 189,
        "Operating Income": 74,
        "EBIT": 89,
        "Net Income": 68
    },
    "2020-06-30": {
        "Diluted EPS": 5.01,
        "Total Revenue": 502,
        "Gross Profit": 150,
        "Operating Income": 93,
        "EBIT": 107,
        "Net Income": 82
    },
    "2020-03-31": {
        "Diluted EPS": 3.38,
        "Total Revenue": 516,
        "Gross Profit": 164,
        "Operating Income": 79,
        "EBIT": 93,
        "Net Income": 56
    },
    "2019-12-31": {
        "Diluted EPS": 3.97,
        "Total Revenue": 522,
        "Gross Profit": 175,
        "Operating Income": 77,
        "EBIT": 92,
        "Net Income": 66
    },
    "2019-09-30": {
        "Diluted EPS": 3.56,
        "Total Revenue": 481,
        "Gross Profit": 152,
        "Operating Income": 65,
        "EBIT": 76,
        "Net Income": 59
    },
    "2019-06-30": {
        "Diluted EPS": 3.08,
        "Total Revenue": 474,
        "Gross Profit": 150,
        "Operating Income": 66,
        "EBIT": 76,
        "Net Income": 51
    },
    "2019-03-31": {
        "Diluted EPS": 2.7,
        "Total Revenue": 462,
        "Gross Profit": 140,
        "Operating Income": 49,
        "EBIT": 60,
        "Net Income": 45
    },
    "2018-12-31": {
        "Diluted EPS": 3.24,
        "Total Revenue": 458,
        "Gross Profit": 145,
        "Operating Income": 67,
        "EBIT": 78,
        "Net Income": 54
    },
    "2018-09-30": {
        "Diluted EPS": 3.06,
        "Total Revenue": 444,
        "Gross Profit": 139,
        "Operating Income": 62,
        "EBIT": 71,
        "Net Income": 51
    },
    "2018-06-30": {
        "Diluted EPS": 3.27,
        "Total Revenue": 442,
        "Gross Profit": 136,
        "Operating Income": 58,
        "EBIT": 68,
        "Net Income": 55
    },
    "2018-03-31": {
        "Diluted EPS": 2.66,
        "Total Revenue": 439,
        "Gross Profit": 135,
        "Operating Income": 56,
        "EBIT": 66,
        "Net Income": 45
    },
    "2017-12-31": {
        "Diluted EPS": 3.3,
        "Total Revenue": 428,
        "Gross Profit": 137,
        "Operating Income": 57,
        "EBIT": 66,
        "Net Income": 55
    },
    "2017-09-30": {
        "Diluted EPS": 2.13,
        "Total Revenue": 417,
        "Gross Profit": 129,
        "Operating Income": 54,
        "EBIT": 63,
        "Net Income": 35
    },
    "2017-06-30": {
        "Diluted EPS": -1.35,
        "Total Revenue": 415,
        "Gross Profit": 129,
        "Operating Income": -39,
        "EBIT": -30,
        "Net Income": -22
    },
    "2017-03-31": {
        "Diluted EPS": 1.78,
        "Total Revenue": 406,
        "Gross Profit": 121,
        "Operating Income": 41,
        "EBIT": 51,
        "Net Income": 30
    },
    "2016-12-31": {
        "Diluted EPS": 1.93,
        "Total Revenue": 403,
        "Gross Profit": 124,
        "Operating Income": 53,
        "EBIT": 62,
        "Net Income": 32
    },
    "2016-09-30": {
        "Diluted EPS": 1.62,
        "Total Revenue": 393,
        "Gross Profit": 111,
        "Operating Income": 43,
        "EBIT": 52,
        "Net Income": 27
    },
    "2016-06-30": {
        "Diluted EPS": 1.48,
        "Total Revenue": 390,
        "Gross Profit": 114,
        "Operating Income": 38,
        "EBIT": 48,
        "Net Income": 25
    },
    "2016-03-31": {
        "Diluted EPS": 1.45,
        "Total Revenue": 390,
        "Gross Profit": 112,
        "Operating Income": 44,
        "EBIT": 54,
        "Net Income": 25
    },
    "2015-12-31": {
        "Diluted EPS": 1.73,
        "Total Revenue": 399,
        "Gross Profit": 123,
        "Operating Income": 49,
        "EBIT": 59,
        "Net Income": 30
    },
    "2015-09-30": {
        "Diluted EPS": 1.65,
        "Total Revenue": 386,
        "Gross Profit": 114,
        "Operating Income": 50,
        "EBIT": 59,
        "Net Income": 29
    },
    "2015-06-30": {
        "Diluted EPS": 1.55,
        "Total Revenue": 382,
        "Gross Profit": 111,
        "Operating Income": 45,
        "EBIT": 53,
        "Net Income": 27
    },
    "2015-03-31": {
        "Diluted EPS": 1.4,
        "Total Revenue": 377,
        "Gross Profit": 108,
        "Operating Income": 41,
        "EBIT": 49,
        "Net Income": 25
    },
    "2014-12-31": {
        "Diluted EPS": 1.7,
        "Total Revenue": 379,
        "Gross Profit": 116,
        "Operating Income": 50,
        "EBIT": 59,
        "Net Income": 30
    },
    "2014-09-30": {
        "Diluted EPS": 1.39,
        "Total Revenue": 358,
        "Gross Profit": 102,
        "Operating Income": 40,
        "EBIT": 49,
        "Net Income": 25
    },
    "2014-06-30": {
        "Diluted EPS": 1.36,
        "Total Revenue": 360,
        "Gross Profit": 103,
        "Operating Income": 42,
        "EBIT": 51,
        "Net Income": 24
    },
    "2014-03-31": {
        "Diluted EPS": 1.12,
        "Total Revenue": 358,
        "Gross Profit": 100,
        "Operating Income": 37,
        "EBIT": 47,
        "Net Income": 21
    },
    "2013-12-31": {
        "Diluted EPS": 1.28,
        "Total Revenue": 349,
        "Gross Profit": 103,
        "Operating Income": 39,
        "EBIT": 50,
        "Net Income": 23
    },
    "2013-09-30": {
        "Diluted EPS": 0.94,
        "Total Revenue": 341,
        "Gross Profit": 98,
        "Operating Income": 29,
        "EBIT": 40,
        "Net Income": 17
    },
    "2013-06-30": {
        "Diluted EPS": 0.77,
        "Total Revenue": 357,
        "Gross Profit": 102,
        "Operating Income": 26,
        "EBIT": 36,
        "Net Income": 15
    },
    "2013-03-31": {
        "Diluted EPS": 1.17,
        "Total Revenue": 367,
        "Gross Profit": 102,
        "Operating Income": 39,
        "EBIT": 50,
        "Net Income": 22
    },
    "2012-12-31": {
        "Diluted EPS": 1.39,
        "Total Revenue": 369,
        "Gross Profit": 107,
        "Operating Income": 46,
        "EBIT": 56,
        "Net Income": 27
    },
    "2012-09-30": {
        "Diluted EPS": 1.07,
        "Total Revenue": 354,
        "Gross Profit": 98,
        "Operating Income": 36,
        "EBIT": 47,
        "Net Income": 21
    },
    "2012-06-30": {
        "Diluted EPS": 1.1,
        "Total Revenue": 354,
        "Gross Profit": 97,
        "Operating Income": 40,
        "EBIT": 49,
        "Net Income": 21
    },
    "2012-03-31": {
        "Diluted EPS": 1.06,
        "Total Revenue": 353,
        "Gross Profit": 95,
        "Operating Income": 35,
        "EBIT": 44,
        "Net Income": 20
    },
    "2011-12-31": {
        "Diluted EPS": 1.28,
        "Total Revenue": 350,
        "Gross Profit": 102,
        "Operating Income": 46,
        "EBIT": 56,
        "Net Income": 26
    },
    "2011-09-30": {
        "Diluted EPS": 1.04,
        "Total Revenue": 341,
        "Gross Profit": 96,
        "Operating Income": 41,
        "EBIT": 51,
        "Net Income": 22
    },
    "2011-06-30": {
        "Diluted EPS": 0.94,
        "Total Revenue": 333,
        "Gross Profit": 94,
        "Operating Income": 36,
        "EBIT": 45,
        "Net Income": 20
    },
    "2011-03-31": {
        "Diluted EPS": 0.84,
        "Total Revenue": 331,
        "Gross Profit": 93,
        "Operating Income": 31,
        "EBIT": 40,
        "Net Income": 18
    },
    "2010-12-31": {
        "Diluted EPS": 0.98,
        "Total Revenue": 336,
        "Gross Profit": 101,
        "Operating Income": 38,
        "EBIT": 48,
        "Net Income": 23
    },
    "2010-09-30": {
        "Diluted EPS": 0.91,
        "Total Revenue": 320,
        "Gross Profit": 93,
        "Operating Income": 37,
        "EBIT": 46,
        "Net Income": 21
    },
    "2010-06-30": {
        "Diluted EPS": 0.82,
        "Total Revenue": 315,
        "Gross Profit": 91,
        "Operating Income": 34,
        "EBIT": 43,
        "Net Income": 19
    },
    "2010-03-31": {
        "Diluted EPS": 0.84,
        "Total Revenue": 309,
        "Gross Profit": 90,
        "Operating Income": 34,
        "EBIT": 43,
        "Net Income": 19
    },
    "2009-12-31": {
        "Diluted EPS": 0.79,
        "Total Revenue": 303,
        "Gross Profit": 92,
        "Operating Income": 31,
        "EBIT": 40,
        "Net Income": 18
    },
    "2009-09-30": {
        "Diluted EPS": 0.84,
        "Total Revenue": 297,
        "Gross Profit": 88,
        "Operating Income": 33,
        "EBIT": 41,
        "Net Income": 19
    },
    "2009-06-30": {
        "Diluted EPS": 0.76,
        "Total Revenue": 295,
        "Gross Profit": 88,
        "Operating Income": 28,
        "EBIT": 37,
        "Net Income": 17
    },
    "2009-03-31": {
        "Diluted EPS": 0.85,
        "Total Revenue": 295,
        "Gross Profit": 88,
        "Operating Income": 35,
        "EBIT": 43,
        "Net Income": 19
    },
    "2023-09-30": {
        "Tax Effect Of Unusual Items": 834372.0,
        "Tax Rate For Calcs": 0.196,
        "Normalized EBITDA": 104831000.0,
        "Total Unusual Items": 4257000.0,
        "Total Unusual Items Excluding Goodwill": 4257000.0,
        "Net Income From Continuing Operation Net Minority Interest": 74958000.0,
        "Reconciled Depreciation": 15379000.0,
        "Reconciled Cost Of Revenue": 362358000.0,
        "EBITDA": 109088000.0,
        "EBIT": 93709000.0,
        "Net Interest Income": 2156000.0,
        "Interest Expense": 444000.0,
        "Interest Income": 2600000.0,
        "Normalized Income": 71535372.0,
        "Net Income From Continuing And Discontinued Operation": 74958000.0,
        "Total Expenses": 477682000.0,
        "Total Operating Income As Reported": 86850000.0,
        "Diluted Average Shares": 15200000.0,
        "Basic Average Shares": 15075000.0,
        "Diluted EPS": 4.93,
        "Basic EPS": 4.97,
        "Diluted NI Availto Com Stockholders": 74958000.0,
        "Average Dilution Earnings": NaN,
        "Net Income Common Stockholders": 74958000.0,
        "Net Income": 74958000.0,
        "Net Income Including Noncontrolling Interests": 74958000.0,
        "Net Income Continuous Operations": 74958000.0,
        "Tax Provision": 18307000.0,
        "Pretax Income": 93265000.0,
        "Other Income Expense": 4259000.0,
        "Other Non Operating Income Expenses": 2000.0,
        "Gain On Sale Of Security": 4257000.0,
        "Net Non Operating Interest Income Expense": 2156000.0,
        "Interest Expense Non Operating": 444000.0,
        "Interest Income Non Operating": 2600000.0,
        "Operating Income": 86850000.0,
        "Operating Expense": 115324000.0,
        "Other Operating Expenses": 343000.0,
        "Depreciation Amortization Depletion Income Statement": 15379000.0,
        "Depreciation And Amortization In Income Statement": 15379000.0,
        "Amortization": 2521000.0,
        "Amortization Of Intangibles Income Statement": 2521000.0,
        "Depreciation Income Statement": 12858000.0,
        "Selling General And Administration": 99602000.0,
        "General And Administrative Expense": 99602000.0,
        "Other Gand A": 91792000.0,
        "Salaries And Wages": 7810000.0,
        "Gross Profit": 202174000.0,
        "Cost Of Revenue": 362358000.0,
        "Total Revenue": 564532000.0,
        "Operating Revenue": 567050000.0
    },
    "2023-12-31": {
        "Tax Effect Of Unusual Items": -1701738.686599,
        "Tax Rate For Calcs": 0.220948,
        "Normalized EBITDA": 139176000.0,
        "Total Unusual Items": -7702000.0,
        "Total Unusual Items Excluding Goodwill": -7702000.0,
        "Net Income From Continuing Operation Net Minority Interest": 90053000.0,
        "Reconciled Depreciation": 15539000.0,
        "Reconciled Cost Of Revenue": 358346000.0,
        "EBITDA": 131474000.0,
        "EBIT": 115935000.0,
        "Net Interest Income": 3065000.0,
        "Interest Expense": 342000.0,
        "Interest Income": 3407000.0,
        "Normalized Income": 96053261.313401,
        "Net Income From Continuing And Discontinued Operation": 90053000.0,
        "Total Expenses": 472257000.0,
        "Total Operating Income As Reported": 111394000.0,
        "Diluted Average Shares": 15270000.0,
        "Basic Average Shares": 15099000.0,
        "Diluted EPS": 5.9,
        "Basic EPS": 5.96,
        "Diluted NI Availto Com Stockholders": 90053000.0,
        "Average Dilution Earnings": NaN,
        "Net Income Common Stockholders": 90053000.0,
        "Net Income": 90053000.0,
        "Net Income Including Noncontrolling Interests": 90053000.0,
        "Net Income Continuous Operations": 90053000.0,
        "Tax Provision": 25540000.0,
        "Pretax Income": 115593000.0,
        "Other Income Expense": -1127000.0,
        "Other Non Operating Income Expenses": 6575000.0,
        "Gain On Sale Of Security": NaN,
        "Net Non Operating Interest Income Expense": 3065000.0,
        "Interest Expense Non Operating": 342000.0,
        "Interest Income Non Operating": 3407000.0,
        "Operating Income": 113655000.0,
        "Operating Expense": 113911000.0,
        "Other Operating Expenses": NaN,
        "Depreciation Amortization Depletion Income Statement": 15539000.0,
        "Depreciation And Amortization In Income Statement": 15539000.0,
        "Amortization": 2515000.0,
        "Amortization Of Intangibles Income Statement": 2515000.0,
        "Depreciation Income Statement": 13024000.0,
        "Selling General And Administration": 100436000.0,
        "General And Administrative Expense": 100436000.0,
        "Other Gand A": 102005000.0,
        "Salaries And Wages": -1569000.0,
        "Gross Profit": 227566000.0,
        "Cost Of Revenue": 358346000.0,
        "Total Revenue": 585912000.0,
        "Operating Revenue": 579051000.0
    },
    "2024-03-31": {
        "Tax Effect Of Unusual Items": 1916820.0,
        "Tax Rate For Calcs": 0.23,
        "Normalized EBITDA": 92384000.0,
        "Total Unusual Items": 8334000.0,
        "Total Unusual Items Excluding Goodwill": 8334000.0,
        "Net Income From Continuing Operation Net Minority Interest": 65017000.0,
        "Reconciled Depreciation": 15808000.0,
        "Reconciled Cost Of Revenue": 385127000.0,
        "EBITDA": 100718000.0,
        "EBIT": 84910000.0,
        "Net Interest Income": 3818000.0,
        "Interest Expense": 425000.0,
        "Interest Income": 4243000.0,
        "Normalized Income": 58599820.0,
        "Net Income From Continuing And Discontinued Operation": 65017000.0,
        "Total Expenses": 516900000.0,
        "Total Operating Income As Reported": 72333000.0,
        "Diluted Average Shares": 15339000.0,
        "Basic Average Shares": 15121000.0,
        "Diluted EPS": 4.24,
        "Basic EPS": 4.3,
        "Diluted NI Availto Com Stockholders": 65017000.0,
        "Average Dilution Earnings": 0.0,
        "Net Income Common Stockholders": 65017000.0,
        "Net Income": 65017000.0,
        "Net Income Including Noncontrolling Interests": 65017000.0,
        "Net Income Continuous Operations": 65017000.0,
        "Tax Provision": 19468000.0,
        "Pretax Income": 84485000.0,
        "Other Income Expense": 8334000.0,
        "Other Non Operating Income Expenses": NaN,
        "Gain On Sale Of Security": 8334000.0,
        "Net Non Operating Interest Income Expense": 3818000.0,
        "Interest Expense Non Operating": 425000.0,
        "Interest Income Non Operating": 4243000.0,
        "Operating Income": 72333000.0,
        "Operating Expense": 131773000.0,
        "Other Operating Expenses": 92000.0,
        "Depreciation Amortization Depletion Income Statement": 15808000.0,
        "Depreciation And Amortization In Income Statement": 15808000.0,
        "Amortization": 2521000.0,
        "Amortization Of Intangibles Income Statement": 2521000.0,
        "Depreciation Income Statement": 13287000.0,
        "Selling General And Administration": 115873000.0,
        "General And Administrative Expense": 115873000.0,
        "Other Gand A": 98418000.0,
        "Salaries And Wages": 17455000.0,
        "Gross Profit": 204106000.0,
        "Cost Of Revenue": 385127000.0,
        "Total Revenue": 589233000.0,
        "Operating Revenue": 590135000.0
    }
}