{
    "2023-03-31": {
        "Tax Effect Of Unusual Items": 0.0,
        "Tax Rate For Calcs": 0.259905,
        "Normalized EBITDA": 23607000.0,
        "Net Income From Continuing Operation Net Minority Interest": 1401000.0,
        "Reconciled Depreciation": 11708000.0,
        "Reconciled Cost Of Revenue": 549937000.0,
        "EBITDA": 23607000.0,
        "EBIT": 11899000.0,
        "Net Interest Income": -10006000.0,
        "Interest Expense": 10006000.0,
        "Normalized Income": 1401000.0,
        "Net Income From Continuing And Discontinued Operation": 1401000.0,
        "Total Expenses": 707746000.0,
        "Total Operating Income As Reported": 11899000.0,
        "Diluted Average Shares": 38161269.0,
        "Basic Average Shares": 37507093.0,
        "Diluted EPS": 0.04,
        "Basic EPS": 0.04,
        "Diluted NI Availto Com Stockholders": 1401000.0,
        "Average Dilution Earnings": NaN,
        "Net Income Common Stockholders": 1401000.0,
        "Net Income": 1401000.0,
        "Net Income Including Noncontrolling Interests": 1401000.0,
        "Net Income Continuous Operations": 1401000.0,
        "Tax Provision": 492000.0,
        "Pretax Income": 1893000.0,
        "Net Non Operating Interest Income Expense": -10006000.0,
        "Interest Expense Non Operating": 10006000.0,
        "Operating Income": 11899000.0,
        "Operating Expense": 157809000.0,
        "Other Operating Expenses": 1672000.0,
        "Selling General And Administration": 156137000.0,
        "Gross Profit": 169708000.0,
        "Cost Of Revenue": 549937000.0,
        "Total Revenue": 719645000.0,
        "Operating Revenue": 719645000.0
    },
    "2022-12-31": {
        "Tax Effect Of Unusual Items": 0.0,
        "Tax Rate For Calcs": 0.21,
        "Normalized EBITDA": 40054000.0,
        "Net Income From Continuing Operation Net Minority Interest": 1173000.0,
        "Reconciled Depreciation": 10289000.0,
        "Reconciled Cost Of Revenue": 604005000.0,
        "EBITDA": 40054000.0,
        "EBIT": 29765000.0,
        "Net Interest Income": -24282000.0,
        "Interest Expense": 24282000.0,
        "Normalized Income": 1173000.0,
        "Net Income From Continuing And Discontinued Operation": 1173000.0,
        "Total Expenses": 761571000.0,
        "Total Operating Income As Reported": 29765000.0,
        "Diluted Average Shares": 37922385.0,
        "Basic Average Shares": 37198345.0,
        "Diluted EPS": 0.03,
        "Basic EPS": 0.03,
        "Diluted NI Availto Com Stockholders": -295000.0,
        "Average Dilution Earnings": -1468000.0,
        "Net Income Common Stockholders": 1173000.0,
        "Net Income": 1173000.0,
        "Net Income Including Noncontrolling Interests": 1173000.0,
        "Net Income Continuous Operations": 1173000.0,
        "Tax Provision": 4310000.0,
        "Pretax Income": 5483000.0,
        "Net Non Operating Interest Income Expense": -24282000.0,
        "Interest Expense Non Operating": 24282000.0,
        "Operating Income": 29765000.0,
        "Operating Expense": 157566000.0,
        "Other Operating Expenses": 4175000.0,
        "Selling General And Administration": 153391000.0,
        "Gross Profit": 187331000.0,
        "Cost Of Revenue": 604005000.0,
        "Total Revenue": 791336000.0,
        "Operating Revenue": 791336000.0
    },
    "2022-09-30": {
        "Tax Effect Of Unusual Items": 0.0,
        "Tax Rate For Calcs": 0.27,
        "Normalized EBITDA": 31457000.0,
        "Net Income From Continuing Operation Net Minority Interest": 8277000.0,
        "Reconciled Depreciation": 9382000.0,
        "Reconciled Cost Of Revenue": 504068000.0,
        "EBITDA": 31457000.0,
        "EBIT": 22075000.0,
        "Net Interest Income": -10737000.0,
        "Interest Expense": 10737000.0,
        "Normalized Income": 8277000.0,
        "Net Income From Continuing And Discontinued Operation": 8277000.0,
        "Total Expenses": 639781000.0,
        "Total Operating Income As Reported": 22075000.0,
        "Diluted Average Shares": 42044053.0,
        "Basic Average Shares": 37120926.0,
        "Diluted EPS": 0.21,
        "Basic EPS": 0.22,
        "Diluted NI Availto Com Stockholders": 8960000.0,
        "Average Dilution Earnings": 683000.0,
        "Net Income Common Stockholders": 8277000.0,
        "Net Income": 8277000.0,
        "Net Income Including Noncontrolling Interests": 8277000.0,
        "Net Income Continuous Operations": 8277000.0,
        "Tax Provision": 3061000.0,
        "Pretax Income": 11338000.0,
        "Net Non Operating Interest Income Expense": -10737000.0,
        "Interest Expense Non Operating": 10737000.0,
        "Operating Income": 22075000.0,
        "Operating Expense": 135713000.0,
        "Other Operating Expenses": 5458000.0,
        "Selling General And Administration": 130255000.0,
        "Gross Profit": 157788000.0,
        "Cost Of Revenue": 504068000.0,
        "Total Revenue": 661856000.0,
        "Operating Revenue": 661856000.0
    },
    "2022-06-30": {
        "Tax Effect Of Unusual Items": 0.0,
        "Tax Rate For Calcs": 0.27,
        "Normalized EBITDA": 36963000.0,
        "Net Income From Continuing Operation Net Minority Interest": 16915000.0,
        "Reconciled Depreciation": 9329000.0,
        "Reconciled Cost Of Revenue": 492100000.0,
        "EBITDA": 36963000.0,
        "EBIT": 27634000.0,
        "Net Interest Income": -4465000.0,
        "Interest Expense": 4465000.0,
        "Normalized Income": 16915000.0,
        "Net Income From Continuing And Discontinued Operation": 16915000.0,
        "Total Expenses": 620470000.0,
        "Total Operating Income As Reported": 27634000.0,
        "Diluted Average Shares": 42053453.0,
        "Basic Average Shares": 37100968.0,
        "Diluted EPS": 0.42,
        "Basic EPS": 0.46,
        "Diluted NI Availto Com Stockholders": 17634000.0,
        "Average Dilution Earnings": 719000.0,
        "Net Income Common Stockholders": 16915000.0,
        "Net Income": 16915000.0,
        "Net Income Including Noncontrolling Interests": 16915000.0,
        "Net Income Continuous Operations": 16915000.0,
        "Tax Provision": 6254000.0,
        "Pretax Income": 23169000.0,
        "Net Non Operating Interest Income Expense": -4465000.0,
        "Interest Expense Non Operating": 4465000.0,
        "Operating Income": 27634000.0,
        "Operating Expense": 128370000.0,
        "Other Operating Expenses": 3883000.0,
        "Selling General And Administration": 124487000.0,
        "Gross Profit": 156004000.0,
        "Cost Of Revenue": 492100000.0,
        "Total Revenue": 648104000.0,
        "Operating Revenue": 648104000.0
    },
    "2023-06-30": {
        "Tax Effect Of Unusual Items": 0.0,
        "Tax Rate For Calcs": 0.26,
        "Normalized EBITDA": 39770000.0,
        "Net Income From Continuing Operation Net Minority Interest": 9867000.0,
        "Reconciled Depreciation": 14430000.0,
        "Reconciled Cost Of Revenue": 673376000.0,
        "EBITDA": 39770000.0,
        "EBIT": 25340000.0,
        "Net Interest Income": -12006000.0,
        "Interest Expense": 12006000.0,
        "Normalized Income": 9867000.0,
        "Net Income From Continuing And Discontinued Operation": 9867000.0,
        "Total Expenses": 856480000.0,
        "Total Operating Income As Reported": 25340000.0,
        "Diluted Average Shares": 45604297.0,
        "Basic Average Shares": 37634127.0,
        "Diluted EPS": 0.25,
        "Basic EPS": 0.26,
        "Diluted NI Availto Com Stockholders": 11264000.0,
        "Average Dilution Earnings": 1397000.0,
        "Net Income Common Stockholders": 9867000.0,
        "Net Income": 9867000.0,
        "Net Income Including Noncontrolling Interests": 9867000.0,
        "Net Income Continuous Operations": 9867000.0,
        "Tax Provision": 3467000.0,
        "Pretax Income": 13334000.0,
        "Net Non Operating Interest Income Expense": -12006000.0,
        "Interest Expense Non Operating": 12006000.0,
        "Operating Income": 25340000.0,
        "Operating Expense": 183104000.0,
        "Other Operating Expenses": 4062000.0,
        "Selling General And Administration": 179042000.0,
        "Gross Profit": 208444000.0,
        "Cost Of Revenue": 673376000.0,
        "Total Revenue": 881820000.0,
        "Operating Revenue": 881820000.0
    },
    "2022-03-31": {
        "Diluted EPS": 0.04,
        "Total Revenue": 512,
        "Gross Profit": 118,
        "Operating Income": 6,
        "EBIT": 16,
        "Net Income": 1
    },
    "2021-12-31": {
        "Diluted EPS": 0.24,
        "Total Revenue": 558,
        "Gross Profit": 126,
        "Operating Income": 16,
        "EBIT": 25,
        "Net Income": 8
    },
    "2021-09-30": {
        "Diluted EPS": 0.09,
        "Total Revenue": 484,
        "Gross Profit": 110,
        "Operating Income": 10,
        "EBIT": 20,
        "Net Income": 3
    },
    "2021-06-30": {
        "Diluted EPS": 0.03,
        "Total Revenue": 423,
        "Gross Profit": 96,
        "Operating Income": 5,
        "EBIT": 14,
        "Net Income": 1
    },
    "2021-03-31": {
        "Diluted EPS": -0.49,
        "Total Revenue": 280,
        "Gross Profit": 59,
        "Operating Income": -20,
        "EBIT": -11,
        "Net Income": -18
    },
    "2020-12-31": {
        "Diluted EPS": -1.05,
        "Total Revenue": 282,
        "Gross Profit": 59,
        "Operating Income": -48,
        "EBIT": -39,
        "Net Income": -37
    },
    "2020-09-30": {
        "Diluted EPS": -0.31,
        "Total Revenue": 254,
        "Gross Profit": 60,
        "Operating Income": -12,
        "EBIT": -3,
        "Net Income": -11
    },
    "2020-06-30": {
        "Diluted EPS": -0.62,
        "Total Revenue": 200,
        "Gross Profit": 43,
        "Operating Income": -25,
        "EBIT": -16,
        "Net Income": -20
    },
    "2020-03-31": {
        "Diluted EPS": -0.48,
        "Total Revenue": 375,
        "Gross Profit": 85,
        "Operating Income": -17,
        "EBIT": -8,
        "Net Income": -14
    },
    "2019-12-31": {
        "Diluted EPS": 0.36,
        "Total Revenue": 427,
        "Gross Profit": 93,
        "Operating Income": 18,
        "EBIT": 26,
        "Net Income": 11
    },
    "2019-09-30": {
        "Diluted EPS": 0.15,
        "Total Revenue": 397,
        "Gross Profit": 97,
        "Operating Income": 11,
        "EBIT": 18,
        "Net Income": 4
    },
    "2019-06-30": {
        "Diluted EPS": 0.26,
        "Total Revenue": 411,
        "Gross Profit": 106,
        "Operating Income": 16,
        "EBIT": 23,
        "Net Income": 8
    },
    "2019-03-31": {
        "Diluted EPS": 0.04,
        "Total Revenue": 357,
        "Gross Profit": 90,
        "Operating Income": 6,
        "EBIT": 12,
        "Net Income": 1
    },
    "2018-12-31": {
        "Diluted EPS": 0.3,
        "Total Revenue": 394,
        "Gross Profit": 84,
        "Operating Income": 18,
        "EBIT": 25,
        "Net Income": 9
    },
    "2018-09-30": {
        "Diluted EPS": 0.14,
        "Total Revenue": 361,
        "Gross Profit": 92,
        "Operating Income": 10,
        "EBIT": 17,
        "Net Income": 4
    },
    "2018-06-30": {
        "Diluted EPS": 0.24,
        "Total Revenue": 370,
        "Gross Profit": 93,
        "Operating Income": 15,
        "EBIT": 21,
        "Net Income": 7
    },
    "2018-03-31": {
        "Diluted EPS": 0.02,
        "Total Revenue": 319,
        "Gross Profit": 80,
        "Operating Income": 6,
        "EBIT": 12,
        "Net Income": 1
    },
    "2017-12-31": {
        "Diluted EPS": 0.35,
        "Total Revenue": 357,
        "Gross Profit": 92,
        "Operating Income": 15,
        "EBIT": 21,
        "Net Income": 9
    },
    "2017-09-30": {
        "Diluted EPS": 0.11,
        "Total Revenue": 325,
        "Gross Profit": 81,
        "Operating Income": 10,
        "EBIT": 16,
        "Net Income": 3
    },
    "2017-06-30": {
        "Diluted EPS": 0.14,
        "Total Revenue": 332,
        "Gross Profit": 83,
        "Operating Income": 12,
        "EBIT": 18,
        "Net Income": 4
    },
    "2017-03-31": {
        "Diluted EPS": -0.06,
        "Total Revenue": 288,
        "Gross Profit": 74,
        "Operating Income": 3,
        "EBIT": 9,
        "Net Income": -2
    },
    "2016-12-31": {
        "Diluted EPS": 0.36,
        "Total Revenue": 343,
        "Gross Profit": 89,
        "Operating Income": 22,
        "EBIT": 28,
        "Net Income": 9
    },
    "2016-09-30": {
        "Diluted EPS": 0.05,
        "Total Revenue": 298,
        "Gross Profit": 74,
        "Operating Income": 8,
        "EBIT": 14,
        "Net Income": 1
    },
    "2016-06-30": {
        "Diluted EPS": -0.33,
        "Total Revenue": 291,
        "Gross Profit": 72,
        "Operating Income": 11,
        "EBIT": 16,
        "Net Income": -8
    },
    "2016-03-31": {
        "Diluted EPS": 0.04,
        "Total Revenue": 261,
        "Gross Profit": 66,
        "Operating Income": 5,
        "EBIT": 10,
        "Net Income": 1
    },
    "2015-12-31": {
        "Diluted EPS": 0.26,
        "Total Revenue": 292,
        "Gross Profit": 77,
        "Operating Income": 15,
        "EBIT": 20,
        "Net Income": 7
    },
    "2015-09-30": {
        "Diluted EPS": 0.2,
        "Total Revenue": 276,
        "Gross Profit": 70,
        "Operating Income": 13,
        "EBIT": 17,
        "Net Income": 5
    },
    "2015-06-30": {
        "Diluted EPS": 0.13,
        "Total Revenue": 281,
        "Gross Profit": 72,
        "Operating Income": 9,
        "EBIT": 15,
        "Net Income": 3
    },
    "2015-03-31": {
        "Diluted EPS": 0.04,
        "Total Revenue": 198,
        "Gross Profit": 50,
        "Operating Income": 3,
        "EBIT": 6,
        "Net Income": 1
    },
    "2014-12-31": {
        "Diluted EPS": 0.21,
        "Total Revenue": 224,
        "Gross Profit": 56,
        "Operating Income": 12,
        "EBIT": 14,
        "Net Income": 5
    },
    "2014-09-30": {
        "Diluted EPS": 0.17,
        "Total Revenue": 208,
        "Gross Profit": 51,
        "Operating Income": 9,
        "EBIT": 11,
        "Net Income": 4
    },
    "2014-06-30": {
        "Diluted EPS": 0.15,
        "Total Revenue": 213,
        "Gross Profit": 52,
        "Operating Income": 9,
        "EBIT": 11,
        "Net Income": 4
    },
    "2014-03-31": {
        "Diluted EPS": 0.04,
        "Total Revenue": 187,
        "Gross Profit": 46,
        "Operating Income": 4,
        "EBIT": 6,
        "Net Income": 1
    },
    "2013-12-31": {
        "Diluted EPS": 0.19,
        "Total Revenue": 193,
        "Gross Profit": 49,
        "Operating Income": 10,
        "EBIT": 12,
        "Net Income": 5
    },
    "2013-09-30": {
        "Diluted EPS": 0.2,
        "Total Revenue": 171,
        "Gross Profit": 44,
        "Operating Income": 9,
        "EBIT": 12,
        "Net Income": 4
    },
    "2013-06-30": {
        "Diluted EPS": 0.25,
        "Total Revenue": 170,
        "Gross Profit": 44,
        "Operating Income": 11,
        "EBIT": 13,
        "Net Income": 5
    },
    "2013-03-31": {
        "Diluted EPS": 0.13,
        "Total Revenue": 139,
        "Gross Profit": 35,
        "Operating Income": 6,
        "EBIT": 8,
        "Net Income": 3
    },
    "2012-12-31": {
        "Diluted EPS": 0.17,
        "Total Revenue": 143,
        "Gross Profit": 36,
        "Operating Income": 8,
        "EBIT": 9,
        "Net Income": 4
    },
    "2012-09-30": {
        "Diluted EPS": 0.18,
        "Total Revenue": 125,
        "Gross Profit": 32,
        "Operating Income": 7,
        "EBIT": 9,
        "Net Income": 4
    },
    "2012-06-30": {
        "Diluted EPS": 0.21,
        "Total Revenue": 115,
        "Gross Profit": 30,
        "Operating Income": 9,
        "EBIT": 9,
        "Net Income": 4
    },
    "2012-03-31": {
        "Diluted EPS": 0.13,
        "Total Revenue": 98,
        "Gross Profit": 26,
        "Operating Income": 5,
        "EBIT": 6,
        "Net Income": 3
    },
    "2011-12-31": {
        "Diluted EPS": 0.26,
        "Total Revenue": 117,
        "Gross Profit": 31,
        "Operating Income": 10,
        "EBIT": 10,
        "Net Income": 5
    },
    "2011-09-30": {
        "Diluted EPS": -0.06,
        "Total Revenue": 102,
        "Gross Profit": 27,
        "Operating Income": 5,
        "EBIT": 6,
        "Net Income": -1
    },
    "2011-06-30": {
        "Diluted EPS": 0.17,
        "Total Revenue": 99,
        "Gross Profit": 26,
        "Operating Income": 8,
        "EBIT": 8,
        "Net Income": 3
    },
    "2011-03-31": {
        "Diluted EPS": 0.06,
        "Total Revenue": 83,
        "Gross Profit": 22,
        "Operating Income": 5,
        "EBIT": 6,
        "Net Income": 1
    },
    "2010-12-31": {
        "Diluted EPS": 0.0,
        "Total Revenue": NaN,
        "Gross Profit": NaN,
        "Operating Income": NaN,
        "EBIT": NaN,
        "Net Income": NaN
    },
    "2010-09-30": {
        "Diluted EPS": 0.13,
        "Total Revenue": 85,
        "Gross Profit": 22,
        "Operating Income": 6,
        "EBIT": 7,
        "Net Income": 3
    },
    "2010-06-30": {
        "Diluted EPS": 0.13,
        "Total Revenue": 84,
        "Gross Profit": 22,
        "Operating Income": 6,
        "EBIT": 6,
        "Net Income": 3
    },
    "2009-12-31": {
        "Diluted EPS": 0.0,
        "Total Revenue": NaN,
        "Gross Profit": NaN,
        "Operating Income": NaN,
        "EBIT": NaN,
        "Net Income": NaN
    },
    "2023-09-30": {
        "Tax Effect Of Unusual Items": 0.0,
        "Tax Rate For Calcs": 0.21,
        "Normalized EBITDA": 40502000.0,
        "Net Income From Continuing Operation Net Minority Interest": 7322000.0,
        "Reconciled Depreciation": 14953000.0,
        "Reconciled Cost Of Revenue": 674127000.0,
        "EBITDA": 40502000.0,
        "EBIT": 25549000.0,
        "Net Interest Income": -11379000.0,
        "Interest Expense": 11379000.0,
        "Normalized Income": 7322000.0,
        "Net Income From Continuing And Discontinued Operation": 7322000.0,
        "Total Expenses": 856276000.0,
        "Total Operating Income As Reported": 25549000.0,
        "Diluted Average Shares": 45717496.0,
        "Basic Average Shares": 37692588.0,
        "Diluted EPS": 0.19,
        "Basic EPS": 0.19,
        "Diluted NI Availto Com Stockholders": 8691000.0,
        "Average Dilution Earnings": 1369000.0,
        "Net Income Common Stockholders": 7322000.0,
        "Net Income": 7322000.0,
        "Net Income Including Noncontrolling Interests": 7322000.0,
        "Net Income Continuous Operations": 7322000.0,
        "Tax Provision": 6848000.0,
        "Pretax Income": 14170000.0,
        "Net Non Operating Interest Income Expense": -11379000.0,
        "Interest Expense Non Operating": 11379000.0,
        "Operating Income": 25549000.0,
        "Operating Expense": 182149000.0,
        "Other Operating Expenses": 2535000.0,
        "Selling General And Administration": 179614000.0,
        "Gross Profit": 207698000.0,
        "Cost Of Revenue": 674127000.0,
        "Total Revenue": 881825000.0,
        "Operating Revenue": 881825000.0
    },
    "2023-12-31": {
        "Tax Effect Of Unusual Items": 0.0,
        "Tax Rate For Calcs": 0.386315,
        "Normalized EBITDA": 52670000.0,
        "Net Income From Continuing Operation Net Minority Interest": 16000000.0,
        "Reconciled Depreciation": 14515000.0,
        "Reconciled Cost Of Revenue": 721849000.0,
        "EBITDA": 52670000.0,
        "EBIT": 38155000.0,
        "Net Interest Income": -12083000.0,
        "Interest Expense": 12083000.0,
        "Normalized Income": 16000000.0,
        "Net Income From Continuing And Discontinued Operation": 16000000.0,
        "Total Expenses": 912318000.0,
        "Total Operating Income As Reported": 38155000.0,
        "Diluted Average Shares": 45813757.0,
        "Basic Average Shares": 37701134.0,
        "Diluted EPS": 0.38,
        "Basic EPS": 0.42,
        "Diluted NI Availto Com Stockholders": 20996000.0,
        "Average Dilution Earnings": 4996000.0,
        "Net Income Common Stockholders": 16000000.0,
        "Net Income": 16000000.0,
        "Net Income Including Noncontrolling Interests": 16000000.0,
        "Net Income Continuous Operations": 16000000.0,
        "Tax Provision": 10072000.0,
        "Pretax Income": 26072000.0,
        "Net Non Operating Interest Income Expense": -12083000.0,
        "Interest Expense Non Operating": 12083000.0,
        "Operating Income": 38155000.0,
        "Operating Expense": 190469000.0,
        "Other Operating Expenses": 504000.0,
        "Selling General And Administration": 189965000.0,
        "Gross Profit": 228624000.0,
        "Cost Of Revenue": 721849000.0,
        "Total Revenue": 950473000.0,
        "Operating Revenue": 950473000.0
    },
    "2024-03-31": {
        "Tax Effect Of Unusual Items": 0.0,
        "Tax Rate For Calcs": 0.300109,
        "Normalized EBITDA": 31408000.0,
        "Net Income From Continuing Operation Net Minority Interest": 1931000.0,
        "Reconciled Depreciation": 15405000.0,
        "Reconciled Cost Of Revenue": 665052000.0,
        "EBITDA": 31408000.0,
        "EBIT": 16003000.0,
        "Net Interest Income": -13244000.0,
        "Interest Expense": 13244000.0,
        "Normalized Income": 1931000.0,
        "Net Income From Continuing And Discontinued Operation": 1931000.0,
        "Total Expenses": 858485000.0,
        "Total Operating Income As Reported": 16003000.0,
        "Diluted Average Shares": 38626885.0,
        "Basic Average Shares": 37820725.0,
        "Diluted EPS": 0.05,
        "Basic EPS": 0.05,
        "Diluted NI Availto Com Stockholders": 1931000.0,
        "Average Dilution Earnings": NaN,
        "Net Income Common Stockholders": 1931000.0,
        "Net Income": 1931000.0,
        "Net Income Including Noncontrolling Interests": 1931000.0,
        "Net Income Continuous Operations": 1931000.0,
        "Tax Provision": 828000.0,
        "Pretax Income": 2759000.0,
        "Net Non Operating Interest Income Expense": -13244000.0,
        "Interest Expense Non Operating": 13244000.0,
        "Operating Income": 16003000.0,
        "Operating Expense": 193433000.0,
        "Other Operating Expenses": 3112000.0,
        "Selling General And Administration": 190321000.0,
        "Gross Profit": 209436000.0,
        "Cost Of Revenue": 665052000.0,
        "Total Revenue": 874488000.0,
        "Operating Revenue": 874488000.0
    }
}