{
    "2023-04-30": {
        "Tax Effect Of Unusual Items": 0.0,
        "Tax Rate For Calcs": 0.005,
        "Normalized EBITDA": -69836000.0,
        "Total Unusual Items": NaN,
        "Total Unusual Items Excluding Goodwill": NaN,
        "Net Income From Continuing Operation Net Minority Interest": -79388000.0,
        "Reconciled Depreciation": 7053000.0,
        "Reconciled Cost Of Revenue": 99495000.0,
        "EBITDA": -69836000.0,
        "EBIT": -76889000.0,
        "Net Interest Income": -466000.0,
        "Interest Expense": 2926000.0,
        "Interest Income": 2460000.0,
        "Normalized Income": -79388000.0,
        "Net Income From Continuing And Discontinued Operation": -79388000.0,
        "Total Expenses": 209952000.0,
        "Total Operating Income As Reported": -79922000.0,
        "Diluted Average Shares": 350043454.0,
        "Basic Average Shares": 350043454.0,
        "Diluted EPS": -0.23,
        "Basic EPS": -0.23,
        "Diluted NI Availto Com Stockholders": -79388000.0,
        "Average Dilution Earnings": NaN,
        "Net Income Common Stockholders": -79388000.0,
        "Otherunder Preferred Stock Dividend": NaN,
        "Net Income": -79388000.0,
        "Net Income Including Noncontrolling Interests": -79388000.0,
        "Net Income Continuous Operations": -79388000.0,
        "Tax Provision": -427000.0,
        "Pretax Income": -79815000.0,
        "Other Income Expense": 573000.0,
        "Other Non Operating Income Expenses": 573000.0,
        "Special Income Charges": NaN,
        "Restructuring And Mergern Acquisition": NaN,
        "Gain On Sale Of Security": NaN,
        "Net Non Operating Interest Income Expense": -466000.0,
        "Interest Expense Non Operating": 2926000.0,
        "Interest Income Non Operating": 2460000.0,
        "Operating Income": -79922000.0,
        "Operating Expense": 110457000.0,
        "Research And Development": 49396000.0,
        "Selling General And Administration": 61061000.0,
        "Selling And Marketing Expense": 37041000.0,
        "General And Administrative Expense": 24020000.0,
        "Other Gand A": 24020000.0,
        "Gross Profit": 30535000.0,
        "Cost Of Revenue": 99495000.0,
        "Total Revenue": 130030000.0,
        "Operating Revenue": 124685000.0
    },
    "2023-01-31": {
        "Tax Effect Of Unusual Items": NaN,
        "Tax Rate For Calcs": NaN,
        "Normalized EBITDA": NaN,
        "Total Unusual Items": 0.0,
        "Total Unusual Items Excluding Goodwill": 0.0,
        "Net Income From Continuing Operation Net Minority Interest": NaN,
        "Reconciled Depreciation": NaN,
        "Reconciled Cost Of Revenue": NaN,
        "EBITDA": NaN,
        "EBIT": NaN,
        "Net Interest Income": NaN,
        "Interest Expense": NaN,
        "Interest Income": NaN,
        "Normalized Income": NaN,
        "Net Income From Continuing And Discontinued Operation": NaN,
        "Total Expenses": NaN,
        "Total Operating Income As Reported": NaN,
        "Diluted Average Shares": NaN,
        "Basic Average Shares": NaN,
        "Diluted EPS": NaN,
        "Basic EPS": NaN,
        "Diluted NI Availto Com Stockholders": NaN,
        "Average Dilution Earnings": 0.0,
        "Net Income Common Stockholders": NaN,
        "Otherunder Preferred Stock Dividend": 0.0,
        "Net Income": NaN,
        "Net Income Including Noncontrolling Interests": NaN,
        "Net Income Continuous Operations": NaN,
        "Tax Provision": NaN,
        "Pretax Income": NaN,
        "Other Income Expense": NaN,
        "Other Non Operating Income Expenses": NaN,
        "Special Income Charges": 0.0,
        "Restructuring And Mergern Acquisition": 0.0,
        "Gain On Sale Of Security": 0.0,
        "Net Non Operating Interest Income Expense": NaN,
        "Interest Expense Non Operating": NaN,
        "Interest Income Non Operating": NaN,
        "Operating Income": NaN,
        "Operating Expense": NaN,
        "Research And Development": NaN,
        "Selling General And Administration": NaN,
        "Selling And Marketing Expense": NaN,
        "General And Administrative Expense": NaN,
        "Other Gand A": NaN,
        "Gross Profit": NaN,
        "Cost Of Revenue": NaN,
        "Total Revenue": NaN,
        "Operating Revenue": NaN
    },
    "2022-10-31": {
        "Tax Effect Of Unusual Items": NaN,
        "Tax Rate For Calcs": NaN,
        "Normalized EBITDA": NaN,
        "Total Unusual Items": 0.0,
        "Total Unusual Items Excluding Goodwill": 0.0,
        "Net Income From Continuing Operation Net Minority Interest": NaN,
        "Reconciled Depreciation": NaN,
        "Reconciled Cost Of Revenue": NaN,
        "EBITDA": NaN,
        "EBIT": NaN,
        "Net Interest Income": NaN,
        "Interest Expense": NaN,
        "Interest Income": NaN,
        "Normalized Income": NaN,
        "Net Income From Continuing And Discontinued Operation": NaN,
        "Total Expenses": NaN,
        "Total Operating Income As Reported": NaN,
        "Diluted Average Shares": NaN,
        "Basic Average Shares": NaN,
        "Diluted EPS": NaN,
        "Basic EPS": NaN,
        "Diluted NI Availto Com Stockholders": NaN,
        "Average Dilution Earnings": 0.0,
        "Net Income Common Stockholders": NaN,
        "Otherunder Preferred Stock Dividend": 0.0,
        "Net Income": NaN,
        "Net Income Including Noncontrolling Interests": NaN,
        "Net Income Continuous Operations": NaN,
        "Tax Provision": NaN,
        "Pretax Income": NaN,
        "Other Income Expense": NaN,
        "Other Non Operating Income Expenses": NaN,
        "Special Income Charges": 0.0,
        "Restructuring And Mergern Acquisition": 0.0,
        "Gain On Sale Of Security": NaN,
        "Net Non Operating Interest Income Expense": NaN,
        "Interest Expense Non Operating": NaN,
        "Interest Income Non Operating": NaN,
        "Operating Income": NaN,
        "Operating Expense": NaN,
        "Research And Development": NaN,
        "Selling General And Administration": NaN,
        "Selling And Marketing Expense": NaN,
        "General And Administrative Expense": NaN,
        "Other Gand A": NaN,
        "Gross Profit": NaN,
        "Cost Of Revenue": NaN,
        "Total Revenue": NaN,
        "Operating Revenue": NaN
    },
    "2022-07-31": {
        "Tax Effect Of Unusual Items": 0.0,
        "Tax Rate For Calcs": 0.004211,
        "Normalized EBITDA": -83908000.0,
        "Total Unusual Items": 0.0,
        "Total Unusual Items Excluding Goodwill": 0.0,
        "Net Income From Continuing Operation Net Minority Interest": -92700000.0,
        "Reconciled Depreciation": 6256000.0,
        "Reconciled Cost Of Revenue": 90139000.0,
        "EBITDA": -83908000.0,
        "EBIT": -90164000.0,
        "Net Interest Income": -1468000.0,
        "Interest Expense": 2928000.0,
        "Interest Income": 1460000.0,
        "Normalized Income": -92700000.0,
        "Net Income From Continuing And Discontinued Operation": -92700000.0,
        "Total Expenses": 198662000.0,
        "Total Operating Income As Reported": -90370000.0,
        "Diluted Average Shares": 336813555.0,
        "Basic Average Shares": 336813555.0,
        "Diluted EPS": -0.28,
        "Basic EPS": -0.28,
        "Diluted NI Availto Com Stockholders": -92700000.0,
        "Average Dilution Earnings": 0.0,
        "Net Income Common Stockholders": -92700000.0,
        "Otherunder Preferred Stock Dividend": 0.0,
        "Net Income": -92700000.0,
        "Net Income Including Noncontrolling Interests": -92700000.0,
        "Net Income Continuous Operations": -92700000.0,
        "Tax Provision": -392000.0,
        "Pretax Income": -93092000.0,
        "Other Income Expense": -1254000.0,
        "Other Non Operating Income Expenses": -1254000.0,
        "Special Income Charges": 0.0,
        "Restructuring And Mergern Acquisition": 0.0,
        "Gain On Sale Of Security": NaN,
        "Net Non Operating Interest Income Expense": -1468000.0,
        "Interest Expense Non Operating": 2928000.0,
        "Interest Income Non Operating": 1460000.0,
        "Operating Income": -90370000.0,
        "Operating Expense": 108523000.0,
        "Research And Development": 51804000.0,
        "Selling General And Administration": 56719000.0,
        "Selling And Marketing Expense": 33873000.0,
        "General And Administrative Expense": 22846000.0,
        "Other Gand A": 22846000.0,
        "Gross Profit": 18153000.0,
        "Cost Of Revenue": 90139000.0,
        "Total Revenue": 108292000.0,
        "Operating Revenue": 104392000.0
    },
    "2022-04-30": {
        "Diluted EPS": -0.27,
        "Total Revenue": 82,
        "Gross Profit": 12,
        "Operating Income": -90,
        "EBIT": -83,
        "Net Income": -89
    },
    "2022-01-31": {
        "Diluted EPS": -0.16,
        "Total Revenue": 79,
        "Gross Profit": 17,
        "Operating Income": -79,
        "EBIT": -72,
        "Net Income": -60
    },
    "2021-10-31": {
        "Diluted EPS": -0.21,
        "Total Revenue": 65,
        "Gross Profit": 16,
        "Operating Income": -65,
        "EBIT": -60,
        "Net Income": -69
    },
    "2021-07-31": {
        "Diluted EPS": -0.29,
        "Total Revenue": 56,
        "Gross Profit": 11,
        "Operating Income": -74,
        "EBIT": -71,
        "Net Income": -85
    },
    "2021-04-30": {
        "Diluted EPS": -0.83,
        "Total Revenue": 41,
        "Gross Profit": 9,
        "Operating Income": -47,
        "EBIT": -43,
        "Net Income": -84
    },
    "2021-01-31": {
        "Diluted EPS": -18.13,
        "Total Revenue": 42,
        "Gross Profit": 9,
        "Operating Income": -35,
        "EBIT": -32,
        "Net Income": -274
    },
    "2020-12-31": {
        "Diluted EPS": 0.0,
        "Total Revenue": NaN,
        "Gross Profit": NaN,
        "Operating Income": -5,
        "EBIT": -5,
        "Net Income": -315
    },
    "2020-10-31": {
        "Diluted EPS": -3.11,
        "Total Revenue": 36,
        "Gross Profit": 7,
        "Operating Income": -33,
        "EBIT": -29,
        "Net Income": -47
    },
    "2020-09-30": {
        "Diluted EPS": -0.02,
        "Total Revenue": NaN,
        "Gross Profit": NaN,
        "Operating Income": -1,
        "EBIT": -1,
        "Net Income": -1
    },
    "2020-07-31": {
        "Diluted EPS": -6.97,
        "Total Revenue": 35,
        "Gross Profit": 9,
        "Operating Income": -24,
        "EBIT": -21,
        "Net Income": -94
    },
    "2020-06-30": {
        "Diluted EPS": -0.0,
        "Total Revenue": NaN,
        "Gross Profit": NaN,
        "Operating Income": 0,
        "EBIT": 0,
        "Net Income": 0
    },
    "2020-04-30": {
        "Diluted EPS": -2.46,
        "Total Revenue": 33,
        "Gross Profit": 8,
        "Operating Income": -30,
        "EBIT": -27,
        "Net Income": -30
    },
    "2020-03-31": {
        "Diluted EPS": 0.01,
        "Total Revenue": NaN,
        "Gross Profit": NaN,
        "Operating Income": 0,
        "EBIT": 0,
        "Net Income": 0
    },
    "2020-01-31": {
        "Diluted EPS": 0.0,
        "Total Revenue": NaN,
        "Gross Profit": NaN,
        "Operating Income": -276,
        "EBIT": -276,
        "Net Income": -134
    },
    "2019-12-31": {
        "Diluted EPS": 0.0,
        "Total Revenue": NaN,
        "Gross Profit": NaN,
        "Operating Income": NaN,
        "EBIT": NaN,
        "Net Income": NaN
    },
    "2019-09-30": {
        "Diluted EPS": 0.01,
        "Total Revenue": NaN,
        "Gross Profit": NaN,
        "Operating Income": -1,
        "EBIT": -1,
        "Net Income": 0
    },
    "2019-06-30": {
        "Diluted EPS": -0.01,
        "Total Revenue": NaN,
        "Gross Profit": NaN,
        "Operating Income": 0,
        "EBIT": 0,
        "Net Income": 0
    },
    "2019-04-30": {
        "Diluted EPS": 0.0,
        "Total Revenue": NaN,
        "Gross Profit": NaN,
        "Operating Income": 0,
        "EBIT": 0,
        "Net Income": 0
    },
    "2023-07-31": {
        "Tax Effect Of Unusual Items": 0.0,
        "Tax Rate For Calcs": 0.21,
        "Normalized EBITDA": -114459000.0,
        "Net Income From Continuing Operation Net Minority Interest": -125255000.0,
        "Reconciled Depreciation": 6965000.0,
        "Reconciled Cost Of Revenue": 149369000.0,
        "EBITDA": -114459000.0,
        "EBIT": -121424000.0,
        "Net Interest Income": -1086000.0,
        "Interest Expense": 2926000.0,
        "Interest Income": 1840000.0,
        "Normalized Income": -125255000.0,
        "Net Income From Continuing And Discontinued Operation": -125255000.0,
        "Total Expenses": 273826000.0,
        "Total Operating Income As Reported": -123332000.0,
        "Diluted Average Shares": 355876807.0,
        "Basic Average Shares": 355876807.0,
        "Diluted EPS": -0.35,
        "Basic EPS": -0.35,
        "Diluted NI Availto Com Stockholders": -125255000.0,
        "Net Income Common Stockholders": -125255000.0,
        "Net Income": -125255000.0,
        "Net Income Including Noncontrolling Interests": -125255000.0,
        "Net Income Continuous Operations": -125255000.0,
        "Tax Provision": 905000.0,
        "Pretax Income": -124350000.0,
        "Other Income Expense": 68000.0,
        "Other Non Operating Income Expenses": 68000.0,
        "Net Non Operating Interest Income Expense": -1086000.0,
        "Interest Expense Non Operating": 2926000.0,
        "Interest Income Non Operating": 1840000.0,
        "Operating Income": -123332000.0,
        "Operating Expense": 124457000.0,
        "Research And Development": 59642000.0,
        "Selling General And Administration": 64815000.0,
        "Selling And Marketing Expense": 39671000.0,
        "General And Administrative Expense": 25144000.0,
        "Other Gand A": 25144000.0,
        "Gross Profit": 1125000.0,
        "Cost Of Revenue": 149369000.0,
        "Total Revenue": 150494000.0,
        "Operating Revenue": 144585000.0
    },
    "2023-10-31": {
        "Tax Effect Of Unusual Items": 0.0,
        "Tax Rate For Calcs": 0.002,
        "Normalized EBITDA": -147572000.0,
        "Net Income From Continuing Operation Net Minority Interest": -158219000.0,
        "Reconciled Depreciation": 7142000.0,
        "Reconciled Cost Of Revenue": 134229000.0,
        "EBITDA": -147572000.0,
        "EBIT": -154714000.0,
        "Net Interest Income": -1952000.0,
        "Interest Expense": 3820000.0,
        "Interest Income": 1868000.0,
        "Normalized Income": -158219000.0,
        "Net Income From Continuing And Discontinued Operation": -158219000.0,
        "Total Expenses": 264050000.0,
        "Total Operating Income As Reported": -153767000.0,
        "Diluted Average Shares": 376182783.0,
        "Basic Average Shares": 376182783.0,
        "Diluted EPS": -0.43,
        "Basic EPS": -0.43,
        "Diluted NI Availto Com Stockholders": -158219000.0,
        "Net Income Common Stockholders": -158219000.0,
        "Net Income": -158219000.0,
        "Net Income Including Noncontrolling Interests": -158219000.0,
        "Net Income Continuous Operations": -158219000.0,
        "Tax Provision": -315000.0,
        "Pretax Income": -158534000.0,
        "Other Income Expense": -2815000.0,
        "Other Non Operating Income Expenses": -2815000.0,
        "Net Non Operating Interest Income Expense": -1952000.0,
        "Interest Expense Non Operating": 3820000.0,
        "Interest Income Non Operating": 1868000.0,
        "Operating Income": -153767000.0,
        "Operating Expense": 129821000.0,
        "Research And Development": 56524000.0,
        "Selling General And Administration": 73297000.0,
        "Selling And Marketing Expense": 39834000.0,
        "General And Administrative Expense": 33463000.0,
        "Other Gand A": 33463000.0,
        "Gross Profit": -23946000.0,
        "Cost Of Revenue": 134229000.0,
        "Total Revenue": 110283000.0,
        "Operating Revenue": 104452000.0
    },
    "2024-01-31": {
        "Tax Effect Of Unusual Items": 0.0,
        "Tax Rate For Calcs": 0.001928,
        "Normalized EBITDA": -81005000.0,
        "Net Income From Continuing Operation Net Minority Interest": -94748000.0,
        "Reconciled Depreciation": 7326000.0,
        "Reconciled Cost Of Revenue": 93428000.0,
        "EBITDA": -81005000.0,
        "EBIT": -88331000.0,
        "Net Interest Income": -3165000.0,
        "Interest Expense": 6600000.0,
        "Interest Income": 3435000.0,
        "Normalized Income": -94748000.0,
        "Net Income From Continuing And Discontinued Operation": -94748000.0,
        "Total Expenses": 208762000.0,
        "Total Operating Income As Reported": -92930000.0,
        "Diluted Average Shares": 419185407.0,
        "Basic Average Shares": 419185407.0,
        "Diluted EPS": -0.23,
        "Basic EPS": -0.23,
        "Diluted NI Availto Com Stockholders": -94748000.0,
        "Net Income Common Stockholders": -94748000.0,
        "Net Income": -94748000.0,
        "Net Income Including Noncontrolling Interests": -94748000.0,
        "Net Income Continuous Operations": -94748000.0,
        "Tax Provision": -183000.0,
        "Pretax Income": -94931000.0,
        "Other Income Expense": 1164000.0,
        "Other Non Operating Income Expenses": 1164000.0,
        "Net Non Operating Interest Income Expense": -3165000.0,
        "Interest Expense Non Operating": 6600000.0,
        "Interest Income Non Operating": 3435000.0,
        "Operating Income": -92930000.0,
        "Operating Expense": 115334000.0,
        "Research And Development": 55218000.0,
        "Selling General And Administration": 60116000.0,
        "Selling And Marketing Expense": 33641000.0,
        "General And Administrative Expense": 26475000.0,
        "Other Gand A": 26475000.0,
        "Gross Profit": 22404000.0,
        "Cost Of Revenue": 93428000.0,
        "Total Revenue": 115832000.0,
        "Operating Revenue": 107544000.0
    },
    "2024-04-30": {
        "Tax Effect Of Unusual Items": 0.0,
        "Tax Rate For Calcs": 0.21,
        "Normalized EBITDA": -57335000.0,
        "Net Income From Continuing Operation Net Minority Interest": -71799000.0,
        "Reconciled Depreciation": 7445000.0,
        "Reconciled Cost Of Revenue": 83432000.0,
        "EBITDA": -57335000.0,
        "EBIT": -64780000.0,
        "Net Interest Income": -3402000.0,
        "Interest Expense": 6611000.0,
        "Interest Income": 3209000.0,
        "Normalized Income": -71799000.0,
        "Net Income From Continuing And Discontinued Operation": -71799000.0,
        "Total Expenses": 174181000.0,
        "Total Operating Income As Reported": -67139000.0,
        "Diluted Average Shares": 423290222.0,
        "Basic Average Shares": 423290222.0,
        "Diluted EPS": -0.17,
        "Basic EPS": -0.17,
        "Diluted NI Availto Com Stockholders": -71799000.0,
        "Net Income Common Stockholders": -71799000.0,
        "Net Income": -71799000.0,
        "Net Income Including Noncontrolling Interests": -71799000.0,
        "Net Income Continuous Operations": -71799000.0,
        "Tax Provision": 408000.0,
        "Pretax Income": -71391000.0,
        "Other Income Expense": -850000.0,
        "Other Non Operating Income Expenses": -850000.0,
        "Net Non Operating Interest Income Expense": -3402000.0,
        "Interest Expense Non Operating": 6611000.0,
        "Interest Income Non Operating": 3209000.0,
        "Operating Income": -67139000.0,
        "Operating Expense": 90749000.0,
        "Research And Development": 36052000.0,
        "Selling General And Administration": 54697000.0,
        "Selling And Marketing Expense": 35000000.0,
        "General And Administrative Expense": 19697000.0,
        "Other Gand A": 19697000.0,
        "Gross Profit": 23610000.0,
        "Cost Of Revenue": 83432000.0,
        "Total Revenue": 107042000.0,
        "Operating Revenue": 98818000.0
    },
    "2024-07-31": {
        "Tax Effect Of Unusual Items": 0.0,
        "Tax Rate For Calcs": 0.21,
        "Normalized EBITDA": -53215000.0,
        "Net Income From Continuing Operation Net Minority Interest": -68874000.0,
        "Reconciled Depreciation": 7451000.0,
        "Reconciled Cost Of Revenue": 82954000.0,
        "EBITDA": -53215000.0,
        "EBIT": -60666000.0,
        "Net Interest Income": -4442000.0,
        "Interest Expense": 6560000.0,
        "Interest Income": 2118000.0,
        "Normalized Income": -68874000.0,
        "Net Income From Continuing And Discontinued Operation": -68874000.0,
        "Total Expenses": 171285000.0,
        "Total Operating Income As Reported": -62746000.0,
        "Diluted Average Shares": 427532688.0,
        "Basic Average Shares": 427532688.0,
        "Diluted EPS": -0.16,
        "Basic EPS": -0.16,
        "Diluted NI Availto Com Stockholders": -68874000.0,
        "Net Income Common Stockholders": -68874000.0,
        "Net Income": -68874000.0,
        "Net Income Including Noncontrolling Interests": -68874000.0,
        "Net Income Continuous Operations": -68874000.0,
        "Tax Provision": 1648000.0,
        "Pretax Income": -67226000.0,
        "Other Income Expense": -38000.0,
        "Other Non Operating Income Expenses": -38000.0,
        "Net Non Operating Interest Income Expense": -4442000.0,
        "Interest Expense Non Operating": 6560000.0,
        "Interest Income Non Operating": 2118000.0,
        "Operating Income": -62746000.0,
        "Operating Expense": 88331000.0,
        "Research And Development": 36510000.0,
        "Selling General And Administration": 51821000.0,
        "Selling And Marketing Expense": 36699000.0,
        "General And Administrative Expense": 15122000.0,
        "Other Gand A": 15122000.0,
        "Gross Profit": 25585000.0,
        "Cost Of Revenue": 82954000.0,
        "Total Revenue": 108539000.0,
        "Operating Revenue": 100337000.0
    },
    "2024-10-31": {
        "Tax Effect Of Unusual Items": 0.0,
        "Tax Rate For Calcs": 0.21,
        "Normalized EBITDA": -59455000.0,
        "Net Income From Continuing Operation Net Minority Interest": -77590000.0,
        "Reconciled Depreciation": 7309000.0,
        "Reconciled Cost Of Revenue": 76826000.0,
        "EBITDA": -59455000.0,
        "EBIT": -66764000.0,
        "Net Interest Income": -7711000.0,
        "Interest Expense": 9315000.0,
        "Interest Income": 1604000.0,
        "Normalized Income": -77590000.0,
        "Net Income From Continuing And Discontinued Operation": -77590000.0,
        "Total Expenses": 167778000.0,
        "Total Operating Income As Reported": -68166000.0,
        "Diluted Average Shares": 435331445.0,
        "Basic Average Shares": 435331445.0,
        "Diluted EPS": -0.18,
        "Basic EPS": -0.18,
        "Diluted NI Availto Com Stockholders": -77590000.0,
        "Net Income Common Stockholders": -77590000.0,
        "Net Income": -77590000.0,
        "Net Income Including Noncontrolling Interests": -77590000.0,
        "Net Income Continuous Operations": -77590000.0,
        "Tax Provision": 1511000.0,
        "Pretax Income": -76079000.0,
        "Other Income Expense": -202000.0,
        "Other Non Operating Income Expenses": -202000.0,
        "Net Non Operating Interest Income Expense": -7711000.0,
        "Interest Expense Non Operating": 9315000.0,
        "Interest Income Non Operating": 1604000.0,
        "Operating Income": -68166000.0,
        "Operating Expense": 90952000.0,
        "Research And Development": 38299000.0,
        "Selling General And Administration": 52653000.0,
        "Selling And Marketing Expense": 34678000.0,
        "General And Administrative Expense": 17975000.0,
        "Other Gand A": 17975000.0,
        "Gross Profit": 22786000.0,
        "Cost Of Revenue": 76826000.0,
        "Total Revenue": 99612000.0,
        "Operating Revenue": 89079000.0
    }
}