{
    "2023-03-31": {
        "Tax Effect Of Unusual Items": 16085996.0,
        "Tax Rate For Calcs": 0.236,
        "Normalized EBITDA": 461613000.0,
        "Total Unusual Items": 68161000.0,
        "Total Unusual Items Excluding Goodwill": 68161000.0,
        "Net Income From Continuing Operation Net Minority Interest": 296999000.0,
        "Reconciled Depreciation": 133791000.0,
        "Reconciled Cost Of Revenue": 514324000.0,
        "EBITDA": 529774000.0,
        "EBIT": 395983000.0,
        "Net Interest Income": -7135000.0,
        "Interest Expense": 7135000.0,
        "Normalized Income": 244923996.0,
        "Net Income From Continuing And Discontinued Operation": 296999000.0,
        "Total Expenses": 571672000.0,
        "Total Operating Income As Reported": 326072000.0,
        "Diluted Average Shares": 43149000.0,
        "Basic Average Shares": 41568000.0,
        "Diluted EPS": 6.87,
        "Basic EPS": 7.13,
        "Diluted NI Availto Com Stockholders": 296325000.0,
        "Average Dilution Earnings": 8000.0,
        "Net Income Common Stockholders": 296317000.0,
        "Otherunder Preferred Stock Dividend": 682000.0,
        "Net Income": 296999000.0,
        "Net Income Including Noncontrolling Interests": 296999000.0,
        "Net Income Discontinuous Operations": 0.0,
        "Net Income Continuous Operations": 296999000.0,
        "Tax Provision": 91849000.0,
        "Pretax Income": 388848000.0,
        "Other Income Expense": 71138000.0,
        "Other Non Operating Income Expenses": 5193000.0,
        "Special Income Charges": 1227000.0,
        "Gain On Sale Of Ppe": 1227000.0,
        "Impairment Of Capital Assets": NaN,
        "Earnings From Equity Interest": -2216000.0,
        "Gain On Sale Of Security": 66934000.0,
        "Net Non Operating Interest Income Expense": -7135000.0,
        "Interest Expense Non Operating": 7135000.0,
        "Operating Income": 324845000.0,
        "Operating Expense": 57348000.0,
        "Other Operating Expenses": 24864000.0,
        "Selling General And Administration": 32484000.0,
        "General And Administrative Expense": 32484000.0,
        "Other Gand A": 32484000.0,
        "Gross Profit": 382193000.0,
        "Cost Of Revenue": 514324000.0,
        "Total Revenue": 896517000.0,
        "Operating Revenue": 896517000.0
    },
    "2022-12-31": {
        "Tax Effect Of Unusual Items": NaN,
        "Tax Rate For Calcs": NaN,
        "Normalized EBITDA": NaN,
        "Total Unusual Items": NaN,
        "Total Unusual Items Excluding Goodwill": NaN,
        "Net Income From Continuing Operation Net Minority Interest": NaN,
        "Reconciled Depreciation": NaN,
        "Reconciled Cost Of Revenue": NaN,
        "EBITDA": NaN,
        "EBIT": NaN,
        "Net Interest Income": NaN,
        "Interest Expense": NaN,
        "Normalized Income": NaN,
        "Net Income From Continuing And Discontinued Operation": NaN,
        "Total Expenses": NaN,
        "Total Operating Income As Reported": NaN,
        "Diluted Average Shares": 43677000.0,
        "Basic Average Shares": 41553000.0,
        "Diluted EPS": 8.64,
        "Basic EPS": 9.08,
        "Diluted NI Availto Com Stockholders": NaN,
        "Average Dilution Earnings": NaN,
        "Net Income Common Stockholders": NaN,
        "Otherunder Preferred Stock Dividend": NaN,
        "Net Income": NaN,
        "Net Income Including Noncontrolling Interests": NaN,
        "Net Income Discontinuous Operations": 0.0,
        "Net Income Continuous Operations": NaN,
        "Tax Provision": NaN,
        "Pretax Income": NaN,
        "Other Income Expense": NaN,
        "Other Non Operating Income Expenses": NaN,
        "Special Income Charges": NaN,
        "Gain On Sale Of Ppe": NaN,
        "Impairment Of Capital Assets": NaN,
        "Earnings From Equity Interest": NaN,
        "Gain On Sale Of Security": NaN,
        "Net Non Operating Interest Income Expense": NaN,
        "Interest Expense Non Operating": NaN,
        "Operating Income": NaN,
        "Operating Expense": NaN,
        "Other Operating Expenses": 506000.0,
        "Selling General And Administration": NaN,
        "General And Administrative Expense": NaN,
        "Other Gand A": NaN,
        "Gross Profit": NaN,
        "Cost Of Revenue": NaN,
        "Total Revenue": NaN,
        "Operating Revenue": NaN
    },
    "2022-09-30": {
        "Tax Effect Of Unusual Items": NaN,
        "Tax Rate For Calcs": NaN,
        "Normalized EBITDA": NaN,
        "Total Unusual Items": NaN,
        "Total Unusual Items Excluding Goodwill": NaN,
        "Net Income From Continuing Operation Net Minority Interest": NaN,
        "Reconciled Depreciation": NaN,
        "Reconciled Cost Of Revenue": NaN,
        "EBITDA": NaN,
        "EBIT": NaN,
        "Net Interest Income": NaN,
        "Interest Expense": NaN,
        "Normalized Income": NaN,
        "Net Income From Continuing And Discontinued Operation": NaN,
        "Total Expenses": NaN,
        "Total Operating Income As Reported": NaN,
        "Diluted Average Shares": NaN,
        "Basic Average Shares": NaN,
        "Diluted EPS": NaN,
        "Basic EPS": NaN,
        "Diluted NI Availto Com Stockholders": NaN,
        "Average Dilution Earnings": 59862000.0,
        "Net Income Common Stockholders": NaN,
        "Otherunder Preferred Stock Dividend": 113000.0,
        "Net Income": NaN,
        "Net Income Including Noncontrolling Interests": NaN,
        "Net Income Discontinuous Operations": NaN,
        "Net Income Continuous Operations": NaN,
        "Tax Provision": NaN,
        "Pretax Income": NaN,
        "Other Income Expense": NaN,
        "Other Non Operating Income Expenses": NaN,
        "Special Income Charges": NaN,
        "Gain On Sale Of Ppe": NaN,
        "Impairment Of Capital Assets": NaN,
        "Earnings From Equity Interest": NaN,
        "Gain On Sale Of Security": NaN,
        "Net Non Operating Interest Income Expense": NaN,
        "Interest Expense Non Operating": NaN,
        "Operating Income": NaN,
        "Operating Expense": NaN,
        "Other Operating Expenses": NaN,
        "Selling General And Administration": NaN,
        "General And Administrative Expense": NaN,
        "Other Gand A": NaN,
        "Gross Profit": NaN,
        "Cost Of Revenue": NaN,
        "Total Revenue": NaN,
        "Operating Revenue": NaN
    },
    "2022-06-30": {
        "Tax Effect Of Unusual Items": -39173600.0,
        "Tax Rate For Calcs": 0.4,
        "Normalized EBITDA": 235503000.0,
        "Total Unusual Items": -97934000.0,
        "Total Unusual Items Excluding Goodwill": -97934000.0,
        "Net Income From Continuing Operation Net Minority Interest": 130839000.0,
        "Reconciled Depreciation": 42136000.0,
        "Reconciled Cost Of Revenue": 433822000.0,
        "EBITDA": 137569000.0,
        "EBIT": 137569000.0,
        "Net Interest Income": -6949000.0,
        "Interest Expense": 6949000.0,
        "Normalized Income": 189599400.0,
        "Net Income From Continuing And Discontinued Operation": 130839000.0,
        "Total Expenses": 458922000.0,
        "Total Operating Income As Reported": 330777000.0,
        "Diluted Average Shares": 20990000.0,
        "Basic Average Shares": 19553000.0,
        "Diluted EPS": 6.23,
        "Basic EPS": 6.69,
        "Diluted NI Availto Com Stockholders": 130839000.0,
        "Average Dilution Earnings": NaN,
        "Net Income Common Stockholders": 130839000.0,
        "Otherunder Preferred Stock Dividend": NaN,
        "Net Income": 130839000.0,
        "Net Income Including Noncontrolling Interests": 130839000.0,
        "Net Income Discontinuous Operations": 0.0,
        "Net Income Continuous Operations": 130839000.0,
        "Tax Provision": -219000.0,
        "Pretax Income": 130620000.0,
        "Other Income Expense": -192889000.0,
        "Other Non Operating Income Expenses": 1298000.0,
        "Special Income Charges": 319000.0,
        "Gain On Sale Of Ppe": 319000.0,
        "Impairment Of Capital Assets": 0.0,
        "Restructuring And Mergern Acquisition": NaN,
        "Earnings From Equity Interest": -96253000.0,
        "Gain On Sale Of Security": -98253000.0,
        "Net Non Operating Interest Income Expense": -6949000.0,
        "Total Other Finance Cost": NaN,
        "Interest Expense Non Operating": 6949000.0,
        "Operating Income": 330458000.0,
        "Operating Expense": 25100000.0,
        "Other Operating Expenses": 278000.0,
        "Selling General And Administration": 24822000.0,
        "General And Administrative Expense": 24822000.0,
        "Other Gand A": 24822000.0,
        "Gross Profit": 355558000.0,
        "Cost Of Revenue": 433822000.0,
        "Total Revenue": 789380000.0,
        "Operating Revenue": 789380000.0
    },
    "2023-06-30": {
        "Tax Effect Of Unusual Items": 5941156.0,
        "Tax Rate For Calcs": 0.244,
        "Normalized EBITDA": 405651000.0,
        "Total Unusual Items": 24349000.0,
        "Total Unusual Items Excluding Goodwill": 24349000.0,
        "Net Income From Continuing Operation Net Minority Interest": 216071000.0,
        "Reconciled Depreciation": 137046000.0,
        "Reconciled Cost Of Revenue": 613711000.0,
        "EBITDA": 430000000.0,
        "EBIT": 292954000.0,
        "Net Interest Income": -7228000.0,
        "Interest Expense": 7228000.0,
        "Normalized Income": 197663156.0,
        "Net Income From Continuing And Discontinued Operation": 216071000.0,
        "Total Expenses": 655885000.0,
        "Total Operating Income As Reported": 251017000.0,
        "Diluted Average Shares": 43386000.0,
        "Basic Average Shares": 41494000.0,
        "Diluted EPS": 4.96,
        "Basic EPS": 5.19,
        "Diluted NI Availto Com Stockholders": 216071000.0,
        "Average Dilution Earnings": NaN,
        "Net Income Common Stockholders": 216071000.0,
        "Otherunder Preferred Stock Dividend": NaN,
        "Net Income": 216071000.0,
        "Net Income Including Noncontrolling Interests": 216071000.0,
        "Net Income Discontinuous Operations": 0.0,
        "Net Income Continuous Operations": 216071000.0,
        "Tax Provision": 69655000.0,
        "Pretax Income": 285726000.0,
        "Other Income Expense": 36768000.0,
        "Other Non Operating Income Expenses": 2293000.0,
        "Special Income Charges": -5169000.0,
        "Gain On Sale Of Ppe": 1613000.0,
        "Impairment Of Capital Assets": 6782000.0,
        "Earnings From Equity Interest": 10126000.0,
        "Gain On Sale Of Security": 29518000.0,
        "Net Non Operating Interest Income Expense": -7228000.0,
        "Interest Expense Non Operating": 7228000.0,
        "Operating Income": 256186000.0,
        "Operating Expense": 42174000.0,
        "Other Operating Expenses": NaN,
        "Selling General And Administration": 42174000.0,
        "General And Administrative Expense": 42174000.0,
        "Other Gand A": 42174000.0,
        "Gross Profit": 298360000.0,
        "Cost Of Revenue": 613711000.0,
        "Total Revenue": 912071000.0,
        "Operating Revenue": 912071000.0
    },
    "2022-03-31": {
        "Diluted EPS": 24.14,
        "Total Revenue": 653,
        "Gross Profit": 392,
        "Operating Income": 292,
        "EBIT": 340,
        "Net Income": 466
    },
    "2021-12-31": {
        "Diluted EPS": 10.68,
        "Total Revenue": 522,
        "Gross Profit": 334,
        "Operating Income": 234,
        "EBIT": 274,
        "Net Income": 218
    },
    "2021-09-30": {
        "Diluted EPS": 3.46,
        "Total Revenue": 369,
        "Gross Profit": 220,
        "Operating Income": 151,
        "EBIT": 187,
        "Net Income": 72
    },
    "2021-06-30": {
        "Diluted EPS": 3.52,
        "Total Revenue": 364,
        "Gross Profit": 186,
        "Operating Income": 325,
        "EBIT": 378,
        "Net Income": 73
    },
    "2021-03-31": {
        "Diluted EPS": -2.18,
        "Total Revenue": 325,
        "Gross Profit": 179,
        "Operating Income": 99,
        "EBIT": 142,
        "Net Income": -44
    },
    "2020-12-31": {
        "Diluted EPS": -170.53,
        "Total Revenue": 127,
        "Gross Profit": -4,
        "Operating Income": -120,
        "EBIT": -56,
        "Net Income": 769
    },
    "2020-09-30": {
        "Diluted EPS": -0.17,
        "Total Revenue": 271,
        "Gross Profit": 170,
        "Operating Income": 39,
        "EBIT": 77,
        "Net Income": -56
    },
    "2020-06-30": {
        "Diluted EPS": -0.29,
        "Total Revenue": 166,
        "Gross Profit": 88,
        "Operating Income": -11,
        "EBIT": 32,
        "Net Income": -93
    },
    "2020-03-31": {
        "Diluted EPS": -13.61,
        "Total Revenue": 388,
        "Gross Profit": 215,
        "Operating Income": NaN,
        "EBIT": NaN,
        "Net Income": NaN
    },
    "2019-12-31": {
        "Diluted EPS": -0.24,
        "Total Revenue": 343,
        "Gross Profit": 96,
        "Operating Income": -221,
        "EBIT": -2,
        "Net Income": -76
    },
    "2019-09-30": {
        "Diluted EPS": 0.06,
        "Total Revenue": 483,
        "Gross Profit": 306,
        "Operating Income": 8,
        "EBIT": 225,
        "Net Income": 20
    },
    "2019-06-30": {
        "Diluted EPS": 0.14,
        "Total Revenue": 529,
        "Gross Profit": 310,
        "Operating Income": 72,
        "EBIT": 254,
        "Net Income": 43
    },
    "2019-03-31": {
        "Diluted EPS": -0.37,
        "Total Revenue": 576,
        "Gross Profit": 314,
        "Operating Income": 50,
        "EBIT": 247,
        "Net Income": -115
    },
    "2018-12-31": {
        "Diluted EPS": 0.71,
        "Total Revenue": 600,
        "Gross Profit": 317,
        "Operating Income": 70,
        "EBIT": 249,
        "Net Income": 222
    },
    "2018-09-30": {
        "Diluted EPS": 0.2,
        "Total Revenue": 675,
        "Gross Profit": 393,
        "Operating Income": 179,
        "EBIT": 352,
        "Net Income": 62
    },
    "2018-06-30": {
        "Diluted EPS": -1.02,
        "Total Revenue": 574,
        "Gross Profit": 345,
        "Operating Income": -243,
        "EBIT": -84,
        "Net Income": -320
    },
    "2018-03-31": {
        "Diluted EPS": 0.0,
        "Total Revenue": 474,
        "Gross Profit": 312,
        "Operating Income": 113,
        "EBIT": 268,
        "Net Income": 1
    },
    "2017-12-31": {
        "Diluted EPS": 0.53,
        "Total Revenue": 450,
        "Gross Profit": 282,
        "Operating Income": 86,
        "EBIT": 238,
        "Net Income": 125
    },
    "2017-09-30": {
        "Diluted EPS": -0.18,
        "Total Revenue": 305,
        "Gross Profit": 202,
        "Operating Income": 32,
        "EBIT": 168,
        "Net Income": -41
    },
    "2017-06-30": {
        "Diluted EPS": 0.07,
        "Total Revenue": 254,
        "Gross Profit": 170,
        "Operating Income": 5,
        "EBIT": 135,
        "Net Income": 17
    },
    "2017-03-31": {
        "Diluted EPS": 0.1,
        "Total Revenue": 285,
        "Gross Profit": 185,
        "Operating Income": 20,
        "EBIT": 152,
        "Net Income": 24
    },
    "2016-12-31": {
        "Diluted EPS": -0.22,
        "Total Revenue": 218,
        "Gross Profit": 147,
        "Operating Income": -2,
        "EBIT": 122,
        "Net Income": -55
    },
    "2016-09-30": {
        "Diluted EPS": -0.19,
        "Total Revenue": 177,
        "Gross Profit": 117,
        "Operating Income": -26,
        "EBIT": 90,
        "Net Income": -34
    },
    "2016-06-30": {
        "Diluted EPS": -0.51,
        "Total Revenue": 179,
        "Gross Profit": 124,
        "Operating Income": -28,
        "EBIT": 96,
        "Net Income": -90
    },
    "2016-03-31": {
        "Diluted EPS": -0.4,
        "Total Revenue": 130,
        "Gross Profit": 84,
        "Operating Income": -75,
        "EBIT": 52,
        "Net Income": -64
    },
    "2015-12-31": {
        "Diluted EPS": 0.05,
        "Total Revenue": 182,
        "Gross Profit": 123,
        "Operating Income": -53,
        "EBIT": 76,
        "Net Income": 4
    },
    "2015-09-30": {
        "Diluted EPS": 0.2,
        "Total Revenue": 197,
        "Gross Profit": 135,
        "Operating Income": -20,
        "EBIT": 106,
        "Net Income": 27
    },
    "2015-06-30": {
        "Diluted EPS": -0.39,
        "Total Revenue": 230,
        "Gross Profit": 164,
        "Operating Income": -7,
        "EBIT": 115,
        "Net Income": -53
    },
    "2015-03-31": {
        "Diluted EPS": -0.17,
        "Total Revenue": 180,
        "Gross Profit": 123,
        "Operating Income": -34,
        "EBIT": 86,
        "Net Income": -18
    },
    "2014-12-31": {
        "Diluted EPS": 1.75,
        "Total Revenue": 300,
        "Gross Profit": 213,
        "Operating Income": 16,
        "EBIT": 139,
        "Net Income": 177
    },
    "2014-09-30": {
        "Diluted EPS": 1.21,
        "Total Revenue": 369,
        "Gross Profit": 275,
        "Operating Income": 134,
        "EBIT": 243,
        "Net Income": 122
    },
    "2014-06-30": {
        "Diluted EPS": 0.39,
        "Total Revenue": 372,
        "Gross Profit": 289,
        "Operating Income": 167,
        "EBIT": 266,
        "Net Income": 39
    },
    "2014-03-31": {
        "Diluted EPS": 1.7,
        "Total Revenue": 350,
        "Gross Profit": 267,
        "Operating Income": 329,
        "EBIT": 422,
        "Net Income": 170
    },
    "2013-12-31": {
        "Diluted EPS": 0.57,
        "Total Revenue": 334,
        "Gross Profit": 258,
        "Operating Income": 122,
        "EBIT": 225,
        "Net Income": 54
    },
    "2013-09-30": {
        "Diluted EPS": 0.59,
        "Total Revenue": 305,
        "Gross Profit": 247,
        "Operating Income": 151,
        "EBIT": 225,
        "Net Income": 54
    },
    "2013-06-30": {
        "Diluted EPS": 0.72,
        "Total Revenue": 255,
        "Gross Profit": 208,
        "Operating Income": 113,
        "EBIT": 181,
        "Net Income": 67
    },
    "2013-03-31": {
        "Diluted EPS": 0.56,
        "Total Revenue": 248,
        "Gross Profit": 204,
        "Operating Income": 118,
        "EBIT": 185,
        "Net Income": 52
    },
    "2012-12-31": {
        "Diluted EPS": 0.46,
        "Total Revenue": 214,
        "Gross Profit": 173,
        "Operating Income": 87,
        "EBIT": 153,
        "Net Income": 43
    },
    "2012-09-30": {
        "Diluted EPS": 0.2,
        "Total Revenue": 185,
        "Gross Profit": 147,
        "Operating Income": 72,
        "EBIT": 130,
        "Net Income": 18
    },
    "2012-06-30": {
        "Diluted EPS": 0.82,
        "Total Revenue": 149,
        "Gross Profit": 122,
        "Operating Income": 60,
        "EBIT": 105,
        "Net Income": 76
    },
    "2012-03-31": {
        "Diluted EPS": 0.18,
        "Total Revenue": 139,
        "Gross Profit": 115,
        "Operating Income": 58,
        "EBIT": 98,
        "Net Income": 16
    },
    "2011-12-31": {
        "Diluted EPS": -0.15,
        "Total Revenue": 117,
        "Gross Profit": 94,
        "Operating Income": 54,
        "EBIT": 82,
        "Net Income": -13
    },
    "2011-09-30": {
        "Diluted EPS": 0.72,
        "Total Revenue": 88,
        "Gross Profit": 69,
        "Operating Income": 40,
        "EBIT": 62,
        "Net Income": 66
    },
    "2011-06-30": {
        "Diluted EPS": 0.36,
        "Total Revenue": 67,
        "Gross Profit": 54,
        "Operating Income": 32,
        "EBIT": 46,
        "Net Income": 33
    },
    "2011-03-31": {
        "Diluted EPS": -0.07,
        "Total Revenue": 59,
        "Gross Profit": 47,
        "Operating Income": 26,
        "EBIT": 40,
        "Net Income": -7
    },
    "2010-12-31": {
        "Diluted EPS": 2.97,
        "Total Revenue": 49,
        "Gross Profit": 39,
        "Operating Income": 13,
        "EBIT": 26,
        "Net Income": 2
    },
    "2010-09-30": {
        "Diluted EPS": -0.02,
        "Total Revenue": 33,
        "Gross Profit": 26,
        "Operating Income": 11,
        "EBIT": 21,
        "Net Income": -2
    },
    "2010-06-30": {
        "Diluted EPS": -3.26,
        "Total Revenue": 27,
        "Gross Profit": 21,
        "Operating Income": 1,
        "EBIT": 10,
        "Net Income": -26
    },
    "2010-03-31": {
        "Diluted EPS": 0.0,
        "Total Revenue": 20,
        "Gross Profit": 15,
        "Operating Income": -2,
        "EBIT": 4,
        "Net Income": -3
    },
    "2009-09-30": {
        "Diluted EPS": 0.0,
        "Total Revenue": 11,
        "Gross Profit": 8,
        "Operating Income": 0,
        "EBIT": 5,
        "Net Income": 0
    },
    "2009-06-30": {
        "Diluted EPS": 0.0,
        "Total Revenue": 6,
        "Gross Profit": 3,
        "Operating Income": -2,
        "EBIT": -2,
        "Net Income": -6
    },
    "2023-09-30": {
        "Tax Effect Of Unusual Items": -20149134.0,
        "Tax Rate For Calcs": 0.239,
        "Normalized EBITDA": 527295000.0,
        "Total Unusual Items": -84306000.0,
        "Total Unusual Items Excluding Goodwill": -84306000.0,
        "Net Income From Continuing Operation Net Minority Interest": 209076000.0,
        "Reconciled Depreciation": 160294000.0,
        "Reconciled Cost Of Revenue": 743802000.0,
        "EBITDA": 442989000.0,
        "EBIT": 282695000.0,
        "Net Interest Income": -7923000.0,
        "Interest Expense": 7923000.0,
        "Normalized Income": 273232866.0,
        "Net Income From Continuing And Discontinued Operation": 209076000.0,
        "Total Expenses": 771530000.0,
        "Total Operating Income As Reported": 352737000.0,
        "Diluted Average Shares": 43662000.0,
        "Basic Average Shares": 41563000.0,
        "Diluted EPS": 4.77,
        "Basic EPS": 5.01,
        "Diluted NI Availto Com Stockholders": 208303000.0,
        "Average Dilution Earnings": 28000.0,
        "Net Income Common Stockholders": 208275000.0,
        "Otherunder Preferred Stock Dividend": 801000.0,
        "Net Income": 209076000.0,
        "Net Income Including Noncontrolling Interests": 209076000.0,
        "Net Income Discontinuous Operations": 0.0,
        "Net Income Continuous Operations": 209076000.0,
        "Tax Provision": 65696000.0,
        "Pretax Income": 274772000.0,
        "Other Income Expense": -69143000.0,
        "Other Non Operating Income Expenses": 1651000.0,
        "Special Income Charges": 899000.0,
        "Gain On Sale Of Ppe": 899000.0,
        "Impairment Of Capital Assets": NaN,
        "Earnings From Equity Interest": 13512000.0,
        "Gain On Sale Of Security": -85205000.0,
        "Net Non Operating Interest Income Expense": -7923000.0,
        "Interest Expense Non Operating": 7923000.0,
        "Operating Income": 351838000.0,
        "Operating Expense": 27728000.0,
        "Other Operating Expenses": 1611000.0,
        "Selling General And Administration": 26117000.0,
        "General And Administrative Expense": 26117000.0,
        "Other Gand A": 26117000.0,
        "Gross Profit": 379566000.0,
        "Cost Of Revenue": 743802000.0,
        "Total Revenue": 1123368000.0,
        "Operating Revenue": 1123368000.0
    },
    "2023-12-31": {
        "Tax Effect Of Unusual Items": 10265491.694531,
        "Tax Rate For Calcs": 0.225953,
        "Normalized EBITDA": 518026000.0,
        "Total Unusual Items": 45432000.0,
        "Total Unusual Items Excluding Goodwill": 45432000.0,
        "Net Income From Continuing Operation Net Minority Interest": 301633000.0,
        "Reconciled Depreciation": 167431000.0,
        "Reconciled Cost Of Revenue": 587209000.0,
        "EBITDA": 563458000.0,
        "EBIT": 396027000.0,
        "Net Interest Income": -6344000.0,
        "Interest Expense": 6344000.0,
        "Normalized Income": 266466491.694531,
        "Net Income From Continuing And Discontinued Operation": 301633000.0,
        "Total Expenses": 614826000.0,
        "Total Operating Income As Reported": 343356000.0,
        "Diluted Average Shares": NaN,
        "Basic Average Shares": NaN,
        "Diluted EPS": NaN,
        "Basic EPS": NaN,
        "Diluted NI Availto Com Stockholders": 303870000.0,
        "Average Dilution Earnings": NaN,
        "Net Income Common Stockholders": 303914000.0,
        "Otherunder Preferred Stock Dividend": NaN,
        "Net Income": 301633000.0,
        "Net Income Including Noncontrolling Interests": 301633000.0,
        "Net Income Discontinuous Operations": 0.0,
        "Net Income Continuous Operations": 301633000.0,
        "Tax Provision": 88050000.0,
        "Pretax Income": 389683000.0,
        "Other Income Expense": 46168000.0,
        "Other Non Operating Income Expenses": 827000.0,
        "Special Income Charges": -6503000.0,
        "Gain On Sale Of Ppe": -6503000.0,
        "Impairment Of Capital Assets": NaN,
        "Earnings From Equity Interest": -91000.0,
        "Gain On Sale Of Security": 51935000.0,
        "Net Non Operating Interest Income Expense": -6344000.0,
        "Interest Expense Non Operating": 6344000.0,
        "Operating Income": 349859000.0,
        "Operating Expense": 27617000.0,
        "Other Operating Expenses": 2073000.0,
        "Selling General And Administration": 25544000.0,
        "General And Administrative Expense": 25544000.0,
        "Other Gand A": 25544000.0,
        "Gross Profit": 377476000.0,
        "Cost Of Revenue": 587209000.0,
        "Total Revenue": 964685000.0,
        "Operating Revenue": 964685000.0
    },
    "2024-03-31": {
        "Tax Effect Of Unusual Items": -5885600.0,
        "Tax Rate For Calcs": 0.224,
        "Normalized EBITDA": 459653000.0,
        "Total Unusual Items": -26275000.0,
        "Total Unusual Items Excluding Goodwill": -26275000.0,
        "Net Income From Continuing Operation Net Minority Interest": 199353000.0,
        "Reconciled Depreciation": 168894000.0,
        "Reconciled Cost Of Revenue": 781757000.0,
        "EBITDA": 433378000.0,
        "EBIT": 264484000.0,
        "Net Interest Income": -7592000.0,
        "Interest Expense": 7592000.0,
        "Normalized Income": 219742400.0,
        "Net Income From Continuing And Discontinued Operation": 199353000.0,
        "Total Expenses": 813623000.0,
        "Total Operating Income As Reported": 272939000.0,
        "Diluted Average Shares": 42747000.0,
        "Basic Average Shares": 41468000.0,
        "Diluted EPS": 4.65,
        "Basic EPS": 4.79,
        "Diluted NI Availto Com Stockholders": 198573000.0,
        "Average Dilution Earnings": 7000.0,
        "Net Income Common Stockholders": 198566000.0,
        "Otherunder Preferred Stock Dividend": 787000.0,
        "Net Income": 199353000.0,
        "Net Income Including Noncontrolling Interests": 199353000.0,
        "Net Income Discontinuous Operations": NaN,
        "Net Income Continuous Operations": 199353000.0,
        "Tax Provision": 57539000.0,
        "Pretax Income": 256892000.0,
        "Other Income Expense": -7153000.0,
        "Other Non Operating Income Expenses": 2826000.0,
        "Special Income Charges": 1302000.0,
        "Gain On Sale Of Ppe": 1302000.0,
        "Impairment Of Capital Assets": NaN,
        "Earnings From Equity Interest": 16296000.0,
        "Gain On Sale Of Security": -27577000.0,
        "Net Non Operating Interest Income Expense": -7592000.0,
        "Interest Expense Non Operating": 7592000.0,
        "Operating Income": 271637000.0,
        "Operating Expense": 31866000.0,
        "Other Operating Expenses": 6154000.0,
        "Selling General And Administration": 25712000.0,
        "General And Administrative Expense": 25712000.0,
        "Other Gand A": 25712000.0,
        "Gross Profit": 303503000.0,
        "Cost Of Revenue": 781757000.0,
        "Total Revenue": 1085260000.0,
        "Operating Revenue": 1085260000.0
    }
}