{
    "2023-03-31": {
        "Tax Effect Of Unusual Items": 0.0,
        "Tax Rate For Calcs": 0.0,
        "Normalized EBITDA": -65068000.0,
        "Total Unusual Items": 0.0,
        "Total Unusual Items Excluding Goodwill": 0.0,
        "Net Income From Continuing Operation Net Minority Interest": -75729000.0,
        "Reconciled Depreciation": 949000.0,
        "Reconciled Cost Of Revenue": 16874000.0,
        "EBITDA": -65068000.0,
        "EBIT": -66017000.0,
        "Net Interest Income": -9712000.0,
        "Interest Expense": 9712000.0,
        "Normalized Income": -75729000.0,
        "Net Income From Continuing And Discontinued Operation": -75729000.0,
        "Total Expenses": 100181000.0,
        "Total Operating Income As Reported": -67745000.0,
        "Diluted Average Shares": 79268853.0,
        "Basic Average Shares": 79268853.0,
        "Diluted EPS": -0.96,
        "Basic EPS": -0.96,
        "Diluted NI Availto Com Stockholders": -75729000.0,
        "Average Dilution Earnings": 0.0,
        "Net Income Common Stockholders": -75729000.0,
        "Net Income": -75729000.0,
        "Net Income Including Noncontrolling Interests": -75729000.0,
        "Net Income Continuous Operations": -75729000.0,
        "Tax Provision": 0.0,
        "Pretax Income": -75729000.0,
        "Other Income Expense": 1728000.0,
        "Other Non Operating Income Expenses": 1728000.0,
        "Special Income Charges": 0.0,
        "Gain On Sale Of Business": 0.0,
        "Other Special Charges": NaN,
        "Net Non Operating Interest Income Expense": -9712000.0,
        "Interest Expense Non Operating": 9712000.0,
        "Operating Income": -67745000.0,
        "Operating Expense": 83307000.0,
        "Research And Development": 34154000.0,
        "Selling General And Administration": 49153000.0,
        "Gross Profit": 15562000.0,
        "Cost Of Revenue": 16874000.0,
        "Total Revenue": 32436000.0,
        "Operating Revenue": 32436000.0
    },
    "2022-12-31": {
        "Tax Effect Of Unusual Items": NaN,
        "Tax Rate For Calcs": NaN,
        "Normalized EBITDA": NaN,
        "Total Unusual Items": NaN,
        "Total Unusual Items Excluding Goodwill": NaN,
        "Net Income From Continuing Operation Net Minority Interest": NaN,
        "Reconciled Depreciation": NaN,
        "Reconciled Cost Of Revenue": NaN,
        "EBITDA": NaN,
        "EBIT": NaN,
        "Net Interest Income": NaN,
        "Interest Expense": NaN,
        "Normalized Income": NaN,
        "Net Income From Continuing And Discontinued Operation": NaN,
        "Total Expenses": NaN,
        "Total Operating Income As Reported": NaN,
        "Diluted Average Shares": 77955769.0,
        "Basic Average Shares": 77955769.0,
        "Diluted EPS": -0.76,
        "Basic EPS": -0.76,
        "Diluted NI Availto Com Stockholders": NaN,
        "Average Dilution Earnings": NaN,
        "Net Income Common Stockholders": NaN,
        "Net Income": NaN,
        "Net Income Including Noncontrolling Interests": NaN,
        "Net Income Continuous Operations": NaN,
        "Tax Provision": NaN,
        "Pretax Income": NaN,
        "Other Income Expense": NaN,
        "Other Non Operating Income Expenses": NaN,
        "Special Income Charges": NaN,
        "Gain On Sale Of Business": NaN,
        "Other Special Charges": 0.0,
        "Net Non Operating Interest Income Expense": NaN,
        "Interest Expense Non Operating": NaN,
        "Operating Income": NaN,
        "Operating Expense": NaN,
        "Research And Development": NaN,
        "Selling General And Administration": NaN,
        "Gross Profit": NaN,
        "Cost Of Revenue": NaN,
        "Total Revenue": NaN,
        "Operating Revenue": NaN
    },
    "2022-09-30": {
        "Tax Effect Of Unusual Items": 0.0,
        "Tax Rate For Calcs": 0.0,
        "Normalized EBITDA": -78115000.0,
        "Total Unusual Items": 0.0,
        "Total Unusual Items Excluding Goodwill": 0.0,
        "Net Income From Continuing Operation Net Minority Interest": -86650000.0,
        "Reconciled Depreciation": 995000.0,
        "Reconciled Cost Of Revenue": 35234000.0,
        "EBITDA": -78115000.0,
        "EBIT": -79110000.0,
        "Net Interest Income": -7540000.0,
        "Interest Expense": 7540000.0,
        "Normalized Income": -86650000.0,
        "Net Income From Continuing And Discontinued Operation": -86650000.0,
        "Total Expenses": 125873000.0,
        "Total Operating Income As Reported": -80449000.0,
        "Diluted Average Shares": 77746895.0,
        "Basic Average Shares": 77746895.0,
        "Diluted EPS": -1.11,
        "Basic EPS": -1.11,
        "Diluted NI Availto Com Stockholders": -86650000.0,
        "Net Income Common Stockholders": -86650000.0,
        "Net Income": -86650000.0,
        "Net Income Including Noncontrolling Interests": -86650000.0,
        "Net Income Continuous Operations": -86650000.0,
        "Tax Provision": 0.0,
        "Pretax Income": -86650000.0,
        "Other Income Expense": 1339000.0,
        "Other Non Operating Income Expenses": 1339000.0,
        "Special Income Charges": 0.0,
        "Other Special Charges": NaN,
        "Net Non Operating Interest Income Expense": -7540000.0,
        "Interest Expense Non Operating": 7540000.0,
        "Operating Income": -80449000.0,
        "Operating Expense": 90639000.0,
        "Research And Development": 45808000.0,
        "Selling General And Administration": 44831000.0,
        "Gross Profit": 10190000.0,
        "Cost Of Revenue": 35234000.0,
        "Total Revenue": 45424000.0,
        "Operating Revenue": 45424000.0
    },
    "2022-06-30": {
        "Tax Effect Of Unusual Items": 0.0,
        "Tax Rate For Calcs": 0.0,
        "Normalized EBITDA": -42683000.0,
        "Total Unusual Items": 0.0,
        "Total Unusual Items Excluding Goodwill": 0.0,
        "Net Income From Continuing Operation Net Minority Interest": -50150000.0,
        "Reconciled Depreciation": 887000.0,
        "Reconciled Cost Of Revenue": 11277000.0,
        "EBITDA": -42683000.0,
        "EBIT": -43570000.0,
        "Net Interest Income": -6580000.0,
        "Interest Expense": 6580000.0,
        "Normalized Income": -50150000.0,
        "Net Income From Continuing And Discontinued Operation": -50150000.0,
        "Total Expenses": 104164000.0,
        "Total Operating Income As Reported": -44013000.0,
        "Diluted Average Shares": 77554717.0,
        "Basic Average Shares": 77554717.0,
        "Diluted EPS": -0.65,
        "Basic EPS": -0.65,
        "Diluted NI Availto Com Stockholders": -50150000.0,
        "Net Income Common Stockholders": -50150000.0,
        "Net Income": -50150000.0,
        "Net Income Including Noncontrolling Interests": -50150000.0,
        "Net Income Continuous Operations": -50150000.0,
        "Tax Provision": 0.0,
        "Pretax Income": -50150000.0,
        "Other Income Expense": 443000.0,
        "Other Non Operating Income Expenses": 443000.0,
        "Special Income Charges": 0.0,
        "Other Special Charges": NaN,
        "Net Non Operating Interest Income Expense": -6580000.0,
        "Interest Expense Non Operating": 6580000.0,
        "Operating Income": -44013000.0,
        "Operating Expense": 92887000.0,
        "Research And Development": 41611000.0,
        "Selling General And Administration": 51276000.0,
        "Gross Profit": 48874000.0,
        "Cost Of Revenue": 11277000.0,
        "Total Revenue": 60151000.0,
        "Operating Revenue": 60151000.0
    },
    "2023-06-30": {
        "Tax Effect Of Unusual Items": 0.0,
        "Tax Rate For Calcs": 0.0,
        "Normalized EBITDA": -32046000.0,
        "Total Unusual Items": 0.0,
        "Total Unusual Items Excluding Goodwill": 0.0,
        "Net Income From Continuing Operation Net Minority Interest": -42869000.0,
        "Reconciled Depreciation": 880000.0,
        "Reconciled Cost Of Revenue": 24848000.0,
        "EBITDA": -32046000.0,
        "EBIT": -32926000.0,
        "Net Interest Income": -9943000.0,
        "Interest Expense": 9943000.0,
        "Normalized Income": -42869000.0,
        "Net Income From Continuing And Discontinued Operation": -42869000.0,
        "Total Expenses": 93259000.0,
        "Total Operating Income As Reported": -34543000.0,
        "Diluted Average Shares": 87269614.0,
        "Basic Average Shares": 87269614.0,
        "Diluted EPS": -0.49,
        "Basic EPS": -0.49,
        "Diluted NI Availto Com Stockholders": -42869000.0,
        "Average Dilution Earnings": NaN,
        "Net Income Common Stockholders": -42869000.0,
        "Net Income": -42869000.0,
        "Net Income Including Noncontrolling Interests": -42869000.0,
        "Net Income Continuous Operations": -42869000.0,
        "Tax Provision": 0.0,
        "Pretax Income": -42869000.0,
        "Other Income Expense": 1617000.0,
        "Other Non Operating Income Expenses": 1617000.0,
        "Special Income Charges": 0.0,
        "Gain On Sale Of Business": NaN,
        "Other Special Charges": NaN,
        "Net Non Operating Interest Income Expense": -9943000.0,
        "Interest Expense Non Operating": 9943000.0,
        "Operating Income": -34543000.0,
        "Operating Expense": 68411000.0,
        "Research And Development": 23267000.0,
        "Selling General And Administration": 45144000.0,
        "Gross Profit": 33868000.0,
        "Cost Of Revenue": 24848000.0,
        "Total Revenue": 58716000.0,
        "Operating Revenue": 58716000.0
    },
    "2022-03-31": {
        "Diluted EPS": -1.24,
        "Total Revenue": 60,
        "Gross Profit": 51,
        "Operating Income": -81,
        "EBIT": -80,
        "Net Income": -96
    },
    "2021-12-31": {
        "Diluted EPS": -0.55,
        "Total Revenue": 73,
        "Gross Profit": 61,
        "Operating Income": -40,
        "EBIT": -39,
        "Net Income": -46
    },
    "2021-09-30": {
        "Diluted EPS": -0.49,
        "Total Revenue": 83,
        "Gross Profit": 61,
        "Operating Income": -33,
        "EBIT": -32,
        "Net Income": -39
    },
    "2021-06-30": {
        "Diluted EPS": -0.4,
        "Total Revenue": 88,
        "Gross Profit": 71,
        "Operating Income": -24,
        "EBIT": -23,
        "Net Income": -30
    },
    "2021-03-31": {
        "Diluted EPS": -2.37,
        "Total Revenue": 83,
        "Gross Profit": 76,
        "Operating Income": -167,
        "EBIT": -167,
        "Net Income": -173
    },
    "2020-12-31": {
        "Diluted EPS": 0.11,
        "Total Revenue": 110,
        "Gross Profit": 99,
        "Operating Income": 16,
        "EBIT": 17,
        "Net Income": 10
    },
    "2020-09-30": {
        "Diluted EPS": 0.33,
        "Total Revenue": 114,
        "Gross Profit": 105,
        "Operating Income": 34,
        "EBIT": 34,
        "Net Income": 28
    },
    "2020-06-30": {
        "Diluted EPS": 0.7,
        "Total Revenue": 136,
        "Gross Profit": 126,
        "Operating Income": 65,
        "EBIT": 66,
        "Net Income": 59
    },
    "2020-03-31": {
        "Diluted EPS": 0.48,
        "Total Revenue": 116,
        "Gross Profit": 109,
        "Operating Income": 41,
        "EBIT": 41,
        "Net Income": 36
    },
    "2019-12-31": {
        "Diluted EPS": 0.57,
        "Total Revenue": 124,
        "Gross Profit": 116,
        "Operating Income": 45,
        "EBIT": 46,
        "Net Income": 39
    },
    "2019-09-30": {
        "Diluted EPS": 0.63,
        "Total Revenue": 112,
        "Gross Profit": 105,
        "Operating Income": 52,
        "EBIT": 53,
        "Net Income": 47
    },
    "2019-06-30": {
        "Diluted EPS": 0.32,
        "Total Revenue": 83,
        "Gross Profit": 83,
        "Operating Income": 27,
        "EBIT": 28,
        "Net Income": 24
    },
    "2019-03-31": {
        "Diluted EPS": -0.29,
        "Total Revenue": 37,
        "Gross Profit": 35,
        "Operating Income": -17,
        "EBIT": -16,
        "Net Income": -20
    },
    "2018-12-31": {
        "Diluted EPS": -0.93,
        "Total Revenue": NaN,
        "Gross Profit": NaN,
        "Operating Income": -61,
        "EBIT": -60,
        "Net Income": -63
    },
    "2018-09-30": {
        "Diluted EPS": -0.87,
        "Total Revenue": NaN,
        "Gross Profit": NaN,
        "Operating Income": -57,
        "EBIT": -56,
        "Net Income": -59
    },
    "2018-06-30": {
        "Diluted EPS": -0.68,
        "Total Revenue": NaN,
        "Gross Profit": NaN,
        "Operating Income": -45,
        "EBIT": -44,
        "Net Income": -44
    },
    "2018-03-31": {
        "Diluted EPS": -0.74,
        "Total Revenue": NaN,
        "Gross Profit": NaN,
        "Operating Income": -42,
        "EBIT": -41,
        "Net Income": -44
    },
    "2017-12-31": {
        "Diluted EPS": -0.77,
        "Total Revenue": 0,
        "Gross Profit": 0,
        "Operating Income": -46,
        "EBIT": -46,
        "Net Income": -49
    },
    "2017-09-30": {
        "Diluted EPS": -1.09,
        "Total Revenue": NaN,
        "Gross Profit": NaN,
        "Operating Income": -57,
        "EBIT": -56,
        "Net Income": -59
    },
    "2017-06-30": {
        "Diluted EPS": -1.08,
        "Total Revenue": 1,
        "Gross Profit": 1,
        "Operating Income": -57,
        "EBIT": -56,
        "Net Income": -55
    },
    "2017-03-31": {
        "Diluted EPS": -1.54,
        "Total Revenue": 0,
        "Gross Profit": 0,
        "Operating Income": -72,
        "EBIT": -72,
        "Net Income": -75
    },
    "2016-12-31": {
        "Diluted EPS": -1.32,
        "Total Revenue": 1,
        "Gross Profit": 1,
        "Operating Income": -73,
        "EBIT": -73,
        "Net Income": -76
    },
    "2016-09-30": {
        "Diluted EPS": 1.67,
        "Total Revenue": 163,
        "Gross Profit": 163,
        "Operating Income": 85,
        "EBIT": 85,
        "Net Income": 84
    },
    "2016-06-30": {
        "Diluted EPS": -1.72,
        "Total Revenue": 14,
        "Gross Profit": 14,
        "Operating Income": -63,
        "EBIT": -62,
        "Net Income": -70
    },
    "2016-03-31": {
        "Diluted EPS": -1.67,
        "Total Revenue": 12,
        "Gross Profit": 12,
        "Operating Income": -64,
        "EBIT": -64,
        "Net Income": -65
    },
    "2015-12-31": {
        "Diluted EPS": -1.37,
        "Total Revenue": 10,
        "Gross Profit": 10,
        "Operating Income": -52,
        "EBIT": -52,
        "Net Income": -52
    },
    "2015-09-30": {
        "Diluted EPS": -1.86,
        "Total Revenue": 7,
        "Gross Profit": 7,
        "Operating Income": -71,
        "EBIT": -71,
        "Net Income": -71
    },
    "2015-06-30": {
        "Diluted EPS": -1.56,
        "Total Revenue": 7,
        "Gross Profit": 7,
        "Operating Income": -59,
        "EBIT": -58,
        "Net Income": -59
    },
    "2015-03-31": {
        "Diluted EPS": -1.22,
        "Total Revenue": 6,
        "Gross Profit": 6,
        "Operating Income": -37,
        "EBIT": -37,
        "Net Income": -41
    },
    "2014-12-31": {
        "Diluted EPS": -1.47,
        "Total Revenue": 6,
        "Gross Profit": 6,
        "Operating Income": -27,
        "EBIT": -26,
        "Net Income": -29
    },
    "2014-09-30": {
        "Diluted EPS": -1.79,
        "Total Revenue": 16,
        "Gross Profit": 16,
        "Operating Income": -6,
        "EBIT": -6,
        "Net Income": -8
    },
    "2014-06-30": {
        "Diluted EPS": -5.96,
        "Total Revenue": 5,
        "Gross Profit": 5,
        "Operating Income": -18,
        "EBIT": -18,
        "Net Income": -25
    },
    "2014-03-31": {
        "Diluted EPS": -6.03,
        "Total Revenue": 4,
        "Gross Profit": 4,
        "Operating Income": -14,
        "EBIT": -14,
        "Net Income": -25
    },
    "2013-12-31": {
        "Diluted EPS": 0.0,
        "Total Revenue": NaN,
        "Gross Profit": NaN,
        "Operating Income": NaN,
        "EBIT": NaN,
        "Net Income": NaN
    },
    "2013-09-30": {
        "Diluted EPS": -6.23,
        "Total Revenue": 1,
        "Gross Profit": 1,
        "Operating Income": -7,
        "EBIT": -7,
        "Net Income": -21
    },
    "2012-12-31": {
        "Diluted EPS": 0.0,
        "Total Revenue": NaN,
        "Gross Profit": NaN,
        "Operating Income": NaN,
        "EBIT": NaN,
        "Net Income": NaN
    },
    "2023-09-30": {
        "Tax Effect Of Unusual Items": 0.0,
        "Tax Rate For Calcs": 0.009495,
        "Normalized EBITDA": -28854000.0,
        "Total Unusual Items": 0.0,
        "Total Unusual Items Excluding Goodwill": 0.0,
        "Net Income From Continuing Operation Net Minority Interest": -39641000.0,
        "Reconciled Depreciation": 899000.0,
        "Reconciled Cost Of Revenue": 32703000.0,
        "EBITDA": -28854000.0,
        "EBIT": -29753000.0,
        "Net Interest Income": -10268000.0,
        "Interest Expense": 10268000.0,
        "Normalized Income": -39641000.0,
        "Net Income From Continuing And Discontinued Operation": -39641000.0,
        "Total Expenses": 106574000.0,
        "Total Operating Income As Reported": -32006000.0,
        "Diluted Average Shares": 97738509.0,
        "Basic Average Shares": 97738509.0,
        "Diluted EPS": -0.41,
        "Basic EPS": -0.41,
        "Diluted NI Availto Com Stockholders": -39641000.0,
        "Average Dilution Earnings": NaN,
        "Net Income Common Stockholders": -39641000.0,
        "Net Income": -39641000.0,
        "Net Income Including Noncontrolling Interests": -39641000.0,
        "Net Income Continuous Operations": -39641000.0,
        "Tax Provision": -380000.0,
        "Pretax Income": -40021000.0,
        "Other Income Expense": 2253000.0,
        "Other Non Operating Income Expenses": 2253000.0,
        "Special Income Charges": 0.0,
        "Gain On Sale Of Business": NaN,
        "Other Special Charges": NaN,
        "Net Non Operating Interest Income Expense": -10268000.0,
        "Interest Expense Non Operating": 10268000.0,
        "Operating Income": -32006000.0,
        "Operating Expense": 73871000.0,
        "Research And Development": 25647000.0,
        "Selling General And Administration": 48224000.0,
        "Gross Profit": 41865000.0,
        "Cost Of Revenue": 32703000.0,
        "Total Revenue": 74568000.0,
        "Operating Revenue": 74568000.0
    },
    "2023-12-31": {
        "Tax Effect Of Unusual Items": 0.0,
        "Tax Rate For Calcs": 0.0,
        "Normalized EBITDA": -67971000.0,
        "Total Unusual Items": 0.0,
        "Total Unusual Items Excluding Goodwill": 0.0,
        "Net Income From Continuing Operation Net Minority Interest": -79653000.0,
        "Reconciled Depreciation": 1063000.0,
        "Reconciled Cost Of Revenue": 84567000.0,
        "EBITDA": -67971000.0,
        "EBIT": -69034000.0,
        "Net Interest Income": -10619000.0,
        "Interest Expense": 10619000.0,
        "Normalized Income": -79653000.0,
        "Net Income From Continuing And Discontinued Operation": -79653000.0,
        "Total Expenses": 160429000.0,
        "Total Operating Income As Reported": -68905000.0,
        "Diluted Average Shares": NaN,
        "Basic Average Shares": NaN,
        "Diluted EPS": NaN,
        "Basic EPS": NaN,
        "Diluted NI Availto Com Stockholders": -79653000.0,
        "Average Dilution Earnings": NaN,
        "Net Income Common Stockholders": -79653000.0,
        "Net Income": -79653000.0,
        "Net Income Including Noncontrolling Interests": -79653000.0,
        "Net Income Continuous Operations": -79653000.0,
        "Tax Provision": 0.0,
        "Pretax Income": -79653000.0,
        "Other Income Expense": -129000.0,
        "Other Non Operating Income Expenses": -129000.0,
        "Special Income Charges": 0.0,
        "Gain On Sale Of Business": NaN,
        "Other Special Charges": NaN,
        "Net Non Operating Interest Income Expense": -10619000.0,
        "Interest Expense Non Operating": 10619000.0,
        "Operating Income": -68905000.0,
        "Operating Expense": 75862000.0,
        "Research And Development": 26368000.0,
        "Selling General And Administration": 49494000.0,
        "Gross Profit": 6957000.0,
        "Cost Of Revenue": 84567000.0,
        "Total Revenue": 91524000.0,
        "Operating Revenue": 91524000.0
    },
    "2024-03-31": {
        "Tax Effect Of Unusual Items": 0.0,
        "Tax Rate For Calcs": 0.0,
        "Normalized EBITDA": -38149000.0,
        "Total Unusual Items": 153647000.0,
        "Total Unusual Items Excluding Goodwill": 153647000.0,
        "Net Income From Continuing Operation Net Minority Interest": 102875000.0,
        "Reconciled Depreciation": 1507000.0,
        "Reconciled Cost Of Revenue": 34586000.0,
        "EBITDA": 115498000.0,
        "EBIT": 113991000.0,
        "Net Interest Income": -11116000.0,
        "Interest Expense": 11116000.0,
        "Normalized Income": -50772000.0,
        "Net Income From Continuing And Discontinued Operation": 102875000.0,
        "Total Expenses": 119588000.0,
        "Total Operating Income As Reported": -42525000.0,
        "Diluted Average Shares": 125529971.0,
        "Basic Average Shares": 112749306.0,
        "Diluted EPS": 0.83,
        "Basic EPS": 0.91,
        "Diluted NI Availto Com Stockholders": 104070000.0,
        "Average Dilution Earnings": 1195000.0,
        "Net Income Common Stockholders": 102875000.0,
        "Net Income": 102875000.0,
        "Net Income Including Noncontrolling Interests": 102875000.0,
        "Net Income Continuous Operations": 102875000.0,
        "Tax Provision": 0.0,
        "Pretax Income": 102875000.0,
        "Other Income Expense": 156516000.0,
        "Other Non Operating Income Expenses": 2869000.0,
        "Special Income Charges": 153647000.0,
        "Gain On Sale Of Business": 153647000.0,
        "Other Special Charges": NaN,
        "Net Non Operating Interest Income Expense": -11116000.0,
        "Interest Expense Non Operating": 11116000.0,
        "Operating Income": -42525000.0,
        "Operating Expense": 85002000.0,
        "Research And Development": 28470000.0,
        "Selling General And Administration": 56532000.0,
        "Gross Profit": 42477000.0,
        "Cost Of Revenue": 34586000.0,
        "Total Revenue": 77063000.0,
        "Operating Revenue": 77063000.0
    }
}