{
    "2023-03-31": {
        "Tax Effect Of Unusual Items": -37471.0,
        "Tax Rate For Calcs": 0.101,
        "Normalized EBITDA": 16737000.0,
        "Total Unusual Items": -371000.0,
        "Total Unusual Items Excluding Goodwill": -371000.0,
        "Net Income From Continuing Operation Net Minority Interest": 8222000.0,
        "Reconciled Depreciation": 7625000.0,
        "Reconciled Cost Of Revenue": 60335000.0,
        "EBITDA": 16366000.0,
        "EBIT": 8741000.0,
        "Net Interest Income": 777000.0,
        "Interest Income": NaN,
        "Normalized Income": 8555529.0,
        "Net Income From Continuing And Discontinued Operation": 8222000.0,
        "Total Expenses": 103757000.0,
        "Rent Expense Supplemental": 7882000.0,
        "Total Operating Income As Reported": 8370000.0,
        "Diluted Average Shares": 18176121.0,
        "Basic Average Shares": 18020434.0,
        "Diluted EPS": 0.45,
        "Basic EPS": 0.46,
        "Diluted NI Availto Com Stockholders": 8222000.0,
        "Net Income Common Stockholders": 8222000.0,
        "Net Income": 8222000.0,
        "Net Income Including Noncontrolling Interests": 8222000.0,
        "Net Income Continuous Operations": 8222000.0,
        "Tax Provision": 925000.0,
        "Pretax Income": 9147000.0,
        "Other Income Expense": -371000.0,
        "Special Income Charges": -371000.0,
        "Other Special Charges": NaN,
        "Impairment Of Capital Assets": 371000.0,
        "Restructuring And Mergern Acquisition": 371000.0,
        "Net Non Operating Interest Income Expense": 777000.0,
        "Total Other Finance Cost": -777000.0,
        "Interest Income Non Operating": NaN,
        "Operating Income": 8741000.0,
        "Operating Expense": 40937000.0,
        "Other Operating Expenses": 18559000.0,
        "Depreciation Amortization Depletion Income Statement": 5140000.0,
        "Depreciation And Amortization In Income Statement": 5140000.0,
        "Depreciation Income Statement": 5140000.0,
        "Selling General And Administration": 17238000.0,
        "Selling And Marketing Expense": 1550000.0,
        "General And Administrative Expense": 15688000.0,
        "Other Gand A": 7806000.0,
        "Rent And Landing Fees": 7882000.0,
        "Gross Profit": 49678000.0,
        "Cost Of Revenue": 62820000.0,
        "Total Revenue": 112498000.0,
        "Operating Revenue": 112498000.0
    },
    "2022-12-31": {
        "Tax Effect Of Unusual Items": -302177.22446,
        "Tax Rate For Calcs": 0.093006,
        "Normalized EBITDA": 16283000.0,
        "Total Unusual Items": -3249000.0,
        "Total Unusual Items Excluding Goodwill": -3249000.0,
        "Net Income From Continuing Operation Net Minority Interest": 2477000.0,
        "Reconciled Depreciation": 7548000.0,
        "Reconciled Cost Of Revenue": 57979000.0,
        "EBITDA": 13034000.0,
        "EBIT": 5486000.0,
        "Net Interest Income": 494000.0,
        "Interest Income": NaN,
        "Normalized Income": 5423822.77554,
        "Net Income From Continuing And Discontinued Operation": 2477000.0,
        "Total Expenses": 98615000.0,
        "Rent Expense Supplemental": 7266000.0,
        "Total Operating Income As Reported": 2237000.0,
        "Diluted Average Shares": 18150724.0,
        "Basic Average Shares": 18024393.0,
        "Diluted EPS": 0.14,
        "Basic EPS": 0.14,
        "Diluted NI Availto Com Stockholders": 2477000.0,
        "Net Income Common Stockholders": 2477000.0,
        "Net Income": 2477000.0,
        "Net Income Including Noncontrolling Interests": 2477000.0,
        "Net Income Continuous Operations": 2477000.0,
        "Tax Provision": 254000.0,
        "Pretax Income": 2731000.0,
        "Other Income Expense": -3249000.0,
        "Special Income Charges": -3249000.0,
        "Other Special Charges": 0.0,
        "Impairment Of Capital Assets": 2950000.0,
        "Restructuring And Mergern Acquisition": 299000.0,
        "Net Non Operating Interest Income Expense": 494000.0,
        "Total Other Finance Cost": -494000.0,
        "Interest Income Non Operating": NaN,
        "Operating Income": 5486000.0,
        "Operating Expense": 38199000.0,
        "Other Operating Expenses": 17901000.0,
        "Depreciation Amortization Depletion Income Statement": 5111000.0,
        "Depreciation And Amortization In Income Statement": 5111000.0,
        "Depreciation Income Statement": 5111000.0,
        "Selling General And Administration": 15187000.0,
        "Selling And Marketing Expense": 1436000.0,
        "General And Administrative Expense": 13751000.0,
        "Other Gand A": 6485000.0,
        "Rent And Landing Fees": 7266000.0,
        "Gross Profit": 43685000.0,
        "Cost Of Revenue": 60416000.0,
        "Total Revenue": 104101000.0,
        "Operating Revenue": 104101000.0
    },
    "2022-09-30": {
        "Tax Effect Of Unusual Items": -158270.0,
        "Tax Rate For Calcs": 0.133,
        "Normalized EBITDA": 15309000.0,
        "Total Unusual Items": -1190000.0,
        "Total Unusual Items Excluding Goodwill": -1190000.0,
        "Net Income From Continuing Operation Net Minority Interest": 4989000.0,
        "Reconciled Depreciation": 7504000.0,
        "Reconciled Cost Of Revenue": 59125000.0,
        "EBITDA": 14119000.0,
        "EBIT": 6615000.0,
        "Net Interest Income": 331000.0,
        "Interest Income": NaN,
        "Normalized Income": 6020730.0,
        "Net Income From Continuing And Discontinued Operation": 4989000.0,
        "Total Expenses": 100067000.0,
        "Rent Expense Supplemental": 7490000.0,
        "Total Operating Income As Reported": 5425000.0,
        "Diluted Average Shares": 18761263.0,
        "Basic Average Shares": 18685401.0,
        "Diluted EPS": 0.27,
        "Basic EPS": 0.27,
        "Diluted NI Availto Com Stockholders": 4989000.0,
        "Net Income Common Stockholders": 4989000.0,
        "Net Income": 4989000.0,
        "Net Income Including Noncontrolling Interests": 4989000.0,
        "Net Income Continuous Operations": 4989000.0,
        "Tax Provision": 767000.0,
        "Pretax Income": 5756000.0,
        "Other Income Expense": -1190000.0,
        "Special Income Charges": -1190000.0,
        "Other Special Charges": -279000.0,
        "Impairment Of Capital Assets": 673000.0,
        "Restructuring And Mergern Acquisition": 796000.0,
        "Net Non Operating Interest Income Expense": 331000.0,
        "Total Other Finance Cost": -331000.0,
        "Interest Income Non Operating": NaN,
        "Operating Income": 6615000.0,
        "Operating Expense": 38540000.0,
        "Other Operating Expenses": 17707000.0,
        "Depreciation Amortization Depletion Income Statement": 5102000.0,
        "Depreciation And Amortization In Income Statement": 5102000.0,
        "Depreciation Income Statement": 5102000.0,
        "Selling General And Administration": 15731000.0,
        "Selling And Marketing Expense": 1541000.0,
        "General And Administrative Expense": 14190000.0,
        "Other Gand A": 6700000.0,
        "Rent And Landing Fees": 7490000.0,
        "Gross Profit": 45155000.0,
        "Cost Of Revenue": 61527000.0,
        "Total Revenue": 106682000.0,
        "Operating Revenue": 106682000.0
    },
    "2022-06-30": {
        "Tax Effect Of Unusual Items": -67528.0,
        "Tax Rate For Calcs": 0.092,
        "Normalized EBITDA": 15040000.0,
        "Total Unusual Items": -734000.0,
        "Total Unusual Items Excluding Goodwill": -734000.0,
        "Net Income From Continuing Operation Net Minority Interest": 7871000.0,
        "Reconciled Depreciation": 4981000.0,
        "Reconciled Cost Of Revenue": 63141000.0,
        "EBITDA": 14306000.0,
        "EBIT": 9325000.0,
        "Net Interest Income": 75000.0,
        "Interest Income": NaN,
        "Normalized Income": 8537472.0,
        "Net Income From Continuing And Discontinued Operation": 7871000.0,
        "Total Expenses": 101621000.0,
        "Rent Expense Supplemental": 7556000.0,
        "Total Operating Income As Reported": 8591000.0,
        "Diluted Average Shares": 18983553.0,
        "Basic Average Shares": 18919473.0,
        "Diluted EPS": 0.41,
        "Basic EPS": 0.42,
        "Diluted NI Availto Com Stockholders": 7871000.0,
        "Net Income Common Stockholders": 7871000.0,
        "Net Income": 7871000.0,
        "Net Income Including Noncontrolling Interests": 7871000.0,
        "Net Income Continuous Operations": 7871000.0,
        "Tax Provision": 795000.0,
        "Pretax Income": 8666000.0,
        "Other Income Expense": -734000.0,
        "Special Income Charges": -734000.0,
        "Other Special Charges": -23000.0,
        "Impairment Of Capital Assets": 734000.0,
        "Restructuring And Mergern Acquisition": 757000.0,
        "Net Non Operating Interest Income Expense": 75000.0,
        "Total Other Finance Cost": -75000.0,
        "Interest Income Non Operating": NaN,
        "Operating Income": 9325000.0,
        "Operating Expense": 38480000.0,
        "Other Operating Expenses": 17835000.0,
        "Depreciation Amortization Depletion Income Statement": 4981000.0,
        "Depreciation And Amortization In Income Statement": 4981000.0,
        "Depreciation Income Statement": 4981000.0,
        "Selling General And Administration": 15664000.0,
        "Selling And Marketing Expense": 1614000.0,
        "General And Administrative Expense": 14050000.0,
        "Other Gand A": 6494000.0,
        "Rent And Landing Fees": 7556000.0,
        "Gross Profit": 47805000.0,
        "Cost Of Revenue": 63141000.0,
        "Total Revenue": 110946000.0,
        "Operating Revenue": 110946000.0
    },
    "2022-03-31": {
        "Diluted EPS": 0.29,
        "Total Revenue": 100,
        "Gross Profit": 74,
        "Operating Income": 6,
        "EBIT": 13,
        "Net Income": 6
    },
    "2021-12-31": {
        "Diluted EPS": 0.3,
        "Total Revenue": 99,
        "Gross Profit": 73,
        "Operating Income": 7,
        "EBIT": 15,
        "Net Income": 6
    },
    "2021-09-30": {
        "Diluted EPS": 0.3,
        "Total Revenue": 102,
        "Gross Profit": 77,
        "Operating Income": 7,
        "EBIT": 15,
        "Net Income": 6
    },
    "2021-06-30": {
        "Diluted EPS": 0.57,
        "Total Revenue": 108,
        "Gross Profit": 83,
        "Operating Income": 14,
        "EBIT": 21,
        "Net Income": 12
    },
    "2021-03-31": {
        "Diluted EPS": 0.33,
        "Total Revenue": 88,
        "Gross Profit": 67,
        "Operating Income": 6,
        "EBIT": 13,
        "Net Income": 7
    },
    "2020-12-31": {
        "Diluted EPS": 0.17,
        "Total Revenue": 79,
        "Gross Profit": 59,
        "Operating Income": 2,
        "EBIT": 9,
        "Net Income": 2
    },
    "2020-09-30": {
        "Diluted EPS": 0.14,
        "Total Revenue": 82,
        "Gross Profit": 62,
        "Operating Income": 3,
        "EBIT": 11,
        "Net Income": 3
    },
    "2020-06-30": {
        "Diluted EPS": 0.26,
        "Total Revenue": 66,
        "Gross Profit": 50,
        "Operating Income": 4,
        "EBIT": 11,
        "Net Income": 5
    },
    "2020-03-31": {
        "Diluted EPS": -0.75,
        "Total Revenue": 95,
        "Gross Profit": 70,
        "Operating Income": -18,
        "EBIT": -10,
        "Net Income": -12
    },
    "2019-12-31": {
        "Diluted EPS": -0.08,
        "Total Revenue": 102,
        "Gross Profit": 75,
        "Operating Income": -3,
        "EBIT": 10,
        "Net Income": -1
    },
    "2019-09-30": {
        "Diluted EPS": -0.11,
        "Total Revenue": 109,
        "Gross Profit": 80,
        "Operating Income": -3,
        "EBIT": 2,
        "Net Income": -2
    },
    "2019-06-30": {
        "Diluted EPS": 0.37,
        "Total Revenue": 113,
        "Gross Profit": 84,
        "Operating Income": 6,
        "EBIT": 8,
        "Net Income": 6
    },
    "2019-03-31": {
        "Diluted EPS": 0.19,
        "Total Revenue": 102,
        "Gross Profit": 76,
        "Operating Income": 3,
        "EBIT": 12,
        "Net Income": 3
    },
    "2018-12-31": {
        "Diluted EPS": 0.19,
        "Total Revenue": 97,
        "Gross Profit": 71,
        "Operating Income": 1,
        "EBIT": 6,
        "Net Income": 3
    },
    "2018-09-30": {
        "Diluted EPS": -0.44,
        "Total Revenue": 101,
        "Gross Profit": 75,
        "Operating Income": -9,
        "EBIT": -5,
        "Net Income": -8
    },
    "2018-06-30": {
        "Diluted EPS": 0.38,
        "Total Revenue": 106,
        "Gross Profit": 79,
        "Operating Income": 7,
        "EBIT": 11,
        "Net Income": 6
    },
    "2018-03-31": {
        "Diluted EPS": 0.19,
        "Total Revenue": 94,
        "Gross Profit": 70,
        "Operating Income": 4,
        "EBIT": 8,
        "Net Income": 3
    },
    "2017-12-31": {
        "Diluted EPS": 0.93,
        "Total Revenue": 96,
        "Gross Profit": 71,
        "Operating Income": 6,
        "EBIT": 9,
        "Net Income": 16
    },
    "2017-09-30": {
        "Diluted EPS": 0.19,
        "Total Revenue": 92,
        "Gross Profit": 68,
        "Operating Income": 4,
        "EBIT": 8,
        "Net Income": 3
    },
    "2017-06-30": {
        "Diluted EPS": 0.31,
        "Total Revenue": 94,
        "Gross Profit": 70,
        "Operating Income": 7,
        "EBIT": 11,
        "Net Income": 5
    },
    "2017-03-31": {
        "Diluted EPS": 0.27,
        "Total Revenue": 87,
        "Gross Profit": 65,
        "Operating Income": 6,
        "EBIT": 10,
        "Net Income": 5
    },
    "2016-12-31": {
        "Diluted EPS": 0.14,
        "Total Revenue": 79,
        "Gross Profit": 58,
        "Operating Income": 3,
        "EBIT": 6,
        "Net Income": 2
    },
    "2016-09-30": {
        "Diluted EPS": 0.27,
        "Total Revenue": 86,
        "Gross Profit": 63,
        "Operating Income": 7,
        "EBIT": 10,
        "Net Income": 5
    },
    "2016-06-30": {
        "Diluted EPS": 0.34,
        "Total Revenue": 88,
        "Gross Profit": 66,
        "Operating Income": 8,
        "EBIT": 12,
        "Net Income": 6
    },
    "2016-03-31": {
        "Diluted EPS": 0.27,
        "Total Revenue": 78,
        "Gross Profit": 58,
        "Operating Income": 6,
        "EBIT": 9,
        "Net Income": 5
    },
    "2015-12-31": {
        "Diluted EPS": 0.02,
        "Total Revenue": 71,
        "Gross Profit": 52,
        "Operating Income": 0,
        "EBIT": 3,
        "Net Income": 0
    },
    "2015-09-30": {
        "Diluted EPS": 0.24,
        "Total Revenue": 74,
        "Gross Profit": 54,
        "Operating Income": 7,
        "EBIT": 9,
        "Net Income": 4
    },
    "2015-06-30": {
        "Diluted EPS": 0.32,
        "Total Revenue": 75,
        "Gross Profit": 56,
        "Operating Income": 8,
        "EBIT": 10,
        "Net Income": 5
    },
    "2015-03-31": {
        "Diluted EPS": 0.19,
        "Total Revenue": 67,
        "Gross Profit": 49,
        "Operating Income": 5,
        "EBIT": 7,
        "Net Income": 3
    },
    "2014-12-31": {
        "Diluted EPS": 0.13,
        "Total Revenue": 62,
        "Gross Profit": 44,
        "Operating Income": 3,
        "EBIT": 6,
        "Net Income": 2
    },
    "2014-09-30": {
        "Diluted EPS": 0.19,
        "Total Revenue": 64,
        "Gross Profit": 46,
        "Operating Income": 4,
        "EBIT": 7,
        "Net Income": 3
    },
    "2014-06-30": {
        "Diluted EPS": 0.21,
        "Total Revenue": 63,
        "Gross Profit": 45,
        "Operating Income": 5,
        "EBIT": 7,
        "Net Income": 3
    },
    "2014-03-31": {
        "Diluted EPS": 0.16,
        "Total Revenue": 56,
        "Gross Profit": 40,
        "Operating Income": 4,
        "EBIT": 6,
        "Net Income": 3
    },
    "2013-12-31": {
        "Diluted EPS": 0.14,
        "Total Revenue": 51,
        "Gross Profit": 37,
        "Operating Income": 3,
        "EBIT": 5,
        "Net Income": 2
    },
    "2013-09-30": {
        "Diluted EPS": 0.17,
        "Total Revenue": 53,
        "Gross Profit": 39,
        "Operating Income": 4,
        "EBIT": 6,
        "Net Income": 3
    },
    "2013-06-30": {
        "Diluted EPS": 0.19,
        "Total Revenue": 53,
        "Gross Profit": 39,
        "Operating Income": 5,
        "EBIT": 7,
        "Net Income": 3
    },
    "2013-03-31": {
        "Diluted EPS": 0.16,
        "Total Revenue": 47,
        "Gross Profit": 34,
        "Operating Income": 3,
        "EBIT": 5,
        "Net Income": 3
    },
    "2012-12-31": {
        "Diluted EPS": 0.16,
        "Total Revenue": 47,
        "Gross Profit": 34,
        "Operating Income": 4,
        "EBIT": 5,
        "Net Income": 3
    },
    "2012-09-30": {
        "Diluted EPS": 0.05,
        "Total Revenue": 45,
        "Gross Profit": 33,
        "Operating Income": 3,
        "EBIT": 5,
        "Net Income": 1
    },
    "2012-06-30": {
        "Diluted EPS": 0.15,
        "Total Revenue": 44,
        "Gross Profit": 32,
        "Operating Income": 4,
        "EBIT": 6,
        "Net Income": 0
    },
    "2012-03-31": {
        "Diluted EPS": 0.01,
        "Total Revenue": 37,
        "Gross Profit": 28,
        "Operating Income": 2,
        "EBIT": 3,
        "Net Income": 0
    },
    "2011-12-31": {
        "Diluted EPS": 0.0,
        "Total Revenue": NaN,
        "Gross Profit": NaN,
        "Operating Income": NaN,
        "EBIT": NaN,
        "Net Income": NaN
    },
    "2011-09-30": {
        "Diluted EPS": 0.08,
        "Total Revenue": 35,
        "Gross Profit": 25,
        "Operating Income": 3,
        "EBIT": 4,
        "Net Income": 0
    },
    "2011-06-30": {
        "Diluted EPS": 0.04,
        "Total Revenue": 33,
        "Gross Profit": 24,
        "Operating Income": 2,
        "EBIT": 2,
        "Net Income": 0
    },
    "2010-12-31": {
        "Diluted EPS": 0.0,
        "Total Revenue": NaN,
        "Gross Profit": NaN,
        "Operating Income": NaN,
        "EBIT": NaN,
        "Net Income": NaN
    },
    "2023-06-30": {
        "Tax Effect Of Unusual Items": -69408.0,
        "Tax Rate For Calcs": 0.144,
        "Normalized EBITDA": 20402000.0,
        "Total Unusual Items": -482000.0,
        "Total Unusual Items Excluding Goodwill": -482000.0,
        "Net Income From Continuing Operation Net Minority Interest": 10734000.0,
        "Reconciled Depreciation": 7748000.0,
        "Reconciled Cost Of Revenue": 62065000.0,
        "EBITDA": 19920000.0,
        "EBIT": 12172000.0,
        "Net Interest Income": 854000.0,
        "Interest Income": 854000.0,
        "Normalized Income": 11146592.0,
        "Net Income From Continuing And Discontinued Operation": 10734000.0,
        "Total Expenses": 106829000.0,
        "Rent Expense Supplemental": 8116000.0,
        "Total Operating Income As Reported": 11690000.0,
        "Diluted Average Shares": 18154921.0,
        "Basic Average Shares": 18080327.0,
        "Diluted EPS": 0.59,
        "Basic EPS": 0.59,
        "Diluted NI Availto Com Stockholders": 10734000.0,
        "Net Income Common Stockholders": 10734000.0,
        "Net Income": 10734000.0,
        "Net Income Including Noncontrolling Interests": 10734000.0,
        "Net Income Continuous Operations": 10734000.0,
        "Tax Provision": 1810000.0,
        "Pretax Income": 12544000.0,
        "Other Income Expense": -482000.0,
        "Special Income Charges": -482000.0,
        "Other Special Charges": NaN,
        "Impairment Of Capital Assets": 47000.0,
        "Restructuring And Mergern Acquisition": 435000.0,
        "Net Non Operating Interest Income Expense": 854000.0,
        "Total Other Finance Cost": -854000.0,
        "Interest Income Non Operating": 854000.0,
        "Operating Income": 12172000.0,
        "Operating Expense": 42238000.0,
        "Other Operating Expenses": 19509000.0,
        "Depreciation Amortization Depletion Income Statement": 5222000.0,
        "Depreciation And Amortization In Income Statement": 5222000.0,
        "Depreciation Income Statement": 5222000.0,
        "Selling General And Administration": 17507000.0,
        "Selling And Marketing Expense": 1693000.0,
        "General And Administrative Expense": 15814000.0,
        "Other Gand A": 7698000.0,
        "Rent And Landing Fees": 8116000.0,
        "Gross Profit": 54410000.0,
        "Cost Of Revenue": 64591000.0,
        "Total Revenue": 119001000.0,
        "Operating Revenue": 119001000.0
    },
    "2023-09-30": {
        "Tax Effect Of Unusual Items": -149499.0,
        "Tax Rate For Calcs": 0.147,
        "Normalized EBITDA": 17277000.0,
        "Total Unusual Items": -1017000.0,
        "Total Unusual Items Excluding Goodwill": -1017000.0,
        "Net Income From Continuing Operation Net Minority Interest": 7074000.0,
        "Reconciled Depreciation": 7895000.0,
        "Reconciled Cost Of Revenue": 60548000.0,
        "EBITDA": 16260000.0,
        "EBIT": 8365000.0,
        "Net Interest Income": 945000.0,
        "Interest Income": 945000.0,
        "Normalized Income": 7941501.0,
        "Net Income From Continuing And Discontinued Operation": 7074000.0,
        "Total Expenses": 105099000.0,
        "Rent Expense Supplemental": 7772000.0,
        "Total Operating Income As Reported": 7348000.0,
        "Diluted Average Shares": 17987525.0,
        "Basic Average Shares": 17877063.0,
        "Diluted EPS": 0.39,
        "Basic EPS": 0.4,
        "Diluted NI Availto Com Stockholders": 7074000.0,
        "Net Income Common Stockholders": 7074000.0,
        "Net Income": 7074000.0,
        "Net Income Including Noncontrolling Interests": 7074000.0,
        "Net Income Continuous Operations": 7074000.0,
        "Tax Provision": 1219000.0,
        "Pretax Income": 8293000.0,
        "Other Income Expense": -1017000.0,
        "Special Income Charges": -1017000.0,
        "Other Special Charges": 370000.0,
        "Impairment Of Capital Assets": 51000.0,
        "Restructuring And Mergern Acquisition": 596000.0,
        "Net Non Operating Interest Income Expense": 945000.0,
        "Total Other Finance Cost": -945000.0,
        "Interest Income Non Operating": 945000.0,
        "Operating Income": 8365000.0,
        "Operating Expense": 42034000.0,
        "Other Operating Expenses": 19390000.0,
        "Depreciation Amortization Depletion Income Statement": 5378000.0,
        "Depreciation And Amortization In Income Statement": 5378000.0,
        "Depreciation Income Statement": 5378000.0,
        "Selling General And Administration": 17266000.0,
        "Selling And Marketing Expense": 1609000.0,
        "General And Administrative Expense": 15657000.0,
        "Other Gand A": 7885000.0,
        "Rent And Landing Fees": 7772000.0,
        "Gross Profit": 50399000.0,
        "Cost Of Revenue": 63065000.0,
        "Total Revenue": 113464000.0,
        "Operating Revenue": 113464000.0
    }
}