{
    "2023-06-30": {
        "Tax Effect Of Unusual Items": NaN,
        "Tax Rate For Calcs": NaN,
        "Normalized EBITDA": NaN,
        "Total Unusual Items": NaN,
        "Total Unusual Items Excluding Goodwill": NaN,
        "Net Income From Continuing Operation Net Minority Interest": NaN,
        "Reconciled Depreciation": NaN,
        "Reconciled Cost Of Revenue": NaN,
        "EBITDA": NaN,
        "EBIT": NaN,
        "Net Interest Income": NaN,
        "Interest Expense": NaN,
        "Normalized Income": NaN,
        "Net Income From Continuing And Discontinued Operation": NaN,
        "Total Expenses": NaN,
        "Diluted Average Shares": NaN,
        "Basic Average Shares": NaN,
        "Diluted EPS": NaN,
        "Basic EPS": NaN,
        "Diluted NI Availto Com Stockholders": NaN,
        "Net Income Common Stockholders": NaN,
        "Net Income": NaN,
        "Minority Interests": NaN,
        "Net Income Including Noncontrolling Interests": NaN,
        "Net Income Continuous Operations": NaN,
        "Tax Provision": NaN,
        "Pretax Income": NaN,
        "Other Income Expense": NaN,
        "Other Non Operating Income Expenses": NaN,
        "Special Income Charges": NaN,
        "Gain On Sale Of Business": 0.0,
        "Gain On Sale Of Security": -4439000.0,
        "Net Non Operating Interest Income Expense": NaN,
        "Interest Expense Non Operating": NaN,
        "Operating Income": NaN,
        "Operating Expense": NaN,
        "Selling General And Administration": NaN,
        "Gross Profit": NaN,
        "Cost Of Revenue": NaN,
        "Total Revenue": NaN,
        "Operating Revenue": NaN
    },
    "2023-03-31": {
        "Tax Effect Of Unusual Items": NaN,
        "Tax Rate For Calcs": NaN,
        "Normalized EBITDA": NaN,
        "Total Unusual Items": NaN,
        "Total Unusual Items Excluding Goodwill": NaN,
        "Net Income From Continuing Operation Net Minority Interest": NaN,
        "Reconciled Depreciation": NaN,
        "Reconciled Cost Of Revenue": NaN,
        "EBITDA": NaN,
        "EBIT": NaN,
        "Net Interest Income": NaN,
        "Interest Expense": NaN,
        "Normalized Income": NaN,
        "Net Income From Continuing And Discontinued Operation": NaN,
        "Total Expenses": NaN,
        "Diluted Average Shares": NaN,
        "Basic Average Shares": NaN,
        "Diluted EPS": NaN,
        "Basic EPS": NaN,
        "Diluted NI Availto Com Stockholders": NaN,
        "Net Income Common Stockholders": NaN,
        "Net Income": NaN,
        "Minority Interests": NaN,
        "Net Income Including Noncontrolling Interests": NaN,
        "Net Income Continuous Operations": NaN,
        "Tax Provision": NaN,
        "Pretax Income": NaN,
        "Other Income Expense": NaN,
        "Other Non Operating Income Expenses": NaN,
        "Special Income Charges": NaN,
        "Gain On Sale Of Business": -12965000.0,
        "Gain On Sale Of Security": -9252000.0,
        "Net Non Operating Interest Income Expense": NaN,
        "Interest Expense Non Operating": NaN,
        "Operating Income": NaN,
        "Operating Expense": NaN,
        "Selling General And Administration": NaN,
        "Gross Profit": NaN,
        "Cost Of Revenue": NaN,
        "Total Revenue": NaN,
        "Operating Revenue": NaN
    },
    "2022-12-31": {
        "Tax Effect Of Unusual Items": 0.0,
        "Tax Rate For Calcs": 0.240705,
        "Normalized EBITDA": 163018000.0,
        "Total Unusual Items": NaN,
        "Total Unusual Items Excluding Goodwill": NaN,
        "Net Income From Continuing Operation Net Minority Interest": 67857000.0,
        "Reconciled Depreciation": 64119000.0,
        "Reconciled Cost Of Revenue": 703232000.0,
        "EBITDA": 163018000.0,
        "EBIT": 98899000.0,
        "Net Interest Income": -11622000.0,
        "Interest Expense": 11622000.0,
        "Normalized Income": 67857000.0,
        "Net Income From Continuing And Discontinued Operation": 67857000.0,
        "Total Expenses": 850067000.0,
        "Diluted Average Shares": 204389000.0,
        "Basic Average Shares": 199232000.0,
        "Diluted EPS": 0.33,
        "Basic EPS": 0.34,
        "Diluted NI Availto Com Stockholders": 67857000.0,
        "Net Income Common Stockholders": 67857000.0,
        "Net Income": 67857000.0,
        "Minority Interests": 1588000.0,
        "Net Income Including Noncontrolling Interests": 66269000.0,
        "Net Income Continuous Operations": 66269000.0,
        "Tax Provision": 21008000.0,
        "Pretax Income": 87277000.0,
        "Other Income Expense": -36889000.0,
        "Other Non Operating Income Expenses": 21221000.0,
        "Special Income Charges": NaN,
        "Gain On Sale Of Business": NaN,
        "Net Non Operating Interest Income Expense": -11622000.0,
        "Interest Expense Non Operating": 11622000.0,
        "Operating Income": 135788000.0,
        "Operating Expense": 146835000.0,
        "Selling General And Administration": 146835000.0,
        "Gross Profit": 282623000.0,
        "Cost Of Revenue": 703232000.0,
        "Total Revenue": 985855000.0,
        "Operating Revenue": 963009000.0
    },
    "2022-09-30": {
        "Tax Effect Of Unusual Items": NaN,
        "Tax Rate For Calcs": NaN,
        "Normalized EBITDA": NaN,
        "Total Unusual Items": NaN,
        "Total Unusual Items Excluding Goodwill": NaN,
        "Net Income From Continuing Operation Net Minority Interest": NaN,
        "Reconciled Depreciation": NaN,
        "Reconciled Cost Of Revenue": NaN,
        "EBITDA": NaN,
        "EBIT": NaN,
        "Net Interest Income": NaN,
        "Interest Expense": NaN,
        "Normalized Income": NaN,
        "Net Income From Continuing And Discontinued Operation": NaN,
        "Total Expenses": NaN,
        "Diluted Average Shares": NaN,
        "Basic Average Shares": NaN,
        "Diluted EPS": NaN,
        "Basic EPS": NaN,
        "Diluted NI Availto Com Stockholders": NaN,
        "Net Income Common Stockholders": NaN,
        "Net Income": NaN,
        "Minority Interests": NaN,
        "Net Income Including Noncontrolling Interests": NaN,
        "Net Income Continuous Operations": NaN,
        "Tax Provision": NaN,
        "Pretax Income": NaN,
        "Other Income Expense": NaN,
        "Other Non Operating Income Expenses": NaN,
        "Special Income Charges": NaN,
        "Gain On Sale Of Business": 6409000.0,
        "Gain On Sale Of Security": NaN,
        "Net Non Operating Interest Income Expense": NaN,
        "Interest Expense Non Operating": NaN,
        "Operating Income": NaN,
        "Operating Expense": NaN,
        "Selling General And Administration": NaN,
        "Gross Profit": NaN,
        "Cost Of Revenue": NaN,
        "Total Revenue": NaN,
        "Operating Revenue": NaN
    },
    "2022-06-30": {
        "Tax Effect Of Unusual Items": 0.0,
        "Tax Rate For Calcs": 0.4,
        "Normalized EBITDA": 97786000.0,
        "Total Unusual Items": NaN,
        "Total Unusual Items Excluding Goodwill": NaN,
        "Net Income From Continuing Operation Net Minority Interest": 27342000.0,
        "Reconciled Depreciation": 59530000.0,
        "Reconciled Cost Of Revenue": 720684000.0,
        "EBITDA": 97786000.0,
        "EBIT": 38256000.0,
        "Net Interest Income": -10765000.0,
        "Interest Expense": 10765000.0,
        "Normalized Income": 27342000.0,
        "Net Income From Continuing And Discontinued Operation": 27342000.0,
        "Total Expenses": 862035000.0,
        "Diluted Average Shares": 208714000.0,
        "Basic Average Shares": 203322000.0,
        "Diluted EPS": 0.13,
        "Basic EPS": 0.13,
        "Diluted NI Availto Com Stockholders": 27342000.0,
        "Net Income Common Stockholders": 27342000.0,
        "Net Income": 27342000.0,
        "Minority Interests": -1554000.0,
        "Net Income Including Noncontrolling Interests": 28896000.0,
        "Net Income Continuous Operations": 28896000.0,
        "Tax Provision": -1405000.0,
        "Pretax Income": 27491000.0,
        "Other Income Expense": -32281000.0,
        "Other Non Operating Income Expenses": -32281000.0,
        "Special Income Charges": NaN,
        "Gain On Sale Of Business": NaN,
        "Impairment Of Capital Assets": NaN,
        "Net Non Operating Interest Income Expense": -10765000.0,
        "Interest Expense Non Operating": 10765000.0,
        "Operating Income": 70537000.0,
        "Operating Expense": 141351000.0,
        "Selling General And Administration": 141351000.0,
        "Gross Profit": 211888000.0,
        "Cost Of Revenue": 720684000.0,
        "Total Revenue": 932572000.0,
        "Operating Revenue": 932572000.0
    },
    "2022-03-31": {
        "Diluted EPS": 0.18,
        "Total Revenue": 866,
        "Gross Profit": 208,
        "Operating Income": 57,
        "EBIT": 116,
        "Net Income": 37
    },
    "2021-12-31": {
        "Diluted EPS": 0.21,
        "Total Revenue": 822,
        "Gross Profit": 205,
        "Operating Income": 104,
        "EBIT": 163,
        "Net Income": 43
    },
    "2021-09-30": {
        "Diluted EPS": 0.27,
        "Total Revenue": 819,
        "Gross Profit": 196,
        "Operating Income": 61,
        "EBIT": 120,
        "Net Income": 57
    },
    "2021-06-30": {
        "Diluted EPS": 0.03,
        "Total Revenue": 749,
        "Gross Profit": 180,
        "Operating Income": 28,
        "EBIT": 88,
        "Net Income": 7
    },
    "2021-03-31": {
        "Diluted EPS": 0.03,
        "Total Revenue": 685,
        "Gross Profit": 162,
        "Operating Income": 19,
        "EBIT": 81,
        "Net Income": 6
    },
    "2020-12-31": {
        "Diluted EPS": 4.16,
        "Total Revenue": 706,
        "Gross Profit": 166,
        "Operating Income": 33,
        "EBIT": 100,
        "Net Income": 7
    },
    "2020-09-30": {
        "Diluted EPS": -0.04,
        "Total Revenue": 634,
        "Gross Profit": 128,
        "Operating Income": 6,
        "EBIT": 72,
        "Net Income": -8
    },
    "2020-06-30": {
        "Diluted EPS": -0.95,
        "Total Revenue": 299,
        "Gross Profit": 32,
        "Operating Income": -98,
        "EBIT": 615,
        "Net Income": -110
    },
    "2020-03-31": {
        "Diluted EPS": -8.18,
        "Total Revenue": 261,
        "Gross Profit": 82,
        "Operating Income": -653,
        "EBIT": -623,
        "Net Income": -634
    },
    "2019-12-31": {
        "Diluted EPS": -0.03,
        "Total Revenue": 248,
        "Gross Profit": 73,
        "Operating Income": -2,
        "EBIT": 29,
        "Net Income": -2
    },
    "2019-09-30": {
        "Diluted EPS": 0.15,
        "Total Revenue": 277,
        "Gross Profit": 93,
        "Operating Income": 24,
        "EBIT": 55,
        "Net Income": 11
    },
    "2019-06-30": {
        "Diluted EPS": 0.3,
        "Total Revenue": 306,
        "Gross Profit": 109,
        "Operating Income": 42,
        "EBIT": 73,
        "Net Income": 23
    },
    "2019-03-31": {
        "Diluted EPS": 0.25,
        "Total Revenue": 300,
        "Gross Profit": 103,
        "Operating Income": 37,
        "EBIT": 69,
        "Net Income": 20
    },
    "2018-12-31": {
        "Diluted EPS": 0.27,
        "Total Revenue": 313,
        "Gross Profit": 106,
        "Operating Income": 36,
        "EBIT": 71,
        "Net Income": 21
    },
    "2018-09-30": {
        "Diluted EPS": 0.33,
        "Total Revenue": 316,
        "Gross Profit": 114,
        "Operating Income": 45,
        "EBIT": 75,
        "Net Income": 25
    },
    "2018-06-30": {
        "Diluted EPS": 0.28,
        "Total Revenue": 306,
        "Gross Profit": 104,
        "Operating Income": 38,
        "EBIT": 70,
        "Net Income": 22
    },
    "2018-03-31": {
        "Diluted EPS": 0.31,
        "Total Revenue": 283,
        "Gross Profit": 94,
        "Operating Income": 34,
        "EBIT": 64,
        "Net Income": 24
    },
    "2017-12-31": {
        "Diluted EPS": 0.93,
        "Total Revenue": 265,
        "Gross Profit": 75,
        "Operating Income": 16,
        "EBIT": 47,
        "Net Income": 59
    },
    "2017-09-30": {
        "Diluted EPS": 0.24,
        "Total Revenue": 259,
        "Gross Profit": 85,
        "Operating Income": 30,
        "EBIT": 59,
        "Net Income": 18
    },
    "2017-06-30": {
        "Diluted EPS": 0.24,
        "Total Revenue": 256,
        "Gross Profit": 85,
        "Operating Income": 30,
        "EBIT": 57,
        "Net Income": 19
    },
    "2017-03-31": {
        "Diluted EPS": 0.0,
        "Total Revenue": 230,
        "Gross Profit": 75,
        "Operating Income": 23,
        "EBIT": 49,
        "Net Income": 13
    },
    "2016-12-31": {
        "Diluted EPS": 0.0,
        "Total Revenue": NaN,
        "Gross Profit": NaN,
        "Operating Income": NaN,
        "EBIT": NaN,
        "Net Income": NaN
    },
    "2015-12-31": {
        "Diluted EPS": 0.0,
        "Total Revenue": NaN,
        "Gross Profit": NaN,
        "Operating Income": NaN,
        "EBIT": NaN,
        "Net Income": NaN
    },
    "2023-09-30": {
        "Tax Effect Of Unusual Items": -2677320.0,
        "Tax Rate For Calcs": 0.335,
        "Normalized EBITDA": 193376000.0,
        "Total Unusual Items": -7992000.0,
        "Total Unusual Items Excluding Goodwill": -7992000.0,
        "Net Income From Continuing Operation Net Minority Interest": 77711000.0,
        "Reconciled Depreciation": 61839000.0,
        "Reconciled Cost Of Revenue": 647923000.0,
        "EBITDA": 185384000.0,
        "EBIT": 123545000.0,
        "Net Interest Income": -13744000.0,
        "Interest Expense": 13744000.0,
        "Normalized Income": 83025680.0,
        "Net Income From Continuing And Discontinued Operation": 77711000.0,
        "Total Expenses": 810240000.0,
        "Diluted Average Shares": 199592000.0,
        "Basic Average Shares": 195881000.0,
        "Diluted EPS": 0.39,
        "Basic EPS": 0.4,
        "Diluted NI Availto Com Stockholders": 77711000.0,
        "Net Income Common Stockholders": 77711000.0,
        "Net Income": 77711000.0,
        "Minority Interests": -3081000.0,
        "Net Income Including Noncontrolling Interests": 80792000.0,
        "Net Income Continuous Operations": 80792000.0,
        "Tax Provision": 29009000.0,
        "Pretax Income": 109801000.0,
        "Other Income Expense": -5998000.0,
        "Other Non Operating Income Expenses": 1994000.0,
        "Special Income Charges": 0.0,
        "Gain On Sale Of Business": 0.0,
        "Gain On Sale Of Security": -7992000.0,
        "Net Non Operating Interest Income Expense": -13744000.0,
        "Interest Expense Non Operating": 13744000.0,
        "Operating Income": 129543000.0,
        "Operating Expense": 162317000.0,
        "Selling General And Administration": 162317000.0,
        "Gross Profit": 291860000.0,
        "Cost Of Revenue": 647923000.0,
        "Total Revenue": 939783000.0,
        "Operating Revenue": 914508000.0
    },
    "2023-12-31": {
        "Tax Effect Of Unusual Items": -11408113.141633,
        "Tax Rate For Calcs": 0.313979,
        "Normalized EBITDA": 222780000.0,
        "Total Unusual Items": -36334000.0,
        "Total Unusual Items Excluding Goodwill": -36334000.0,
        "Net Income From Continuing Operation Net Minority Interest": 77198000.0,
        "Reconciled Depreciation": 58710000.0,
        "Reconciled Cost Of Revenue": 661337000.0,
        "EBITDA": 186446000.0,
        "EBIT": 127736000.0,
        "Net Interest Income": -13808000.0,
        "Interest Expense": 13808000.0,
        "Normalized Income": 102123886.858367,
        "Net Income From Continuing And Discontinued Operation": 77198000.0,
        "Total Expenses": 808752000.0,
        "Diluted Average Shares": 196649000.0,
        "Basic Average Shares": 193191000.0,
        "Diluted EPS": 0.39,
        "Basic EPS": 0.4,
        "Diluted NI Availto Com Stockholders": 77198000.0,
        "Net Income Common Stockholders": 77198000.0,
        "Net Income": 77198000.0,
        "Minority Interests": -959000.0,
        "Net Income Including Noncontrolling Interests": 78157000.0,
        "Net Income Continuous Operations": 78157000.0,
        "Tax Provision": 35771000.0,
        "Pretax Income": 113928000.0,
        "Other Income Expense": -7067000.0,
        "Other Non Operating Income Expenses": 29267000.0,
        "Special Income Charges": 0.0,
        "Gain On Sale Of Business": NaN,
        "Gain On Sale Of Security": NaN,
        "Net Non Operating Interest Income Expense": -13808000.0,
        "Interest Expense Non Operating": 13808000.0,
        "Operating Income": 134803000.0,
        "Operating Expense": 147415000.0,
        "Selling General And Administration": 147415000.0,
        "Gross Profit": 282218000.0,
        "Cost Of Revenue": 661337000.0,
        "Total Revenue": 943555000.0,
        "Operating Revenue": 918964000.0
    },
    "2024-03-31": {
        "Tax Effect Of Unusual Items": 5667320.0,
        "Tax Rate For Calcs": 0.19,
        "Normalized EBITDA": 183443000.0,
        "Total Unusual Items": 29828000.0,
        "Total Unusual Items Excluding Goodwill": 29828000.0,
        "Net Income From Continuing Operation Net Minority Interest": 112923000.0,
        "Reconciled Depreciation": 59580000.0,
        "Reconciled Cost Of Revenue": 622937000.0,
        "EBITDA": 213271000.0,
        "EBIT": 153691000.0,
        "Net Interest Income": -13935000.0,
        "Interest Expense": 13935000.0,
        "Normalized Income": 88762320.0,
        "Net Income From Continuing And Discontinued Operation": 112923000.0,
        "Total Expenses": 795351000.0,
        "Diluted Average Shares": 193964000.0,
        "Basic Average Shares": 190803000.0,
        "Diluted EPS": 0.58,
        "Basic EPS": 0.59,
        "Diluted NI Availto Com Stockholders": 112923000.0,
        "Net Income Common Stockholders": 112923000.0,
        "Net Income": 112923000.0,
        "Minority Interests": -237000.0,
        "Net Income Including Noncontrolling Interests": 113160000.0,
        "Net Income Continuous Operations": 113160000.0,
        "Tax Provision": 26596000.0,
        "Pretax Income": 139756000.0,
        "Other Income Expense": 26901000.0,
        "Other Non Operating Income Expenses": -2927000.0,
        "Special Income Charges": 29883000.0,
        "Gain On Sale Of Business": 29883000.0,
        "Gain On Sale Of Security": -55000.0,
        "Net Non Operating Interest Income Expense": -13935000.0,
        "Interest Expense Non Operating": 13935000.0,
        "Operating Income": 126790000.0,
        "Operating Expense": 172414000.0,
        "Selling General And Administration": 172414000.0,
        "Gross Profit": 299204000.0,
        "Cost Of Revenue": 622937000.0,
        "Total Revenue": 922141000.0,
        "Operating Revenue": 895006000.0
    },
    "2024-06-30": {
        "Tax Effect Of Unusual Items": 926945.0,
        "Tax Rate For Calcs": 0.335,
        "Normalized EBITDA": 156116000.0,
        "Total Unusual Items": 2767000.0,
        "Total Unusual Items Excluding Goodwill": 2767000.0,
        "Net Income From Continuing Operation Net Minority Interest": 52569000.0,
        "Reconciled Depreciation": 60203000.0,
        "Reconciled Cost Of Revenue": 613426000.0,
        "EBITDA": 158883000.0,
        "EBIT": 98680000.0,
        "Net Interest Income": -15421000.0,
        "Interest Expense": 15421000.0,
        "Normalized Income": 50728945.0,
        "Net Income From Continuing And Discontinued Operation": 52569000.0,
        "Total Expenses": 796421000.0,
        "Diluted Average Shares": 193257000.0,
        "Basic Average Shares": 190426000.0,
        "Diluted EPS": 0.27,
        "Basic EPS": 0.28,
        "Diluted NI Availto Com Stockholders": 52569000.0,
        "Net Income Common Stockholders": 52569000.0,
        "Net Income": 52569000.0,
        "Minority Interests": -2822000.0,
        "Net Income Including Noncontrolling Interests": 55391000.0,
        "Net Income Continuous Operations": 55391000.0,
        "Tax Provision": 27868000.0,
        "Pretax Income": 83259000.0,
        "Other Income Expense": 1829000.0,
        "Other Non Operating Income Expenses": -938000.0,
        "Special Income Charges": 0.0,
        "Gain On Sale Of Business": 0.0,
        "Gain On Sale Of Security": 2767000.0,
        "Net Non Operating Interest Income Expense": -15421000.0,
        "Interest Expense Non Operating": 15421000.0,
        "Operating Income": 96851000.0,
        "Operating Expense": 182995000.0,
        "Selling General And Administration": 182995000.0,
        "Gross Profit": 279846000.0,
        "Cost Of Revenue": 613426000.0,
        "Total Revenue": 893272000.0,
        "Operating Revenue": 867093000.0
    },
    "2024-09-30": {
        "Tax Effect Of Unusual Items": -983112.0,
        "Tax Rate For Calcs": 0.276,
        "Normalized EBITDA": 182952000.0,
        "Total Unusual Items": -3562000.0,
        "Total Unusual Items Excluding Goodwill": -3562000.0,
        "Net Income From Continuing Operation Net Minority Interest": 72008000.0,
        "Reconciled Depreciation": 63508000.0,
        "Reconciled Cost Of Revenue": 608764000.0,
        "EBITDA": 179390000.0,
        "EBIT": 115882000.0,
        "Net Interest Income": -14137000.0,
        "Interest Expense": 14137000.0,
        "Normalized Income": 74586888.0,
        "Net Income From Continuing And Discontinued Operation": 72008000.0,
        "Total Expenses": 789265000.0,
        "Diluted Average Shares": 193362000.0,
        "Basic Average Shares": 190496000.0,
        "Diluted EPS": 0.37,
        "Basic EPS": 0.38,
        "Diluted NI Availto Com Stockholders": 72008000.0,
        "Net Income Common Stockholders": 72008000.0,
        "Net Income": 72008000.0,
        "Minority Interests": -1659000.0,
        "Net Income Including Noncontrolling Interests": 73667000.0,
        "Net Income Continuous Operations": 73667000.0,
        "Tax Provision": 28078000.0,
        "Pretax Income": 101745000.0,
        "Other Income Expense": -1386000.0,
        "Other Non Operating Income Expenses": 2176000.0,
        "Special Income Charges": -57000.0,
        "Gain On Sale Of Business": -57000.0,
        "Gain On Sale Of Security": -3505000.0,
        "Net Non Operating Interest Income Expense": -14137000.0,
        "Interest Expense Non Operating": 14137000.0,
        "Operating Income": 117268000.0,
        "Operating Expense": 180501000.0,
        "Selling General And Administration": 180501000.0,
        "Gross Profit": 297769000.0,
        "Cost Of Revenue": 608764000.0,
        "Total Revenue": 906533000.0,
        "Operating Revenue": 876839000.0
    }
}