{
    "2023-03-31": {
        "Tax Effect Of Unusual Items": NaN,
        "Tax Rate For Calcs": NaN,
        "Total Unusual Items": 0.0,
        "Total Unusual Items Excluding Goodwill": 0.0,
        "Net Income From Continuing Operation Net Minority Interest": NaN,
        "Reconciled Depreciation": NaN,
        "EBIT": NaN,
        "Net Interest Income": NaN,
        "Interest Expense": NaN,
        "Normalized Income": NaN,
        "Net Income From Continuing And Discontinued Operation": NaN,
        "Total Expenses": NaN,
        "Diluted Average Shares": NaN,
        "Basic Average Shares": NaN,
        "Diluted EPS": NaN,
        "Basic EPS": NaN,
        "Diluted NI Availto Com Stockholders": NaN,
        "Net Income Common Stockholders": NaN,
        "Net Income": NaN,
        "Minority Interests": NaN,
        "Net Income Including Noncontrolling Interests": NaN,
        "Net Income Continuous Operations": NaN,
        "Tax Provision": NaN,
        "Pretax Income": NaN,
        "Other Income Expense": NaN,
        "Special Income Charges": 0.0,
        "Other Special Charges": NaN,
        "Net Non Operating Interest Income Expense": NaN,
        "Interest Expense Non Operating": NaN,
        "Other Operating Expenses": NaN,
        "Depreciation And Amortization In Income Statement": NaN,
        "Amortization": NaN,
        "Selling General And Administration": NaN,
        "Total Revenue": NaN,
        "Operating Revenue": NaN,
        "Loss Adjustment Expense": NaN,
        "Net Policyholder Benefits And Claims": NaN
    },
    "2022-12-31": {
        "Tax Effect Of Unusual Items": NaN,
        "Tax Rate For Calcs": NaN,
        "Total Unusual Items": NaN,
        "Total Unusual Items Excluding Goodwill": NaN,
        "Net Income From Continuing Operation Net Minority Interest": NaN,
        "Reconciled Depreciation": NaN,
        "EBIT": NaN,
        "Net Interest Income": NaN,
        "Interest Expense": NaN,
        "Normalized Income": NaN,
        "Net Income From Continuing And Discontinued Operation": NaN,
        "Total Expenses": NaN,
        "Diluted Average Shares": NaN,
        "Basic Average Shares": NaN,
        "Diluted EPS": NaN,
        "Basic EPS": NaN,
        "Diluted NI Availto Com Stockholders": NaN,
        "Net Income Common Stockholders": NaN,
        "Net Income": NaN,
        "Minority Interests": NaN,
        "Net Income Including Noncontrolling Interests": NaN,
        "Net Income Continuous Operations": NaN,
        "Tax Provision": NaN,
        "Pretax Income": NaN,
        "Other Income Expense": NaN,
        "Special Income Charges": NaN,
        "Other Special Charges": 73000000.0,
        "Net Non Operating Interest Income Expense": NaN,
        "Interest Expense Non Operating": NaN,
        "Other Operating Expenses": NaN,
        "Depreciation And Amortization In Income Statement": NaN,
        "Amortization": NaN,
        "Selling General And Administration": NaN,
        "Total Revenue": NaN,
        "Operating Revenue": NaN,
        "Loss Adjustment Expense": NaN,
        "Net Policyholder Benefits And Claims": NaN
    },
    "2022-09-30": {
        "Tax Effect Of Unusual Items": NaN,
        "Tax Rate For Calcs": NaN,
        "Total Unusual Items": NaN,
        "Total Unusual Items Excluding Goodwill": NaN,
        "Net Income From Continuing Operation Net Minority Interest": NaN,
        "Reconciled Depreciation": NaN,
        "EBIT": NaN,
        "Net Interest Income": NaN,
        "Interest Expense": NaN,
        "Normalized Income": NaN,
        "Net Income From Continuing And Discontinued Operation": NaN,
        "Total Expenses": NaN,
        "Diluted Average Shares": NaN,
        "Basic Average Shares": NaN,
        "Diluted EPS": NaN,
        "Basic EPS": NaN,
        "Diluted NI Availto Com Stockholders": NaN,
        "Net Income Common Stockholders": NaN,
        "Net Income": NaN,
        "Minority Interests": NaN,
        "Net Income Including Noncontrolling Interests": NaN,
        "Net Income Continuous Operations": NaN,
        "Tax Provision": NaN,
        "Pretax Income": NaN,
        "Other Income Expense": NaN,
        "Special Income Charges": NaN,
        "Other Special Charges": -1735000000.0,
        "Net Non Operating Interest Income Expense": NaN,
        "Interest Expense Non Operating": NaN,
        "Other Operating Expenses": NaN,
        "Depreciation And Amortization In Income Statement": NaN,
        "Amortization": NaN,
        "Selling General And Administration": NaN,
        "Total Revenue": NaN,
        "Operating Revenue": NaN
    },
    "2022-06-30": {
        "Tax Effect Of Unusual Items": 0.0,
        "Tax Rate For Calcs": 0.208,
        "Total Unusual Items": 0.0,
        "Total Unusual Items Excluding Goodwill": 0.0,
        "Net Income From Continuing Operation Net Minority Interest": 1559000000.0,
        "Reconciled Depreciation": 759000000.0,
        "EBIT": 2286000000.0,
        "Net Interest Income": -301000000.0,
        "Interest Expense": 301000000.0,
        "Normalized Income": 1559000000.0,
        "Net Income From Continuing And Discontinued Operation": 1559000000.0,
        "Total Expenses": 43400000000.0,
        "Diluted Average Shares": 315122000.0,
        "Basic Average Shares": 315122000.0,
        "Diluted EPS": 4.89,
        "Basic EPS": 4.94,
        "Diluted NI Availto Com Stockholders": 1559000000.0,
        "Net Income Common Stockholders": 1559000000.0,
        "Net Income": 1559000000.0,
        "Minority Interests": -13000000.0,
        "Net Income Including Noncontrolling Interests": 1572000000.0,
        "Net Income Continuous Operations": 1572000000.0,
        "Tax Provision": 413000000.0,
        "Pretax Income": 1985000000.0,
        "Other Income Expense": 31972000000.0,
        "Special Income Charges": 0.0,
        "Other Special Charges": NaN,
        "Net Non Operating Interest Income Expense": -301000000.0,
        "Interest Expense Non Operating": 301000000.0,
        "Other Operating Expenses": 31150000000.0,
        "Depreciation And Amortization In Income Statement": 501000000.0,
        "Amortization": 501000000.0,
        "Selling General And Administration": 3256000000.0,
        "Total Revenue": 45385000000.0,
        "Operating Revenue": 45385000000.0
    },
    "2023-06-30": {
        "Tax Effect Of Unusual Items": 0.0,
        "Tax Rate For Calcs": 0.199,
        "Total Unusual Items": NaN,
        "Total Unusual Items Excluding Goodwill": NaN,
        "Net Income From Continuing Operation Net Minority Interest": 1460000000.0,
        "Reconciled Depreciation": 755000000.0,
        "EBIT": 2247000000.0,
        "Net Interest Income": -363000000.0,
        "Interest Expense": 363000000.0,
        "Normalized Income": 1460000000.0,
        "Net Income From Continuing And Discontinued Operation": 1460000000.0,
        "Total Expenses": 46728000000.0,
        "Diluted Average Shares": 296879000.0,
        "Basic Average Shares": 294512000.0,
        "Diluted EPS": 4.92,
        "Basic EPS": 4.96,
        "Diluted NI Availto Com Stockholders": 1460000000.0,
        "Net Income Common Stockholders": 1460000000.0,
        "Net Income": 1460000000.0,
        "Minority Interests": -50000000.0,
        "Net Income Including Noncontrolling Interests": 1510000000.0,
        "Net Income Continuous Operations": 1510000000.0,
        "Tax Provision": 374000000.0,
        "Pretax Income": 1884000000.0,
        "Other Income Expense": 33964000000.0,
        "Special Income Charges": NaN,
        "Other Special Charges": NaN,
        "Net Non Operating Interest Income Expense": -363000000.0,
        "Interest Expense Non Operating": 363000000.0,
        "Other Operating Expenses": 33442000000.0,
        "Depreciation And Amortization In Income Statement": 455000000.0,
        "Amortization": 455000000.0,
        "Selling General And Administration": 3434000000.0,
        "Total Revenue": 48612000000.0,
        "Operating Revenue": 48612000000.0,
        "Loss Adjustment Expense": 9034000000.0,
        "Net Policyholder Benefits And Claims": 9034000000.0
    },
    "2023-09-30": {
        "Tax Effect Of Unusual Items": -4462500.0,
        "Tax Rate For Calcs": 0.2125,
        "Total Unusual Items": -21000000.0,
        "Total Unusual Items Excluding Goodwill": -21000000.0,
        "Net Income From Continuing Operation Net Minority Interest": 1408000000.0,
        "Reconciled Depreciation": 766000000.0,
        "EBIT": 2205000000.0,
        "Net Interest Income": -365000000.0,
        "Interest Expense": 365000000.0,
        "Normalized Income": 1424537500.0,
        "Net Income From Continuing And Discontinued Operation": 1408000000.0,
        "Total Expenses": 47194000000.0,
        "Diluted Average Shares": 297131000.0,
        "Basic Average Shares": 294058000.0,
        "Diluted EPS": 4.74,
        "Basic EPS": 4.79,
        "Diluted NI Availto Com Stockholders": 1408000000.0,
        "Net Income Common Stockholders": 1408000000.0,
        "Net Income": 1408000000.0,
        "Minority Interests": -41000000.0,
        "Net Income Including Noncontrolling Interests": 1449000000.0,
        "Net Income Continuous Operations": 1449000000.0,
        "Tax Provision": 391000000.0,
        "Pretax Income": 1840000000.0,
        "Other Income Expense": 34531000000.0,
        "Special Income Charges": -21000000.0,
        "Other Special Charges": 21000000.0,
        "Net Non Operating Interest Income Expense": -365000000.0,
        "Interest Expense Non Operating": 365000000.0,
        "Other Operating Expenses": 33639000000.0,
        "Depreciation And Amortization In Income Statement": 454000000.0,
        "Amortization": 454000000.0,
        "Selling General And Administration": 3788000000.0,
        "Total Revenue": 49034000000.0,
        "Operating Revenue": 49034000000.0,
        "Loss Adjustment Expense": 8927000000.0,
        "Net Policyholder Benefits And Claims": 8927000000.0
    },
    "2023-12-31": {
        "Tax Effect Of Unusual Items": -310380000.0,
        "Tax Rate For Calcs": 0.21,
        "Total Unusual Items": -1478000000.0,
        "Total Unusual Items Excluding Goodwill": -1478000000.0,
        "Net Income From Continuing Operation Net Minority Interest": 1029000000.0,
        "Reconciled Depreciation": 765000000.0,
        "EBIT": 548000000.0,
        "Net Interest Income": -360000000.0,
        "Interest Expense": 360000000.0,
        "Normalized Income": 2196620000.0,
        "Net Income From Continuing And Discontinued Operation": 1029000000.0,
        "Total Expenses": 50892000000.0,
        "Diluted Average Shares": 294565000.0,
        "Basic Average Shares": 294565000.0,
        "Diluted EPS": 3.49,
        "Basic EPS": 3.49,
        "Diluted NI Availto Com Stockholders": 1029000000.0,
        "Net Income Common Stockholders": 1029000000.0,
        "Net Income": 1029000000.0,
        "Minority Interests": -78000000.0,
        "Net Income Including Noncontrolling Interests": 1107000000.0,
        "Net Income Continuous Operations": 1107000000.0,
        "Tax Provision": -919000000.0,
        "Pretax Income": 188000000.0,
        "Other Income Expense": 36604000000.0,
        "Special Income Charges": -1478000000.0,
        "Other Special Charges": 1478000000.0,
        "Net Non Operating Interest Income Expense": -360000000.0,
        "Interest Expense Non Operating": 360000000.0,
        "Other Operating Expenses": 35261000000.0,
        "Depreciation And Amortization In Income Statement": 451000000.0,
        "Amortization": 451000000.0,
        "Selling General And Administration": 4062000000.0,
        "Total Revenue": 51080000000.0,
        "Operating Revenue": 51080000000.0,
        "Loss Adjustment Expense": 9280000000.0,
        "Net Policyholder Benefits And Claims": 9280000000.0
    },
    "2024-03-31": {
        "Tax Effect Of Unusual Items": -3990000.0,
        "Tax Rate For Calcs": 0.21,
        "Total Unusual Items": -19000000.0,
        "Total Unusual Items Excluding Goodwill": -19000000.0,
        "Net Income From Continuing Operation Net Minority Interest": -277000000.0,
        "Reconciled Depreciation": 741000000.0,
        "EBIT": 401000000.0,
        "Net Interest Income": -322000000.0,
        "Interest Expense": 322000000.0,
        "Normalized Income": -261990000.0,
        "Net Income From Continuing And Discontinued Operation": -277000000.0,
        "Total Expenses": 55340000000.0,
        "Diluted Average Shares": 286465000.0,
        "Basic Average Shares": 286465000.0,
        "Diluted EPS": -0.97,
        "Basic EPS": -0.97,
        "Diluted NI Availto Com Stockholders": -277000000.0,
        "Net Income Common Stockholders": -277000000.0,
        "Net Income": -277000000.0,
        "Minority Interests": -65000000.0,
        "Net Income Including Noncontrolling Interests": -212000000.0,
        "Net Income Continuous Operations": -212000000.0,
        "Tax Provision": 291000000.0,
        "Pretax Income": 79000000.0,
        "Other Income Expense": 42036000000.0,
        "Special Income Charges": -19000000.0,
        "Other Special Charges": 19000000.0,
        "Net Non Operating Interest Income Expense": -322000000.0,
        "Interest Expense Non Operating": 322000000.0,
        "Other Operating Expenses": 41431000000.0,
        "Depreciation And Amortization In Income Statement": 423000000.0,
        "Amortization": 423000000.0,
        "Selling General And Administration": 3705000000.0,
        "Total Revenue": 55419000000.0,
        "Operating Revenue": 55419000000.0,
        "Loss Adjustment Expense": 9440000000.0,
        "Net Policyholder Benefits And Claims": 9440000000.0
    },
    "2024-06-30": {
        "Tax Effect Of Unusual Items": 0.0,
        "Tax Rate For Calcs": 0.181,
        "Total Unusual Items": 0.0,
        "Total Unusual Items Excluding Goodwill": 0.0,
        "Net Income From Continuing Operation Net Minority Interest": 1548000000.0,
        "Reconciled Depreciation": 738000000.0,
        "EBIT": 2364000000.0,
        "Net Interest Income": -375000000.0,
        "Interest Expense": 375000000.0,
        "Normalized Income": 1548000000.0,
        "Net Income From Continuing And Discontinued Operation": 1548000000.0,
        "Total Expenses": 58486000000.0,
        "Diluted Average Shares": 284052000.0,
        "Basic Average Shares": 281133000.0,
        "Diluted EPS": 5.45,
        "Basic EPS": 5.51,
        "Diluted NI Availto Com Stockholders": 1548000000.0,
        "Net Income Common Stockholders": 1548000000.0,
        "Net Income": 1548000000.0,
        "Minority Interests": -81000000.0,
        "Net Income Including Noncontrolling Interests": 1629000000.0,
        "Net Income Continuous Operations": 1629000000.0,
        "Tax Provision": 360000000.0,
        "Pretax Income": 1989000000.0,
        "Other Income Expense": 45101000000.0,
        "Special Income Charges": 0.0,
        "Other Special Charges": NaN,
        "Net Non Operating Interest Income Expense": -375000000.0,
        "Interest Expense Non Operating": 375000000.0,
        "Other Operating Expenses": 44492000000.0,
        "Depreciation And Amortization In Income Statement": 420000000.0,
        "Amortization": 420000000.0,
        "Selling General And Administration": 3684000000.0,
        "Total Revenue": 60475000000.0,
        "Operating Revenue": 60475000000.0,
        "Loss Adjustment Expense": 9515000000.0,
        "Net Policyholder Benefits And Claims": 9515000000.0
    },
    "2024-09-30": {
        "Tax Effect Of Unusual Items": -26796000.0,
        "Tax Rate For Calcs": 0.308,
        "Total Unusual Items": -87000000.0,
        "Total Unusual Items Excluding Goodwill": -87000000.0,
        "Net Income From Continuing Operation Net Minority Interest": 739000000.0,
        "Reconciled Depreciation": 650000000.0,
        "EBIT": 1568000000.0,
        "Net Interest Income": -376000000.0,
        "Interest Expense": 376000000.0,
        "Normalized Income": 799204000.0,
        "Net Income From Continuing And Discontinued Operation": 739000000.0,
        "Total Expenses": 61581000000.0,
        "Diluted Average Shares": 281396000.0,
        "Basic Average Shares": 281396000.0,
        "Diluted EPS": 2.63,
        "Basic EPS": 2.63,
        "Diluted NI Availto Com Stockholders": 739000000.0,
        "Net Income Common Stockholders": 739000000.0,
        "Net Income": 739000000.0,
        "Minority Interests": -86000000.0,
        "Net Income Including Noncontrolling Interests": 825000000.0,
        "Net Income Continuous Operations": 825000000.0,
        "Tax Provision": 367000000.0,
        "Pretax Income": 1192000000.0,
        "Other Income Expense": 48284000000.0,
        "Special Income Charges": -87000000.0,
        "Other Special Charges": 87000000.0,
        "Net Non Operating Interest Income Expense": -376000000.0,
        "Interest Expense Non Operating": 376000000.0,
        "Other Operating Expenses": 47565000000.0,
        "Depreciation And Amortization In Income Statement": 436000000.0,
        "Amortization": 436000000.0,
        "Selling General And Administration": 3590000000.0,
        "Total Revenue": 62773000000.0,
        "Operating Revenue": 62773000000.0,
        "Loss Adjustment Expense": 9527000000.0,
        "Net Policyholder Benefits And Claims": 9527000000.0
    }
}