{
    "2023-03-31": {
        "Tax Effect Of Unusual Items": NaN,
        "Tax Rate For Calcs": NaN,
        "Net Income From Continuing Operation Net Minority Interest": NaN,
        "Reconciled Depreciation": NaN,
        "Normalized Income": NaN,
        "Net Income From Continuing And Discontinued Operation": NaN,
        "Total Expenses": NaN,
        "Diluted Average Shares": 50609000.0,
        "Basic Average Shares": 49840000.0,
        "Diluted EPS": 0.1,
        "Basic EPS": 0.1,
        "Diluted NI Availto Com Stockholders": NaN,
        "Net Income Common Stockholders": NaN,
        "Net Income": NaN,
        "Net Income Including Noncontrolling Interests": NaN,
        "Net Income Continuous Operations": NaN,
        "Tax Provision": NaN,
        "Pretax Income": NaN,
        "Other Income Expense": NaN,
        "Selling General And Administration": NaN,
        "General And Administrative Expense": NaN,
        "Other Gand A": NaN,
        "Total Revenue": NaN,
        "Operating Revenue": NaN,
        "Loss Adjustment Expense": NaN,
        "Net Policyholder Benefits And Claims": NaN,
        "Policyholder Benefits Gross": NaN
    },
    "2022-12-31": {
        "Tax Effect Of Unusual Items": NaN,
        "Tax Rate For Calcs": NaN,
        "Net Income From Continuing Operation Net Minority Interest": NaN,
        "Reconciled Depreciation": NaN,
        "Normalized Income": NaN,
        "Net Income From Continuing And Discontinued Operation": NaN,
        "Total Expenses": NaN,
        "Diluted Average Shares": 48200000.0,
        "Basic Average Shares": 48200000.0,
        "Diluted EPS": 0.07,
        "Basic EPS": 0.07,
        "Diluted NI Availto Com Stockholders": NaN,
        "Net Income Common Stockholders": NaN,
        "Net Income": NaN,
        "Net Income Including Noncontrolling Interests": NaN,
        "Net Income Continuous Operations": NaN,
        "Tax Provision": NaN,
        "Pretax Income": NaN,
        "Other Income Expense": NaN,
        "Selling General And Administration": NaN,
        "General And Administrative Expense": NaN,
        "Other Gand A": NaN,
        "Total Revenue": NaN,
        "Operating Revenue": NaN,
        "Loss Adjustment Expense": NaN,
        "Net Policyholder Benefits And Claims": NaN,
        "Policyholder Benefits Gross": NaN
    },
    "2022-09-30": {
        "Tax Effect Of Unusual Items": 0.0,
        "Tax Rate For Calcs": 0.4,
        "Net Income From Continuing Operation Net Minority Interest": -5131000.0,
        "Reconciled Depreciation": 125000.0,
        "Normalized Income": -5131000.0,
        "Net Income From Continuing And Discontinued Operation": -5131000.0,
        "Total Expenses": 60963000.0,
        "Diluted Average Shares": 50799000.0,
        "Basic Average Shares": 50075000.0,
        "Diluted EPS": 0.06,
        "Basic EPS": 0.07,
        "Diluted NI Availto Com Stockholders": -5131000.0,
        "Net Income Common Stockholders": -5131000.0,
        "Net Income": -5131000.0,
        "Net Income Including Noncontrolling Interests": -5131000.0,
        "Net Income Continuous Operations": -5131000.0,
        "Tax Provision": 344000.0,
        "Pretax Income": -4787000.0,
        "Other Income Expense": 688000.0,
        "Impairment Of Capital Assets": NaN,
        "Selling General And Administration": 11559000.0,
        "General And Administrative Expense": 11559000.0,
        "Other Gand A": 11559000.0,
        "Total Revenue": 56176000.0,
        "Operating Revenue": 56176000.0
    },
    "2022-06-30": {
        "Tax Effect Of Unusual Items": 0.0,
        "Tax Rate For Calcs": 0.023,
        "Net Income From Continuing Operation Net Minority Interest": -3548000.0,
        "Reconciled Depreciation": 135000.0,
        "Normalized Income": -3548000.0,
        "Net Income From Continuing And Discontinued Operation": -3548000.0,
        "Total Expenses": 57363000.0,
        "Diluted Average Shares": 51065000.0,
        "Basic Average Shares": 50373000.0,
        "Diluted EPS": 0.05,
        "Basic EPS": 0.05,
        "Diluted NI Availto Com Stockholders": -3548000.0,
        "Net Income Common Stockholders": -3548000.0,
        "Net Income": -3548000.0,
        "Net Income Including Noncontrolling Interests": -3548000.0,
        "Net Income Continuous Operations": -3548000.0,
        "Tax Provision": -81000.0,
        "Pretax Income": -3629000.0,
        "Other Income Expense": 634000.0,
        "Impairment Of Capital Assets": NaN,
        "Selling General And Administration": 10400000.0,
        "General And Administrative Expense": 10400000.0,
        "Other Gand A": 10400000.0,
        "Total Revenue": 53734000.0,
        "Operating Revenue": 53734000.0
    },
    "2022-03-31": {
        "Diluted EPS": 0.13,
        "Total Revenue": 55,
        "Gross Profit": 17,
        "Operating Income": 7,
        "EBIT": 9,
        "Net Income": 6
    },
    "2021-12-31": {
        "Diluted EPS": 0.76,
        "Total Revenue": 70,
        "Gross Profit": 17,
        "Operating Income": -7,
        "EBIT": 8,
        "Net Income": 38
    },
    "2021-09-30": {
        "Diluted EPS": -0.06,
        "Total Revenue": 62,
        "Gross Profit": 8,
        "Operating Income": -3,
        "EBIT": -1,
        "Net Income": -3
    },
    "2021-06-30": {
        "Diluted EPS": 0.1,
        "Total Revenue": 64,
        "Gross Profit": 18,
        "Operating Income": 6,
        "EBIT": 8,
        "Net Income": 5
    },
    "2021-03-31": {
        "Diluted EPS": -0.07,
        "Total Revenue": 55,
        "Gross Profit": 10,
        "Operating Income": -3,
        "EBIT": -1,
        "Net Income": -4
    },
    "2020-12-31": {
        "Diluted EPS": 0.03,
        "Total Revenue": 65,
        "Gross Profit": 12,
        "Operating Income": -2,
        "EBIT": 0,
        "Net Income": 2
    },
    "2020-09-30": {
        "Diluted EPS": -0.16,
        "Total Revenue": 60,
        "Gross Profit": 14,
        "Operating Income": -8,
        "EBIT": -5,
        "Net Income": -8
    },
    "2020-06-30": {
        "Diluted EPS": -0.02,
        "Total Revenue": 58,
        "Gross Profit": 14,
        "Operating Income": 0,
        "EBIT": 3,
        "Net Income": -1
    },
    "2020-03-31": {
        "Diluted EPS": -0.07,
        "Total Revenue": 56,
        "Gross Profit": 11,
        "Operating Income": -2,
        "EBIT": 1,
        "Net Income": -4
    },
    "2019-12-31": {
        "Diluted EPS": 0.09,
        "Total Revenue": 70,
        "Gross Profit": 17,
        "Operating Income": 5,
        "EBIT": 8,
        "Net Income": 5
    },
    "2019-09-30": {
        "Diluted EPS": 0.04,
        "Total Revenue": 61,
        "Gross Profit": 16,
        "Operating Income": 2,
        "EBIT": 6,
        "Net Income": 2
    },
    "2019-06-30": {
        "Diluted EPS": -0.09,
        "Total Revenue": 57,
        "Gross Profit": 11,
        "Operating Income": -3,
        "EBIT": 1,
        "Net Income": -5
    },
    "2019-03-31": {
        "Diluted EPS": -0.07,
        "Total Revenue": 62,
        "Gross Profit": 18,
        "Operating Income": 2,
        "EBIT": 7,
        "Net Income": -4
    },
    "2018-12-31": {
        "Diluted EPS": -0.03,
        "Total Revenue": 66,
        "Gross Profit": 16,
        "Operating Income": -2,
        "EBIT": 4,
        "Net Income": -1
    },
    "2018-09-30": {
        "Diluted EPS": -0.14,
        "Total Revenue": 61,
        "Gross Profit": 24,
        "Operating Income": 6,
        "EBIT": 11,
        "Net Income": -7
    },
    "2018-06-30": {
        "Diluted EPS": -0.05,
        "Total Revenue": 60,
        "Gross Profit": 12,
        "Operating Income": -4,
        "EBIT": 1,
        "Net Income": -3
    },
    "2018-03-31": {
        "Diluted EPS": 0.0,
        "Total Revenue": 57,
        "Gross Profit": 11,
        "Operating Income": 3,
        "EBIT": 8,
        "Net Income": 0
    },
    "2017-12-31": {
        "Diluted EPS": -0.88,
        "Total Revenue": 68,
        "Gross Profit": 10,
        "Operating Income": -9,
        "EBIT": 1,
        "Net Income": -44
    },
    "2017-09-30": {
        "Diluted EPS": 0.07,
        "Total Revenue": 64,
        "Gross Profit": 11,
        "Operating Income": 3,
        "EBIT": 8,
        "Net Income": 3
    },
    "2017-06-30": {
        "Diluted EPS": 0.01,
        "Total Revenue": 61,
        "Gross Profit": 13,
        "Operating Income": 2,
        "EBIT": 7,
        "Net Income": 1
    },
    "2017-03-31": {
        "Diluted EPS": 0.04,
        "Total Revenue": 60,
        "Gross Profit": 12,
        "Operating Income": 1,
        "EBIT": 6,
        "Net Income": 2
    },
    "2016-12-31": {
        "Diluted EPS": -0.0,
        "Total Revenue": 68,
        "Gross Profit": 8,
        "Operating Income": 0,
        "EBIT": 4,
        "Net Income": 0
    },
    "2016-09-30": {
        "Diluted EPS": 0.06,
        "Total Revenue": 62,
        "Gross Profit": 9,
        "Operating Income": 5,
        "EBIT": 9,
        "Net Income": 3
    },
    "2016-06-30": {
        "Diluted EPS": 0.03,
        "Total Revenue": 61,
        "Gross Profit": 10,
        "Operating Income": 3,
        "EBIT": 7,
        "Net Income": 1
    },
    "2016-03-31": {
        "Diluted EPS": -0.05,
        "Total Revenue": 55,
        "Gross Profit": 9,
        "Operating Income": -1,
        "EBIT": 3,
        "Net Income": -2
    },
    "2015-12-31": {
        "Diluted EPS": -0.03,
        "Total Revenue": 62,
        "Gross Profit": 6,
        "Operating Income": -1,
        "EBIT": 3,
        "Net Income": -2
    },
    "2015-09-30": {
        "Diluted EPS": 0.0,
        "Total Revenue": 58,
        "Gross Profit": 5,
        "Operating Income": 0,
        "EBIT": 4,
        "Net Income": 0
    },
    "2015-06-30": {
        "Diluted EPS": -0.04,
        "Total Revenue": 60,
        "Gross Profit": 8,
        "Operating Income": -1,
        "EBIT": 3,
        "Net Income": -2
    },
    "2015-03-31": {
        "Diluted EPS": 0.01,
        "Total Revenue": 56,
        "Gross Profit": 7,
        "Operating Income": 0,
        "EBIT": 4,
        "Net Income": 0
    },
    "2014-12-31": {
        "Diluted EPS": -0.21,
        "Total Revenue": 63,
        "Gross Profit": 5,
        "Operating Income": -8,
        "EBIT": -5,
        "Net Income": -11
    },
    "2014-09-30": {
        "Diluted EPS": 0.05,
        "Total Revenue": 57,
        "Gross Profit": 7,
        "Operating Income": 3,
        "EBIT": 6,
        "Net Income": 2
    },
    "2014-06-30": {
        "Diluted EPS": 0.02,
        "Total Revenue": 57,
        "Gross Profit": 7,
        "Operating Income": 2,
        "EBIT": 5,
        "Net Income": 1
    },
    "2014-03-31": {
        "Diluted EPS": 0.02,
        "Total Revenue": 53,
        "Gross Profit": 7,
        "Operating Income": 2,
        "EBIT": 5,
        "Net Income": 1
    },
    "2013-12-31": {
        "Diluted EPS": 0.01,
        "Total Revenue": 57,
        "Gross Profit": 5,
        "Operating Income": 1,
        "EBIT": 5,
        "Net Income": 1
    },
    "2013-09-30": {
        "Diluted EPS": 0.04,
        "Total Revenue": 54,
        "Gross Profit": 7,
        "Operating Income": 3,
        "EBIT": 6,
        "Net Income": 2
    },
    "2013-06-30": {
        "Diluted EPS": 0.03,
        "Total Revenue": 54,
        "Gross Profit": 6,
        "Operating Income": 2,
        "EBIT": 5,
        "Net Income": 1
    },
    "2013-03-31": {
        "Diluted EPS": 0.02,
        "Total Revenue": 50,
        "Gross Profit": 7,
        "Operating Income": 1,
        "EBIT": 4,
        "Net Income": 1
    },
    "2012-12-31": {
        "Diluted EPS": -0.01,
        "Total Revenue": 54,
        "Gross Profit": 3,
        "Operating Income": 0,
        "EBIT": 2,
        "Net Income": 0
    },
    "2012-09-30": {
        "Diluted EPS": 0.06,
        "Total Revenue": 52,
        "Gross Profit": 7,
        "Operating Income": 4,
        "EBIT": 7,
        "Net Income": 3
    },
    "2012-06-30": {
        "Diluted EPS": 0.01,
        "Total Revenue": 50,
        "Gross Profit": 5,
        "Operating Income": 0,
        "EBIT": 3,
        "Net Income": 0
    },
    "2012-03-31": {
        "Diluted EPS": 0.03,
        "Total Revenue": 47,
        "Gross Profit": 7,
        "Operating Income": 2,
        "EBIT": 4,
        "Net Income": 2
    },
    "2011-12-31": {
        "Diluted EPS": 0.04,
        "Total Revenue": 52,
        "Gross Profit": 6,
        "Operating Income": 2,
        "EBIT": 4,
        "Net Income": 2
    },
    "2011-09-30": {
        "Diluted EPS": 0.04,
        "Total Revenue": 48,
        "Gross Profit": 8,
        "Operating Income": 3,
        "EBIT": 5,
        "Net Income": 2
    },
    "2011-06-30": {
        "Diluted EPS": 0.06,
        "Total Revenue": 48,
        "Gross Profit": 9,
        "Operating Income": 4,
        "EBIT": 6,
        "Net Income": 3
    },
    "2011-03-31": {
        "Diluted EPS": 0.03,
        "Total Revenue": 45,
        "Gross Profit": 7,
        "Operating Income": 2,
        "EBIT": 5,
        "Net Income": 2
    },
    "2010-12-31": {
        "Diluted EPS": 0.18,
        "Total Revenue": 55,
        "Gross Profit": 12,
        "Operating Income": 9,
        "EBIT": 11,
        "Net Income": 8
    },
    "2010-09-30": {
        "Diluted EPS": 0.03,
        "Total Revenue": 45,
        "Gross Profit": 7,
        "Operating Income": 3,
        "EBIT": 5,
        "Net Income": 2
    },
    "2010-06-30": {
        "Diluted EPS": 0.06,
        "Total Revenue": 46,
        "Gross Profit": 10,
        "Operating Income": 4,
        "EBIT": 6,
        "Net Income": 3
    },
    "2010-03-31": {
        "Diluted EPS": 0.03,
        "Total Revenue": 44,
        "Gross Profit": 2,
        "Operating Income": 2,
        "EBIT": 4,
        "Net Income": 2
    },
    "2009-12-31": {
        "Diluted EPS": 0.16,
        "Total Revenue": 54,
        "Gross Profit": 14,
        "Operating Income": 8,
        "EBIT": 10,
        "Net Income": 8
    },
    "2009-09-30": {
        "Diluted EPS": 0.04,
        "Total Revenue": 45,
        "Gross Profit": 3,
        "Operating Income": 3,
        "EBIT": 5,
        "Net Income": 2
    },
    "2009-06-30": {
        "Diluted EPS": 0.04,
        "Total Revenue": 45,
        "Gross Profit": 2,
        "Operating Income": 4,
        "EBIT": 5,
        "Net Income": 2
    },
    "2009-03-31": {
        "Diluted EPS": 0.07,
        "Total Revenue": 45,
        "Gross Profit": 5,
        "Operating Income": 6,
        "EBIT": 7,
        "Net Income": 3
    },
    "2023-06-30": {
        "Tax Effect Of Unusual Items": NaN,
        "Tax Rate For Calcs": NaN,
        "Net Income From Continuing Operation Net Minority Interest": NaN,
        "Reconciled Depreciation": NaN,
        "Normalized Income": NaN,
        "Net Income From Continuing And Discontinued Operation": NaN,
        "Total Expenses": NaN,
        "Diluted Average Shares": 51050000.0,
        "Basic Average Shares": 49603540.0,
        "Diluted EPS": 0.12,
        "Basic EPS": 0.123499,
        "Diluted NI Availto Com Stockholders": NaN,
        "Net Income Common Stockholders": NaN,
        "Net Income": NaN,
        "Net Income Including Noncontrolling Interests": NaN,
        "Net Income Continuous Operations": NaN,
        "Tax Provision": NaN,
        "Pretax Income": NaN,
        "Other Income Expense": NaN,
        "Selling General And Administration": NaN,
        "General And Administrative Expense": NaN,
        "Other Gand A": NaN,
        "Total Revenue": NaN,
        "Operating Revenue": NaN,
        "Loss Adjustment Expense": NaN,
        "Net Policyholder Benefits And Claims": NaN,
        "Policyholder Benefits Gross": NaN
    },
    "2023-09-30": {
        "Tax Effect Of Unusual Items": 0.0,
        "Tax Rate For Calcs": 0.21,
        "Net Income From Continuing Operation Net Minority Interest": 2698000.0,
        "Reconciled Depreciation": 132000.0,
        "Normalized Income": 2698000.0,
        "Net Income From Continuing And Discontinued Operation": 2698000.0,
        "Total Expenses": 54749000.0,
        "Diluted Average Shares": 50522000.0,
        "Basic Average Shares": 49615000.0,
        "Diluted EPS": 0.05,
        "Basic EPS": 0.06,
        "Diluted NI Availto Com Stockholders": 2698000.0,
        "Net Income Common Stockholders": 2698000.0,
        "Net Income": 2698000.0,
        "Net Income Including Noncontrolling Interests": 2698000.0,
        "Net Income Continuous Operations": 2698000.0,
        "Tax Provision": 1943000.0,
        "Pretax Income": 4641000.0,
        "Other Income Expense": 884000.0,
        "Selling General And Administration": 11949000.0,
        "General And Administrative Expense": 11949000.0,
        "Other Gand A": 11949000.0,
        "Total Revenue": 59390000.0,
        "Operating Revenue": 59390000.0,
        "Loss Adjustment Expense": 35018000.0,
        "Net Policyholder Benefits And Claims": 35018000.0,
        "Policyholder Benefits Gross": 35018000.0
    },
    "2023-12-31": {
        "Tax Effect Of Unusual Items": 0.0,
        "Tax Rate For Calcs": 0.21,
        "Net Income From Continuing Operation Net Minority Interest": 10741000.0,
        "Reconciled Depreciation": 135000.0,
        "Normalized Income": 10741000.0,
        "Net Income From Continuing And Discontinued Operation": 10741000.0,
        "Total Expenses": 58075000.0,
        "Diluted Average Shares": NaN,
        "Basic Average Shares": NaN,
        "Diluted EPS": NaN,
        "Basic EPS": NaN,
        "Diluted NI Availto Com Stockholders": 10741000.0,
        "Net Income Common Stockholders": 10741000.0,
        "Net Income": 10741000.0,
        "Net Income Including Noncontrolling Interests": 10741000.0,
        "Net Income Continuous Operations": 10741000.0,
        "Tax Provision": -1967000.0,
        "Pretax Income": 8774000.0,
        "Other Income Expense": 1007000.0,
        "Selling General And Administration": 11654000.0,
        "General And Administrative Expense": 11654000.0,
        "Other Gand A": 11654000.0,
        "Total Revenue": 66849000.0,
        "Operating Revenue": 66849000.0,
        "Loss Adjustment Expense": 37112000.0,
        "Net Policyholder Benefits And Claims": 37112000.0,
        "Policyholder Benefits Gross": 37112000.0
    },
    "2024-03-31": {
        "Tax Effect Of Unusual Items": 0.0,
        "Tax Rate For Calcs": 0.078,
        "Net Income From Continuing Operation Net Minority Interest": 4542000.0,
        "Reconciled Depreciation": 144000.0,
        "Normalized Income": 4542000.0,
        "Net Income From Continuing And Discontinued Operation": 4542000.0,
        "Total Expenses": 52787000.0,
        "Diluted Average Shares": 50561000.0,
        "Basic Average Shares": 49564000.0,
        "Diluted EPS": 0.09,
        "Basic EPS": 0.09,
        "Diluted NI Availto Com Stockholders": 4542000.0,
        "Net Income Common Stockholders": 4542000.0,
        "Net Income": 4542000.0,
        "Net Income Including Noncontrolling Interests": 4542000.0,
        "Net Income Continuous Operations": 4542000.0,
        "Tax Provision": 383000.0,
        "Pretax Income": 4925000.0,
        "Other Income Expense": 589000.0,
        "Selling General And Administration": 11338000.0,
        "General And Administrative Expense": 11338000.0,
        "Other Gand A": 11338000.0,
        "Total Revenue": 57712000.0,
        "Operating Revenue": 57712000.0,
        "Loss Adjustment Expense": 34055000.0,
        "Net Policyholder Benefits And Claims": 34055000.0,
        "Policyholder Benefits Gross": 34055000.0
    },
    "2024-06-30": {
        "Tax Effect Of Unusual Items": 0.0,
        "Tax Rate For Calcs": 0.21,
        "Net Income From Continuing Operation Net Minority Interest": 3959000.0,
        "Reconciled Depreciation": 147000.0,
        "Normalized Income": 3959000.0,
        "Net Income From Continuing And Discontinued Operation": 3959000.0,
        "Total Expenses": 58782000.0,
        "Diluted Average Shares": 50809000.0,
        "Basic Average Shares": 49639000.0,
        "Diluted EPS": 0.08,
        "Basic EPS": 0.08,
        "Diluted NI Availto Com Stockholders": 3959000.0,
        "Net Income Common Stockholders": 3959000.0,
        "Net Income": 3959000.0,
        "Net Income Including Noncontrolling Interests": 3959000.0,
        "Net Income Continuous Operations": 3959000.0,
        "Tax Provision": -657000.0,
        "Pretax Income": 3302000.0,
        "Other Income Expense": 2238000.0,
        "Selling General And Administration": 16639000.0,
        "General And Administrative Expense": 16639000.0,
        "Other Gand A": 16639000.0,
        "Total Revenue": 62084000.0,
        "Operating Revenue": 62084000.0,
        "Loss Adjustment Expense": 34990000.0,
        "Net Policyholder Benefits And Claims": 34990000.0,
        "Policyholder Benefits Gross": 34990000.0
    },
    "2024-09-30": {
        "Tax Effect Of Unusual Items": 0.0,
        "Tax Rate For Calcs": 0.081,
        "Net Income From Continuing Operation Net Minority Interest": 2790000.0,
        "Reconciled Depreciation": 152000.0,
        "Normalized Income": 2790000.0,
        "Net Income From Continuing And Discontinued Operation": 2790000.0,
        "Total Expenses": 58694000.0,
        "Diluted Average Shares": 50669000.0,
        "Basic Average Shares": 49837000.0,
        "Diluted EPS": 0.05,
        "Basic EPS": 0.06,
        "Diluted NI Availto Com Stockholders": 2790000.0,
        "Net Income Common Stockholders": 2790000.0,
        "Net Income": 2790000.0,
        "Net Income Including Noncontrolling Interests": 2790000.0,
        "Net Income Continuous Operations": 2790000.0,
        "Tax Provision": 247000.0,
        "Pretax Income": 3037000.0,
        "Other Income Expense": 630000.0,
        "Selling General And Administration": 12095000.0,
        "General And Administrative Expense": 12095000.0,
        "Other Gand A": 12095000.0,
        "Total Revenue": 61731000.0,
        "Operating Revenue": 61731000.0,
        "Loss Adjustment Expense": 38259000.0,
        "Net Policyholder Benefits And Claims": 38259000.0,
        "Policyholder Benefits Gross": 38259000.0
    }
}