{
    "2023-04-30": {
        "Tax Effect Of Unusual Items": NaN,
        "Tax Rate For Calcs": NaN,
        "Normalized EBITDA": NaN,
        "Total Unusual Items": NaN,
        "Total Unusual Items Excluding Goodwill": NaN,
        "Net Income From Continuing Operation Net Minority Interest": NaN,
        "Reconciled Depreciation": NaN,
        "Reconciled Cost Of Revenue": NaN,
        "EBITDA": NaN,
        "EBIT": NaN,
        "Net Interest Income": NaN,
        "Interest Expense": NaN,
        "Interest Income": NaN,
        "Normalized Income": NaN,
        "Net Income From Continuing And Discontinued Operation": NaN,
        "Total Expenses": NaN,
        "Total Operating Income As Reported": NaN,
        "Diluted Average Shares": NaN,
        "Basic Average Shares": NaN,
        "Diluted EPS": NaN,
        "Basic EPS": NaN,
        "Diluted NI Availto Com Stockholders": NaN,
        "Net Income Common Stockholders": NaN,
        "Net Income": NaN,
        "Net Income Including Noncontrolling Interests": NaN,
        "Net Income Continuous Operations": NaN,
        "Tax Provision": NaN,
        "Pretax Income": NaN,
        "Other Income Expense": NaN,
        "Other Non Operating Income Expenses": NaN,
        "Special Income Charges": NaN,
        "Write Off": NaN,
        "Restructuring And Mergern Acquisition": NaN,
        "Earnings From Equity Interest": 0.0,
        "Gain On Sale Of Security": NaN,
        "Net Non Operating Interest Income Expense": NaN,
        "Interest Expense Non Operating": NaN,
        "Interest Income Non Operating": NaN,
        "Operating Income": NaN,
        "Operating Expense": NaN,
        "Depreciation Amortization Depletion Income Statement": NaN,
        "Depreciation And Amortization In Income Statement": NaN,
        "Amortization": NaN,
        "Amortization Of Intangibles Income Statement": NaN,
        "Research And Development": NaN,
        "Selling General And Administration": NaN,
        "Selling And Marketing Expense": NaN,
        "General And Administrative Expense": NaN,
        "Other Gand A": NaN,
        "Gross Profit": NaN,
        "Cost Of Revenue": NaN,
        "Total Revenue": NaN,
        "Operating Revenue": NaN
    },
    "2023-01-31": {
        "Tax Effect Of Unusual Items": -2602375.58602,
        "Tax Rate For Calcs": 0.247515,
        "Normalized EBITDA": 160236000.0,
        "Total Unusual Items": -10514000.0,
        "Total Unusual Items Excluding Goodwill": -10514000.0,
        "Net Income From Continuing Operation Net Minority Interest": 76241000.0,
        "Reconciled Depreciation": 32533000.0,
        "Reconciled Cost Of Revenue": 575483000.0,
        "EBITDA": 149722000.0,
        "EBIT": 117189000.0,
        "Net Interest Income": -8749000.0,
        "Interest Expense": 15870000.0,
        "Interest Income": 7121000.0,
        "Normalized Income": 84152624.41398,
        "Net Income From Continuing And Discontinued Operation": 76241000.0,
        "Total Expenses": 964449000.0,
        "Total Operating Income As Reported": 85216000.0,
        "Diluted Average Shares": 149551000.0,
        "Basic Average Shares": 149081000.0,
        "Diluted EPS": 0.51,
        "Basic EPS": 0.51,
        "Diluted NI Availto Com Stockholders": 76241000.0,
        "Net Income Common Stockholders": 76241000.0,
        "Net Income": 76241000.0,
        "Net Income Including Noncontrolling Interests": 76241000.0,
        "Net Income Continuous Operations": 76241000.0,
        "Tax Provision": 25078000.0,
        "Pretax Income": 101319000.0,
        "Other Income Expense": 17996000.0,
        "Other Non Operating Income Expenses": 2055000.0,
        "Special Income Charges": -6856000.0,
        "Write Off": 4298000.0,
        "Restructuring And Mergern Acquisition": 2558000.0,
        "Earnings From Equity Interest": 26455000.0,
        "Gain On Sale Of Security": -3658000.0,
        "Net Non Operating Interest Income Expense": -8749000.0,
        "Interest Expense Non Operating": 15870000.0,
        "Interest Income Non Operating": 7121000.0,
        "Operating Income": 92072000.0,
        "Operating Expense": 363874000.0,
        "Depreciation Amortization Depletion Income Statement": 7441000.0,
        "Depreciation And Amortization In Income Statement": 7441000.0,
        "Amortization": 7441000.0,
        "Amortization Of Intangibles Income Statement": 7441000.0,
        "Research And Development": 181730000.0,
        "Selling General And Administration": 174703000.0,
        "Selling And Marketing Expense": 123807000.0,
        "General And Administrative Expense": 50896000.0,
        "Other Gand A": 50896000.0,
        "Gross Profit": 455946000.0,
        "Cost Of Revenue": 600575000.0,
        "Total Revenue": 1056521000.0,
        "Operating Revenue": 1056521000.0
    },
    "2022-10-31": {
        "Tax Effect Of Unusual Items": -1767290.149893,
        "Tax Rate For Calcs": 0.118308,
        "Normalized EBITDA": 129495000.0,
        "Total Unusual Items": -14938000.0,
        "Total Unusual Items Excluding Goodwill": -14938000.0,
        "Net Income From Continuing Operation Net Minority Interest": 57645000.0,
        "Reconciled Depreciation": 35402000.0,
        "Reconciled Cost Of Revenue": 507765000.0,
        "EBITDA": 114557000.0,
        "EBIT": 79155000.0,
        "Net Interest Income": -8677000.0,
        "Interest Expense": 13775000.0,
        "Interest Income": 5098000.0,
        "Normalized Income": 70815709.850107,
        "Net Income From Continuing And Discontinued Operation": 57645000.0,
        "Total Expenses": 880121000.0,
        "Total Operating Income As Reported": 77268000.0,
        "Diluted Average Shares": 149111000.0,
        "Basic Average Shares": 148548000.0,
        "Diluted EPS": 0.39,
        "Basic EPS": 0.39,
        "Diluted NI Availto Com Stockholders": 57645000.0,
        "Net Income Common Stockholders": 57645000.0,
        "Net Income": 57645000.0,
        "Net Income Including Noncontrolling Interests": 57645000.0,
        "Net Income Continuous Operations": 57645000.0,
        "Tax Provision": 7735000.0,
        "Pretax Income": 65380000.0,
        "Other Income Expense": -16832000.0,
        "Other Non Operating Income Expenses": -1894000.0,
        "Special Income Charges": -13621000.0,
        "Write Off": 13621000.0,
        "Restructuring And Mergern Acquisition": 0.0,
        "Earnings From Equity Interest": NaN,
        "Gain On Sale Of Security": -1317000.0,
        "Net Non Operating Interest Income Expense": -8677000.0,
        "Interest Expense Non Operating": 13775000.0,
        "Interest Income Non Operating": 5098000.0,
        "Operating Income": 90889000.0,
        "Operating Expense": 342708000.0,
        "Depreciation Amortization Depletion Income Statement": 5754000.0,
        "Depreciation And Amortization In Income Statement": 5754000.0,
        "Amortization": 5754000.0,
        "Amortization Of Intangibles Income Statement": 5754000.0,
        "Research And Development": 166898000.0,
        "Selling General And Administration": 170056000.0,
        "Selling And Marketing Expense": 121865000.0,
        "General And Administrative Expense": 48191000.0,
        "Other Gand A": 48191000.0,
        "Gross Profit": 433597000.0,
        "Cost Of Revenue": 537413000.0,
        "Total Revenue": 971010000.0,
        "Operating Revenue": 971010000.0
    },
    "2022-07-31": {
        "Tax Effect Of Unusual Items": -2250213.269503,
        "Tax Rate For Calcs": 0.291214,
        "Normalized EBITDA": 69508000.0,
        "Total Unusual Items": -7727000.0,
        "Total Unusual Items Excluding Goodwill": -7727000.0,
        "Net Income From Continuing Operation Net Minority Interest": 10512000.0,
        "Reconciled Depreciation": 34308000.0,
        "Reconciled Cost Of Revenue": 501813000.0,
        "EBITDA": 61781000.0,
        "EBIT": 27473000.0,
        "Net Interest Income": -12276000.0,
        "Interest Expense": 12642000.0,
        "Interest Income": 366000.0,
        "Normalized Income": 15988786.730497,
        "Net Income From Continuing And Discontinued Operation": 10512000.0,
        "Total Expenses": 833147000.0,
        "Total Operating Income As Reported": 27107000.0,
        "Diluted Average Shares": 150463000.0,
        "Basic Average Shares": 149862000.0,
        "Diluted EPS": 0.07,
        "Basic EPS": 0.07,
        "Diluted NI Availto Com Stockholders": 10512000.0,
        "Net Income Common Stockholders": 10512000.0,
        "Net Income": 10512000.0,
        "Net Income Including Noncontrolling Interests": 10512000.0,
        "Net Income Continuous Operations": 10512000.0,
        "Tax Provision": 4319000.0,
        "Pretax Income": 14831000.0,
        "Other Income Expense": -7727000.0,
        "Other Non Operating Income Expenses": -635000.0,
        "Special Income Charges": -7727000.0,
        "Write Off": 7692000.0,
        "Restructuring And Mergern Acquisition": 35000.0,
        "Earnings From Equity Interest": NaN,
        "Gain On Sale Of Security": -1773000.0,
        "Net Non Operating Interest Income Expense": -12276000.0,
        "Interest Expense Non Operating": 12642000.0,
        "Interest Income Non Operating": 366000.0,
        "Operating Income": 34834000.0,
        "Operating Expense": 305945000.0,
        "Depreciation Amortization Depletion Income Statement": 8919000.0,
        "Depreciation And Amortization In Income Statement": 8919000.0,
        "Amortization": 8919000.0,
        "Amortization Of Intangibles Income Statement": 8919000.0,
        "Research And Development": 150025000.0,
        "Selling General And Administration": 147001000.0,
        "Selling And Marketing Expense": 105880000.0,
        "General And Administrative Expense": 41121000.0,
        "Other Gand A": 41121000.0,
        "Gross Profit": 340779000.0,
        "Cost Of Revenue": 527202000.0,
        "Total Revenue": 867981000.0,
        "Operating Revenue": 867981000.0
    },
    "2022-04-30": {
        "Diluted EPS": 0.25,
        "Total Revenue": 949,
        "Gross Profit": 402,
        "Operating Income": 58,
        "EBIT": 93,
        "Net Income": 39
    },
    "2022-01-31": {
        "Diluted EPS": 0.29,
        "Total Revenue": 844,
        "Gross Profit": 384,
        "Operating Income": 60,
        "EBIT": 96,
        "Net Income": 46
    },
    "2021-10-31": {
        "Diluted EPS": 0.65,
        "Total Revenue": NaN,
        "Gross Profit": 477,
        "Operating Income": 137,
        "EBIT": 170,
        "Net Income": 103
    },
    "2021-07-31": {
        "Diluted EPS": 1.52,
        "Total Revenue": 988,
        "Gross Profit": 475,
        "Operating Income": 149,
        "EBIT": 182,
        "Net Income": 238
    },
    "2021-04-30": {
        "Diluted EPS": 0.66,
        "Total Revenue": 834,
        "Gross Profit": 412,
        "Operating Income": 134,
        "EBIT": 167,
        "Net Income": 103
    },
    "2021-01-31": {
        "Diluted EPS": 0.36,
        "Total Revenue": 757,
        "Gross Profit": 358,
        "Operating Income": 76,
        "EBIT": 109,
        "Net Income": 55
    },
    "2020-10-31": {
        "Diluted EPS": 0.42,
        "Total Revenue": 828,
        "Gross Profit": 404,
        "Operating Income": 93,
        "EBIT": 127,
        "Net Income": 65
    },
    "2020-07-31": {
        "Diluted EPS": 0.91,
        "Total Revenue": 977,
        "Gross Profit": 465,
        "Operating Income": 188,
        "EBIT": 220,
        "Net Income": 142
    },
    "2020-04-30": {
        "Diluted EPS": 0.59,
        "Total Revenue": 894,
        "Gross Profit": 413,
        "Operating Income": 127,
        "EBIT": 160,
        "Net Income": 92
    },
    "2020-01-31": {
        "Diluted EPS": 0.4,
        "Total Revenue": 833,
        "Gross Profit": 371,
        "Operating Income": 78,
        "EBIT": 113,
        "Net Income": 62
    },
    "2019-10-31": {
        "Diluted EPS": 0.52,
        "Total Revenue": 968,
        "Gross Profit": 420,
        "Operating Income": 93,
        "EBIT": 124,
        "Net Income": 80
    },
    "2019-07-31": {
        "Diluted EPS": 0.55,
        "Total Revenue": 961,
        "Gross Profit": 424,
        "Operating Income": 125,
        "EBIT": 156,
        "Net Income": 87
    },
    "2019-04-30": {
        "Diluted EPS": 0.33,
        "Total Revenue": 865,
        "Gross Profit": 375,
        "Operating Income": 80,
        "EBIT": 111,
        "Net Income": 53
    },
    "2019-01-31": {
        "Diluted EPS": 0.21,
        "Total Revenue": 779,
        "Gross Profit": 323,
        "Operating Income": 48,
        "EBIT": 78,
        "Net Income": 34
    },
    "2018-10-31": {
        "Diluted EPS": 0.37,
        "Total Revenue": 899,
        "Gross Profit": 398,
        "Operating Income": 96,
        "EBIT": 125,
        "Net Income": 64
    },
    "2018-07-31": {
        "Diluted EPS": 0.34,
        "Total Revenue": 819,
        "Gross Profit": 352,
        "Operating Income": 85,
        "EBIT": 113,
        "Net Income": 51
    },
    "2018-04-30": {
        "Diluted EPS": 0.09,
        "Total Revenue": 730,
        "Gross Profit": 293,
        "Operating Income": 32,
        "EBIT": 59,
        "Net Income": 14
    },
    "2018-01-31": {
        "Diluted EPS": -3.29,
        "Total Revenue": 646,
        "Gross Profit": 272,
        "Operating Income": 17,
        "EBIT": 43,
        "Net Income": -473
    },
    "2017-10-31": {
        "Diluted EPS": 6.86,
        "Total Revenue": 744,
        "Gross Profit": 326,
        "Operating Income": 56,
        "EBIT": 83,
        "Net Income": NaN
    },
    "2017-07-31": {
        "Diluted EPS": 0.39,
        "Total Revenue": 729,
        "Gross Profit": 328,
        "Operating Income": 82,
        "EBIT": 109,
        "Net Income": 60
    },
    "2017-04-30": {
        "Diluted EPS": 0.25,
        "Total Revenue": 707,
        "Gross Profit": 318,
        "Operating Income": 58,
        "EBIT": 91,
        "Net Income": 38
    },
    "2017-01-31": {
        "Diluted EPS": 0.03,
        "Total Revenue": 621,
        "Gross Profit": 274,
        "Operating Income": 19,
        "EBIT": 55,
        "Net Income": 4
    },
    "2016-10-31": {
        "Diluted EPS": 0.26,
        "Total Revenue": 716,
        "Gross Profit": 319,
        "Operating Income": 60,
        "EBIT": 95,
        "Net Income": 37
    },
    "2016-07-31": {
        "Diluted EPS": 0.23,
        "Total Revenue": 671,
        "Gross Profit": 308,
        "Operating Income": 57,
        "EBIT": 92,
        "Net Income": 34
    },
    "2016-04-30": {
        "Diluted EPS": 0.1,
        "Total Revenue": 641,
        "Gross Profit": 283,
        "Operating Income": 28,
        "EBIT": 64,
        "Net Income": 14
    },
    "2016-01-31": {
        "Diluted EPS": -0.08,
        "Total Revenue": 573,
        "Gross Profit": 251,
        "Operating Income": 11,
        "EBIT": 46,
        "Net Income": -12
    },
    "2015-10-31": {
        "Diluted EPS": -0.09,
        "Total Revenue": 692,
        "Gross Profit": 303,
        "Operating Income": 9,
        "EBIT": 64,
        "Net Income": -14
    },
    "2015-07-31": {
        "Diluted EPS": 0.19,
        "Total Revenue": 603,
        "Gross Profit": 270,
        "Operating Income": 44,
        "EBIT": 72,
        "Net Income": 24
    },
    "2015-04-30": {
        "Diluted EPS": 0.17,
        "Total Revenue": 622,
        "Gross Profit": 272,
        "Operating Income": 42,
        "EBIT": 69,
        "Net Income": 21
    },
    "2015-01-31": {
        "Diluted EPS": -0.17,
        "Total Revenue": 529,
        "Gross Profit": 230,
        "Operating Income": 4,
        "EBIT": 31,
        "Net Income": -19
    },
    "2014-10-31": {
        "Diluted EPS": -0.28,
        "Total Revenue": 591,
        "Gross Profit": 221,
        "Operating Income": -2,
        "EBIT": 26,
        "Net Income": -31
    },
    "2014-07-31": {
        "Diluted EPS": 0.15,
        "Total Revenue": 604,
        "Gross Profit": 264,
        "Operating Income": 37,
        "EBIT": 65,
        "Net Income": 16
    },
    "2014-04-30": {
        "Diluted EPS": -0.1,
        "Total Revenue": 560,
        "Gross Profit": 238,
        "Operating Income": 7,
        "EBIT": 35,
        "Net Income": -10
    },
    "2014-01-31": {
        "Diluted EPS": -0.15,
        "Total Revenue": 534,
        "Gross Profit": 226,
        "Operating Income": 3,
        "EBIT": 34,
        "Net Income": -16
    },
    "2013-10-31": {
        "Diluted EPS": -0.08,
        "Total Revenue": 583,
        "Gross Profit": 232,
        "Operating Income": 0,
        "EBIT": 30,
        "Net Income": -10
    },
    "2013-07-31": {
        "Diluted EPS": -0.01,
        "Total Revenue": 538,
        "Gross Profit": 228,
        "Operating Income": 15,
        "EBIT": 46,
        "Net Income": -1
    },
    "2013-04-30": {
        "Diluted EPS": -0.27,
        "Total Revenue": 508,
        "Gross Profit": 210,
        "Operating Income": -11,
        "EBIT": 21,
        "Net Income": -27
    },
    "2013-01-31": {
        "Diluted EPS": -0.47,
        "Total Revenue": 453,
        "Gross Profit": 196,
        "Operating Income": -6,
        "EBIT": 27,
        "Net Income": -47
    },
    "2012-10-31": {
        "Diluted EPS": -0.38,
        "Total Revenue": 466,
        "Gross Profit": 192,
        "Operating Income": -22,
        "EBIT": 12,
        "Net Income": -39
    },
    "2012-07-31": {
        "Diluted EPS": -0.3,
        "Total Revenue": 474,
        "Gross Profit": 181,
        "Operating Income": -15,
        "EBIT": 17,
        "Net Income": -30
    },
    "2012-04-30": {
        "Diluted EPS": -0.28,
        "Total Revenue": 478,
        "Gross Profit": 183,
        "Operating Income": -11,
        "EBIT": 21,
        "Net Income": -28
    },
    "2012-01-31": {
        "Diluted EPS": -0.49,
        "Total Revenue": 417,
        "Gross Profit": 168,
        "Operating Income": -31,
        "EBIT": 3,
        "Net Income": -48
    },
    "2011-10-31": {
        "Diluted EPS": -0.21,
        "Total Revenue": 455,
        "Gross Profit": 190,
        "Operating Income": -16,
        "EBIT": 18,
        "Net Income": -22
    },
    "2011-07-31": {
        "Diluted EPS": -0.33,
        "Total Revenue": 435,
        "Gross Profit": 185,
        "Operating Income": -17,
        "EBIT": 18,
        "Net Income": -31
    },
    "2011-04-30": {
        "Diluted EPS": -0.66,
        "Total Revenue": 418,
        "Gross Profit": 166,
        "Operating Income": -56,
        "EBIT": -21,
        "Net Income": -63
    },
    "2011-01-31": {
        "Diluted EPS": -0.84,
        "Total Revenue": 433,
        "Gross Profit": 169,
        "Operating Income": -74,
        "EBIT": -22,
        "Net Income": -79
    },
    "2010-10-31": {
        "Diluted EPS": -0.85,
        "Total Revenue": 418,
        "Gross Profit": 168,
        "Operating Income": -81,
        "EBIT": -23,
        "Net Income": -80
    },
    "2010-07-31": {
        "Diluted EPS": -1.18,
        "Total Revenue": 390,
        "Gross Profit": 144,
        "Operating Income": -100,
        "EBIT": -36,
        "Net Income": -110
    },
    "2010-04-30": {
        "Diluted EPS": -0.97,
        "Total Revenue": 253,
        "Gross Profit": 105,
        "Operating Income": -91,
        "EBIT": -57,
        "Net Income": -90
    },
    "2010-01-31": {
        "Diluted EPS": -0.58,
        "Total Revenue": 176,
        "Gross Profit": 80,
        "Operating Income": -50,
        "EBIT": -36,
        "Net Income": -53
    },
    "2009-10-31": {
        "Diluted EPS": -0.28,
        "Total Revenue": 176,
        "Gross Profit": 78,
        "Operating Income": -27,
        "EBIT": -13,
        "Net Income": -27
    },
    "2009-07-31": {
        "Diluted EPS": -0.29,
        "Total Revenue": 165,
        "Gross Profit": 75,
        "Operating Income": -23,
        "EBIT": -10,
        "Net Income": -26
    },
    "2009-04-30": {
        "Diluted EPS": -5.53,
        "Total Revenue": 144,
        "Gross Profit": 61,
        "Operating Income": -503,
        "EBIT": -34,
        "Net Income": -503
    },
    "2009-01-31": {
        "Diluted EPS": -0.27,
        "Total Revenue": 167,
        "Gross Profit": 72,
        "Operating Income": -27,
        "EBIT": -14,
        "Net Income": -25
    },
    "2023-07-31": {
        "Tax Effect Of Unusual Items": -1401120.0,
        "Tax Rate For Calcs": 0.21,
        "Normalized EBITDA": 131057000.0,
        "Total Unusual Items": -6672000.0,
        "Total Unusual Items Excluding Goodwill": -6672000.0,
        "Net Income From Continuing Operation Net Minority Interest": 29733000.0,
        "Reconciled Depreciation": 35984000.0,
        "Reconciled Cost Of Revenue": 592448000.0,
        "EBITDA": 124385000.0,
        "EBIT": 88401000.0,
        "Net Interest Income": -11225000.0,
        "Interest Expense": 24060000.0,
        "Interest Income": 12835000.0,
        "Normalized Income": 35003880.0,
        "Net Income From Continuing And Discontinued Operation": 29733000.0,
        "Total Expenses": 985439000.0,
        "Total Operating Income As Reported": 78214000.0,
        "Diluted Average Shares": 149977000.0,
        "Basic Average Shares": 149690000.0,
        "Diluted EPS": 0.2,
        "Basic EPS": 0.2,
        "Diluted NI Availto Com Stockholders": 29733000.0,
        "Net Income Common Stockholders": 29733000.0,
        "Net Income": 29733000.0,
        "Net Income Including Noncontrolling Interests": 29733000.0,
        "Net Income Continuous Operations": 29733000.0,
        "Tax Provision": 34608000.0,
        "Pretax Income": 64341000.0,
        "Other Income Expense": -6881000.0,
        "Other Non Operating Income Expenses": -209000.0,
        "Special Income Charges": -4233000.0,
        "Write Off": 4174000.0,
        "Restructuring And Mergern Acquisition": 59000.0,
        "Earnings From Equity Interest": -87000.0,
        "Gain On Sale Of Security": -2439000.0,
        "Net Non Operating Interest Income Expense": -11225000.0,
        "Interest Expense Non Operating": 24060000.0,
        "Interest Income Non Operating": 12835000.0,
        "Operating Income": 82447000.0,
        "Operating Expense": 366494000.0,
        "Depreciation Amortization Depletion Income Statement": 9487000.0,
        "Depreciation And Amortization In Income Statement": 9487000.0,
        "Amortization": 9487000.0,
        "Amortization Of Intangibles Income Statement": 9487000.0,
        "Research And Development": 189392000.0,
        "Selling General And Administration": 167615000.0,
        "Selling And Marketing Expense": 118266000.0,
        "General And Administrative Expense": 49349000.0,
        "Other Gand A": 49349000.0,
        "Gross Profit": 448941000.0,
        "Cost Of Revenue": 618945000.0,
        "Total Revenue": 1067886000.0,
        "Operating Revenue": 1067886000.0
    },
    "2023-10-31": {
        "Tax Effect Of Unusual Items": -2854740.0,
        "Tax Rate For Calcs": 0.21,
        "Normalized EBITDA": 145012000.0,
        "Total Unusual Items": -13594000.0,
        "Total Unusual Items Excluding Goodwill": -13594000.0,
        "Net Income From Continuing Operation Net Minority Interest": 91199000.0,
        "Reconciled Depreciation": 36693000.0,
        "Reconciled Cost Of Revenue": 617091000.0,
        "EBITDA": 131418000.0,
        "EBIT": 94725000.0,
        "Net Interest Income": -9561000.0,
        "Interest Expense": 24207000.0,
        "Interest Income": 14646000.0,
        "Normalized Income": 101938260.0,
        "Net Income From Continuing And Discontinued Operation": 91199000.0,
        "Total Expenses": 1030976000.0,
        "Total Operating Income As Reported": 91302000.0,
        "Diluted Average Shares": 147891000.0,
        "Basic Average Shares": 147437000.0,
        "Diluted EPS": 0.62,
        "Basic EPS": 0.62,
        "Diluted NI Availto Com Stockholders": 91199000.0,
        "Net Income Common Stockholders": 91199000.0,
        "Net Income": 91199000.0,
        "Net Income Including Noncontrolling Interests": 91199000.0,
        "Net Income Continuous Operations": 91199000.0,
        "Tax Provision": -20681000.0,
        "Pretax Income": 70518000.0,
        "Other Income Expense": -18432000.0,
        "Other Non Operating Income Expenses": -4838000.0,
        "Special Income Charges": -15083000.0,
        "Write Off": 7209000.0,
        "Restructuring And Mergern Acquisition": 0.0,
        "Earnings From Equity Interest": 0.0,
        "Gain On Sale Of Security": 1489000.0,
        "Net Non Operating Interest Income Expense": -9561000.0,
        "Interest Expense Non Operating": 24207000.0,
        "Interest Income Non Operating": 14646000.0,
        "Operating Income": 98511000.0,
        "Operating Expense": 387770000.0,
        "Depreciation Amortization Depletion Income Statement": 10578000.0,
        "Depreciation And Amortization In Income Statement": 10578000.0,
        "Amortization": 10578000.0,
        "Amortization Of Intangibles Income Statement": 10578000.0,
        "Research And Development": 189444000.0,
        "Selling General And Administration": 187748000.0,
        "Selling And Marketing Expense": 123648000.0,
        "General And Administrative Expense": 64100000.0,
        "Other Gand A": 64100000.0,
        "Gross Profit": 486281000.0,
        "Cost Of Revenue": 643206000.0,
        "Total Revenue": 1129487000.0,
        "Operating Revenue": 1129487000.0
    },
    "2024-01-31": {
        "Tax Effect Of Unusual Items": -3393364.697985,
        "Tax Rate For Calcs": 0.307064,
        "Normalized EBITDA": 139154000.0,
        "Total Unusual Items": -11051000.0,
        "Total Unusual Items Excluding Goodwill": -11051000.0,
        "Net Income From Continuing Operation Net Minority Interest": 49547000.0,
        "Reconciled Depreciation": 32824000.0,
        "Reconciled Cost Of Revenue": 545175000.0,
        "EBITDA": 128103000.0,
        "EBIT": 95279000.0,
        "Net Interest Income": -8599000.0,
        "Interest Expense": 23776000.0,
        "Interest Income": 15177000.0,
        "Normalized Income": 57204635.302015,
        "Net Income From Continuing And Discontinued Operation": 49547000.0,
        "Total Expenses": 948109000.0,
        "Total Operating Income As Reported": 84629000.0,
        "Diluted Average Shares": 145848000.0,
        "Basic Average Shares": 145291000.0,
        "Diluted EPS": 0.34,
        "Basic EPS": 0.34,
        "Diluted NI Availto Com Stockholders": 49547000.0,
        "Net Income Common Stockholders": 49547000.0,
        "Net Income": 49547000.0,
        "Net Income Including Noncontrolling Interests": 49547000.0,
        "Net Income Continuous Operations": 49547000.0,
        "Tax Provision": 21956000.0,
        "Pretax Income": 71503000.0,
        "Other Income Expense": -9498000.0,
        "Other Non Operating Income Expenses": 1553000.0,
        "Special Income Charges": -4971000.0,
        "Write Off": 4971000.0,
        "Restructuring And Mergern Acquisition": 0.0,
        "Earnings From Equity Interest": 0.0,
        "Gain On Sale Of Security": -6080000.0,
        "Net Non Operating Interest Income Expense": -8599000.0,
        "Interest Expense Non Operating": 23776000.0,
        "Interest Income Non Operating": 15177000.0,
        "Operating Income": 89600000.0,
        "Operating Expense": 377362000.0,
        "Depreciation Amortization Depletion Income Statement": 7252000.0,
        "Depreciation And Amortization In Income Statement": 7252000.0,
        "Amortization": 7252000.0,
        "Amortization Of Intangibles Income Statement": 7252000.0,
        "Research And Development": 187269000.0,
        "Selling General And Administration": 182841000.0,
        "Selling And Marketing Expense": 128158000.0,
        "General And Administrative Expense": 54683000.0,
        "Other Gand A": 54683000.0,
        "Gross Profit": 466962000.0,
        "Cost Of Revenue": 570747000.0,
        "Total Revenue": 1037709000.0,
        "Operating Revenue": 1037709000.0
    },
    "2024-04-30": {
        "Tax Effect Of Unusual Items": -3607800.0,
        "Tax Rate For Calcs": 0.21,
        "Normalized EBITDA": 58930000.0,
        "Total Unusual Items": -17180000.0,
        "Total Unusual Items Excluding Goodwill": -17180000.0,
        "Net Income From Continuing Operation Net Minority Interest": -16849000.0,
        "Reconciled Depreciation": 33918000.0,
        "Reconciled Cost Of Revenue": 496194000.0,
        "EBITDA": 41750000.0,
        "EBIT": 7832000.0,
        "Net Interest Income": -8606000.0,
        "Interest Expense": 23861000.0,
        "Interest Income": 15255000.0,
        "Normalized Income": -3276800.0,
        "Net Income From Continuing And Discontinued Operation": -16849000.0,
        "Total Expenses": 899136000.0,
        "Total Operating Income As Reported": -3965000.0,
        "Diluted Average Shares": 144914000.0,
        "Basic Average Shares": 144914000.0,
        "Diluted EPS": -0.12,
        "Basic EPS": -0.12,
        "Diluted NI Availto Com Stockholders": -16849000.0,
        "Net Income Common Stockholders": -16849000.0,
        "Net Income": -16849000.0,
        "Net Income Including Noncontrolling Interests": -16849000.0,
        "Net Income Continuous Operations": -16849000.0,
        "Tax Provision": 820000.0,
        "Pretax Income": -16029000.0,
        "Other Income Expense": -19113000.0,
        "Other Non Operating Income Expenses": -1933000.0,
        "Special Income Charges": -15655000.0,
        "Write Off": 15655000.0,
        "Restructuring And Mergern Acquisition": 0.0,
        "Earnings From Equity Interest": 0.0,
        "Gain On Sale Of Security": -1525000.0,
        "Net Non Operating Interest Income Expense": -8606000.0,
        "Interest Expense Non Operating": 23861000.0,
        "Interest Income Non Operating": 15255000.0,
        "Operating Income": 11690000.0,
        "Operating Expense": 376971000.0,
        "Depreciation Amortization Depletion Income Statement": 7947000.0,
        "Depreciation And Amortization In Income Statement": 7947000.0,
        "Amortization": 7947000.0,
        "Amortization Of Intangibles Income Statement": 7947000.0,
        "Research And Development": 195380000.0,
        "Selling General And Administration": 173644000.0,
        "Selling And Marketing Expense": 124071000.0,
        "General And Administrative Expense": 49573000.0,
        "Other Gand A": 49573000.0,
        "Gross Profit": 388661000.0,
        "Cost Of Revenue": 522165000.0,
        "Total Revenue": 910826000.0,
        "Operating Revenue": 910826000.0
    },
    "2024-07-31": {
        "Tax Effect Of Unusual Items": -318717.517579,
        "Tax Rate For Calcs": 0.12993,
        "Normalized EBITDA": 76139000.0,
        "Total Unusual Items": -2453000.0,
        "Total Unusual Items Excluding Goodwill": -2453000.0,
        "Net Income From Continuing Operation Net Minority Interest": 14230000.0,
        "Reconciled Depreciation": 32930000.0,
        "Reconciled Cost Of Revenue": 512618000.0,
        "EBITDA": 73686000.0,
        "EBIT": 40756000.0,
        "Net Interest Income": -8525000.0,
        "Interest Expense": 24401000.0,
        "Interest Income": 15876000.0,
        "Normalized Income": 16364282.482421,
        "Net Income From Continuing And Discontinued Operation": 14230000.0,
        "Total Expenses": 914204000.0,
        "Total Operating Income As Reported": 26743000.0,
        "Diluted Average Shares": 145361000.0,
        "Basic Average Shares": 144394000.0,
        "Diluted EPS": 0.1,
        "Basic EPS": 0.1,
        "Diluted NI Availto Com Stockholders": 14230000.0,
        "Net Income Common Stockholders": 14230000.0,
        "Net Income": 14230000.0,
        "Net Income Including Noncontrolling Interests": 14230000.0,
        "Net Income Continuous Operations": 14230000.0,
        "Tax Provision": 2125000.0,
        "Pretax Income": 16355000.0,
        "Other Income Expense": -3224000.0,
        "Other Non Operating Income Expenses": -771000.0,
        "Special Income Charges": -1361000.0,
        "Write Off": 1361000.0,
        "Restructuring And Mergern Acquisition": 0.0,
        "Earnings From Equity Interest": NaN,
        "Gain On Sale Of Security": -1092000.0,
        "Net Non Operating Interest Income Expense": -8525000.0,
        "Interest Expense Non Operating": 24401000.0,
        "Interest Income Non Operating": 15876000.0,
        "Operating Income": 28104000.0,
        "Operating Expense": 375841000.0,
        "Depreciation Amortization Depletion Income Statement": 7185000.0,
        "Depreciation And Amortization In Income Statement": 7185000.0,
        "Amortization": 7185000.0,
        "Amortization Of Intangibles Income Statement": 7185000.0,
        "Research And Development": 188888000.0,
        "Selling General And Administration": 179768000.0,
        "Selling And Marketing Expense": 121520000.0,
        "General And Administrative Expense": 58248000.0,
        "Other Gand A": 58248000.0,
        "Gross Profit": 403945000.0,
        "Cost Of Revenue": 538363000.0,
        "Total Revenue": 942308000.0,
        "Operating Revenue": 942308000.0
    }
}