{
    "2023-03-31": {
        "Tax Effect Of Unusual Items": NaN,
        "Tax Rate For Calcs": NaN,
        "Normalized EBITDA": NaN,
        "Total Unusual Items": NaN,
        "Total Unusual Items Excluding Goodwill": NaN,
        "Net Income From Continuing Operation Net Minority Interest": NaN,
        "Reconciled Depreciation": NaN,
        "Reconciled Cost Of Revenue": NaN,
        "EBITDA": NaN,
        "EBIT": NaN,
        "Net Interest Income": NaN,
        "Interest Expense": NaN,
        "Normalized Income": NaN,
        "Net Income From Continuing And Discontinued Operation": NaN,
        "Total Expenses": NaN,
        "Total Operating Income As Reported": NaN,
        "Diluted Average Shares": NaN,
        "Basic Average Shares": NaN,
        "Diluted EPS": NaN,
        "Basic EPS": NaN,
        "Diluted NI Availto Com Stockholders": NaN,
        "Net Income Common Stockholders": NaN,
        "Net Income": NaN,
        "Minority Interests": NaN,
        "Net Income Including Noncontrolling Interests": NaN,
        "Net Income Continuous Operations": NaN,
        "Tax Provision": NaN,
        "Pretax Income": NaN,
        "Other Income Expense": NaN,
        "Other Non Operating Income Expenses": NaN,
        "Special Income Charges": NaN,
        "Gain On Sale Of Business": 0.0,
        "Restructuring And Mergern Acquisition": NaN,
        "Earnings From Equity Interest": NaN,
        "Net Non Operating Interest Income Expense": NaN,
        "Interest Expense Non Operating": NaN,
        "Operating Income": NaN,
        "Operating Expense": NaN,
        "Depreciation Amortization Depletion Income Statement": NaN,
        "Depreciation And Amortization In Income Statement": NaN,
        "Amortization": NaN,
        "Amortization Of Intangibles Income Statement": NaN,
        "Depreciation Income Statement": NaN,
        "Selling General And Administration": NaN,
        "Gross Profit": NaN,
        "Cost Of Revenue": NaN,
        "Total Revenue": NaN,
        "Operating Revenue": NaN
    },
    "2022-12-31": {
        "Tax Effect Of Unusual Items": NaN,
        "Tax Rate For Calcs": NaN,
        "Normalized EBITDA": NaN,
        "Total Unusual Items": NaN,
        "Total Unusual Items Excluding Goodwill": NaN,
        "Net Income From Continuing Operation Net Minority Interest": NaN,
        "Reconciled Depreciation": NaN,
        "Reconciled Cost Of Revenue": NaN,
        "EBITDA": NaN,
        "EBIT": NaN,
        "Net Interest Income": NaN,
        "Interest Expense": NaN,
        "Normalized Income": NaN,
        "Net Income From Continuing And Discontinued Operation": NaN,
        "Total Expenses": NaN,
        "Total Operating Income As Reported": NaN,
        "Diluted Average Shares": NaN,
        "Basic Average Shares": NaN,
        "Diluted EPS": NaN,
        "Basic EPS": NaN,
        "Diluted NI Availto Com Stockholders": NaN,
        "Net Income Common Stockholders": NaN,
        "Net Income": NaN,
        "Minority Interests": NaN,
        "Net Income Including Noncontrolling Interests": NaN,
        "Net Income Continuous Operations": NaN,
        "Tax Provision": NaN,
        "Pretax Income": NaN,
        "Other Income Expense": NaN,
        "Other Non Operating Income Expenses": NaN,
        "Special Income Charges": NaN,
        "Gain On Sale Of Business": 524000.0,
        "Restructuring And Mergern Acquisition": NaN,
        "Earnings From Equity Interest": NaN,
        "Net Non Operating Interest Income Expense": NaN,
        "Interest Expense Non Operating": NaN,
        "Operating Income": NaN,
        "Operating Expense": NaN,
        "Depreciation Amortization Depletion Income Statement": NaN,
        "Depreciation And Amortization In Income Statement": NaN,
        "Amortization": NaN,
        "Amortization Of Intangibles Income Statement": NaN,
        "Depreciation Income Statement": NaN,
        "Selling General And Administration": NaN,
        "Gross Profit": NaN,
        "Cost Of Revenue": NaN,
        "Total Revenue": NaN,
        "Operating Revenue": NaN
    },
    "2022-09-30": {
        "Tax Effect Of Unusual Items": NaN,
        "Tax Rate For Calcs": NaN,
        "Normalized EBITDA": NaN,
        "Total Unusual Items": NaN,
        "Total Unusual Items Excluding Goodwill": NaN,
        "Net Income From Continuing Operation Net Minority Interest": NaN,
        "Reconciled Depreciation": NaN,
        "Reconciled Cost Of Revenue": NaN,
        "EBITDA": NaN,
        "EBIT": NaN,
        "Net Interest Income": NaN,
        "Interest Expense": NaN,
        "Normalized Income": NaN,
        "Net Income From Continuing And Discontinued Operation": NaN,
        "Total Expenses": NaN,
        "Total Operating Income As Reported": NaN,
        "Diluted Average Shares": NaN,
        "Basic Average Shares": NaN,
        "Diluted EPS": NaN,
        "Basic EPS": NaN,
        "Diluted NI Availto Com Stockholders": NaN,
        "Net Income Common Stockholders": NaN,
        "Net Income": NaN,
        "Minority Interests": NaN,
        "Net Income Including Noncontrolling Interests": NaN,
        "Net Income Continuous Operations": NaN,
        "Tax Provision": NaN,
        "Pretax Income": NaN,
        "Other Income Expense": NaN,
        "Other Non Operating Income Expenses": NaN,
        "Special Income Charges": NaN,
        "Gain On Sale Of Ppe": -318000.0,
        "Gain On Sale Of Business": NaN,
        "Restructuring And Mergern Acquisition": NaN,
        "Earnings From Equity Interest": NaN,
        "Net Non Operating Interest Income Expense": NaN,
        "Interest Expense Non Operating": NaN,
        "Operating Income": NaN,
        "Operating Expense": NaN,
        "Depreciation Amortization Depletion Income Statement": NaN,
        "Depreciation And Amortization In Income Statement": NaN,
        "Amortization": NaN,
        "Amortization Of Intangibles Income Statement": NaN,
        "Depreciation Income Statement": NaN,
        "Selling General And Administration": NaN,
        "Gross Profit": NaN,
        "Cost Of Revenue": NaN,
        "Total Revenue": NaN,
        "Operating Revenue": NaN
    },
    "2022-06-30": {
        "Tax Effect Of Unusual Items": -3094500.0,
        "Tax Rate For Calcs": 0.3,
        "Normalized EBITDA": 159324000.0,
        "Total Unusual Items": -10315000.0,
        "Total Unusual Items Excluding Goodwill": -10315000.0,
        "Net Income From Continuing Operation Net Minority Interest": 30361000.0,
        "Reconciled Depreciation": 44097000.0,
        "Reconciled Cost Of Revenue": 703302000.0,
        "EBITDA": 149009000.0,
        "EBIT": 104912000.0,
        "Net Interest Income": -9571000.0,
        "Interest Expense": 9571000.0,
        "Normalized Income": 37581500.0,
        "Net Income From Continuing And Discontinued Operation": 30361000.0,
        "Total Expenses": 1013681000.0,
        "Total Operating Income As Reported": 103850000.0,
        "Diluted Average Shares": 47804000.0,
        "Basic Average Shares": 43336000.0,
        "Diluted EPS": 0.67,
        "Basic EPS": 0.7,
        "Diluted NI Availto Com Stockholders": 32052000.0,
        "Average Dilution Earnings": 1691000.0,
        "Net Income Common Stockholders": 30361000.0,
        "Net Income": 30361000.0,
        "Minority Interests": -36370000.0,
        "Net Income Including Noncontrolling Interests": 66731000.0,
        "Net Income Continuous Operations": 66731000.0,
        "Tax Provision": 28610000.0,
        "Pretax Income": 95341000.0,
        "Other Income Expense": -9253000.0,
        "Other Non Operating Income Expenses": 156000.0,
        "Special Income Charges": -10315000.0,
        "Gain On Sale Of Ppe": -950000.0,
        "Gain On Sale Of Business": -950000.0,
        "Restructuring And Mergern Acquisition": 9365000.0,
        "Earnings From Equity Interest": 906000.0,
        "Net Non Operating Interest Income Expense": -9571000.0,
        "Interest Expense Non Operating": 9571000.0,
        "Operating Income": 114165000.0,
        "Operating Expense": 310379000.0,
        "Depreciation Amortization Depletion Income Statement": 44097000.0,
        "Depreciation And Amortization In Income Statement": 44097000.0,
        "Amortization": 32279000.0,
        "Amortization Of Intangibles Income Statement": 32279000.0,
        "Depreciation Income Statement": 11818000.0,
        "Selling General And Administration": 266282000.0,
        "Gross Profit": 424544000.0,
        "Cost Of Revenue": 703302000.0,
        "Total Revenue": 1127846000.0,
        "Operating Revenue": 1127846000.0
    },
    "2023-06-30": {
        "Tax Effect Of Unusual Items": NaN,
        "Tax Rate For Calcs": NaN,
        "Normalized EBITDA": NaN,
        "Total Unusual Items": NaN,
        "Total Unusual Items Excluding Goodwill": NaN,
        "Net Income From Continuing Operation Net Minority Interest": NaN,
        "Reconciled Depreciation": NaN,
        "Reconciled Cost Of Revenue": NaN,
        "EBITDA": NaN,
        "EBIT": NaN,
        "Net Interest Income": NaN,
        "Interest Expense": NaN,
        "Normalized Income": NaN,
        "Net Income From Continuing And Discontinued Operation": NaN,
        "Total Expenses": NaN,
        "Total Operating Income As Reported": NaN,
        "Diluted Average Shares": NaN,
        "Basic Average Shares": NaN,
        "Diluted EPS": NaN,
        "Basic EPS": NaN,
        "Diluted NI Availto Com Stockholders": NaN,
        "Average Dilution Earnings": -476000.0,
        "Net Income Common Stockholders": NaN,
        "Net Income": NaN,
        "Minority Interests": NaN,
        "Net Income Including Noncontrolling Interests": NaN,
        "Net Income Continuous Operations": NaN,
        "Tax Provision": NaN,
        "Pretax Income": NaN,
        "Other Income Expense": NaN,
        "Other Non Operating Income Expenses": NaN,
        "Special Income Charges": NaN,
        "Gain On Sale Of Business": -2282000.0,
        "Restructuring And Mergern Acquisition": NaN,
        "Earnings From Equity Interest": NaN,
        "Net Non Operating Interest Income Expense": NaN,
        "Interest Expense Non Operating": NaN,
        "Operating Income": NaN,
        "Operating Expense": NaN,
        "Depreciation Amortization Depletion Income Statement": NaN,
        "Depreciation And Amortization In Income Statement": NaN,
        "Amortization": NaN,
        "Amortization Of Intangibles Income Statement": NaN,
        "Depreciation Income Statement": NaN,
        "Selling General And Administration": NaN,
        "Gross Profit": NaN,
        "Cost Of Revenue": NaN,
        "Total Revenue": NaN,
        "Operating Revenue": NaN
    },
    "2022-03-31": {
        "Diluted EPS": -0.42,
        "Total Revenue": NaN,
        "Gross Profit": 369,
        "Operating Income": 41,
        "EBIT": 77,
        "Net Income": -19
    },
    "2021-12-31": {
        "Diluted EPS": 0.93,
        "Total Revenue": NaN,
        "Gross Profit": 515,
        "Operating Income": 138,
        "EBIT": 177,
        "Net Income": 43
    },
    "2021-09-30": {
        "Diluted EPS": 0.4,
        "Total Revenue": NaN,
        "Gross Profit": 378,
        "Operating Income": 76,
        "EBIT": 111,
        "Net Income": 18
    },
    "2021-06-30": {
        "Diluted EPS": -10.53,
        "Total Revenue": 946,
        "Gross Profit": 369,
        "Operating Income": -386,
        "EBIT": -351,
        "Net Income": -456
    },
    "2021-03-31": {
        "Diluted EPS": 0.11,
        "Total Revenue": 775,
        "Gross Profit": 307,
        "Operating Income": 40,
        "EBIT": 78,
        "Net Income": 4
    },
    "2020-12-31": {
        "Diluted EPS": 0.85,
        "Total Revenue": 914,
        "Gross Profit": 371,
        "Operating Income": 79,
        "EBIT": 118,
        "Net Income": 34
    },
    "2020-09-30": {
        "Diluted EPS": 0.52,
        "Total Revenue": 692,
        "Gross Profit": 266,
        "Operating Income": 52,
        "EBIT": 88,
        "Net Income": 21
    },
    "2020-06-30": {
        "Diluted EPS": -0.26,
        "Total Revenue": 550,
        "Gross Profit": 195,
        "Operating Income": 15,
        "EBIT": 40,
        "Net Income": -10
    },
    "2020-03-31": {
        "Diluted EPS": 0.11,
        "Total Revenue": 631,
        "Gross Profit": 214,
        "Operating Income": 19,
        "EBIT": 43,
        "Net Income": 5
    },
    "2019-12-31": {
        "Diluted EPS": 1.19,
        "Total Revenue": 928,
        "Gross Profit": 352,
        "Operating Income": 99,
        "EBIT": 125,
        "Net Income": 48
    },
    "2019-09-30": {
        "Diluted EPS": 0.74,
        "Total Revenue": 737,
        "Gross Profit": 260,
        "Operating Income": 48,
        "EBIT": 71,
        "Net Income": 30
    },
    "2019-06-30": {
        "Diluted EPS": 0.6,
        "Total Revenue": 746,
        "Gross Profit": 261,
        "Operating Income": 57,
        "EBIT": 81,
        "Net Income": 24
    },
    "2019-03-31": {
        "Diluted EPS": 0.04,
        "Total Revenue": 635,
        "Gross Profit": 214,
        "Operating Income": 13,
        "EBIT": 36,
        "Net Income": 1
    },
    "2018-12-31": {
        "Diluted EPS": 1.31,
        "Total Revenue": 890,
        "Gross Profit": 337,
        "Operating Income": 98,
        "EBIT": 122,
        "Net Income": 53
    },
    "2018-09-30": {
        "Diluted EPS": 0.41,
        "Total Revenue": 716,
        "Gross Profit": 244,
        "Operating Income": 42,
        "EBIT": 65,
        "Net Income": 16
    },
    "2018-06-30": {
        "Diluted EPS": 0.6,
        "Total Revenue": 667,
        "Gross Profit": 237,
        "Operating Income": 46,
        "EBIT": 62,
        "Net Income": 24
    },
    "2018-03-31": {
        "Diluted EPS": 0.13,
        "Total Revenue": 552,
        "Gross Profit": 190,
        "Operating Income": 16,
        "EBIT": 32,
        "Net Income": 5
    },
    "2017-12-31": {
        "Diluted EPS": 0.82,
        "Total Revenue": 764,
        "Gross Profit": 267,
        "Operating Income": 79,
        "EBIT": 92,
        "Net Income": 32
    },
    "2017-09-30": {
        "Diluted EPS": 0.16,
        "Total Revenue": 619,
        "Gross Profit": 205,
        "Operating Income": 34,
        "EBIT": 47,
        "Net Income": 6
    },
    "2017-06-30": {
        "Diluted EPS": 0.29,
        "Total Revenue": 586,
        "Gross Profit": 211,
        "Operating Income": 41,
        "EBIT": 56,
        "Net Income": 11
    },
    "2017-03-31": {
        "Diluted EPS": 0.04,
        "Total Revenue": 466,
        "Gross Profit": 166,
        "Operating Income": 13,
        "EBIT": 25,
        "Net Income": 1
    },
    "2016-12-31": {
        "Diluted EPS": 1.15,
        "Total Revenue": 576,
        "Gross Profit": 229,
        "Operating Income": 76,
        "EBIT": 88,
        "Net Income": 44
    },
    "2016-09-30": {
        "Diluted EPS": 0.24,
        "Total Revenue": 462,
        "Gross Profit": 161,
        "Operating Income": 24,
        "EBIT": 35,
        "Net Income": 10
    },
    "2016-06-30": {
        "Diluted EPS": 0.55,
        "Total Revenue": 483,
        "Gross Profit": 188,
        "Operating Income": 38,
        "EBIT": 48,
        "Net Income": 21
    },
    "2016-03-31": {
        "Diluted EPS": -0.19,
        "Total Revenue": 376,
        "Gross Profit": 139,
        "Operating Income": 9,
        "EBIT": 20,
        "Net Income": -7
    },
    "2015-12-31": {
        "Diluted EPS": 0.92,
        "Total Revenue": 556,
        "Gross Profit": 225,
        "Operating Income": 65,
        "EBIT": 76,
        "Net Income": 36
    },
    "2015-09-30": {
        "Diluted EPS": 0.2,
        "Total Revenue": 420,
        "Gross Profit": 155,
        "Operating Income": 30,
        "EBIT": 40,
        "Net Income": 8
    },
    "2015-06-30": {
        "Diluted EPS": -0.71,
        "Total Revenue": 410,
        "Gross Profit": 170,
        "Operating Income": -17,
        "EBIT": -7,
        "Net Income": -26
    },
    "2015-03-31": {
        "Diluted EPS": 0.17,
        "Total Revenue": 336,
        "Gross Profit": 128,
        "Operating Income": 2,
        "EBIT": 11,
        "Net Income": 6
    },
    "2014-12-31": {
        "Diluted EPS": 0.46,
        "Total Revenue": 824,
        "Gross Profit": NaN,
        "Operating Income": NaN,
        "EBIT": NaN,
        "Net Income": 17
    },
    "2014-09-30": {
        "Diluted EPS": 0.46,
        "Total Revenue": 685,
        "Gross Profit": 239,
        "Operating Income": 43,
        "EBIT": 57,
        "Net Income": 17
    },
    "2014-06-30": {
        "Diluted EPS": 0.21,
        "Total Revenue": 661,
        "Gross Profit": 242,
        "Operating Income": 40,
        "EBIT": 56,
        "Net Income": 8
    },
    "2014-03-31": {
        "Diluted EPS": -0.16,
        "Total Revenue": 548,
        "Gross Profit": 185,
        "Operating Income": 5,
        "EBIT": 19,
        "Net Income": -6
    },
    "2013-12-31": {
        "Diluted EPS": 0.03,
        "Total Revenue": 692,
        "Gross Profit": NaN,
        "Operating Income": NaN,
        "EBIT": NaN,
        "Net Income": 1
    },
    "2013-09-30": {
        "Diluted EPS": 0.03,
        "Total Revenue": 608,
        "Gross Profit": 211,
        "Operating Income": 36,
        "EBIT": 54,
        "Net Income": 1
    },
    "2013-06-30": {
        "Diluted EPS": -0.21,
        "Total Revenue": 602,
        "Gross Profit": 210,
        "Operating Income": 15,
        "EBIT": 45,
        "Net Income": -6
    },
    "2013-03-31": {
        "Diluted EPS": -0.55,
        "Total Revenue": 498,
        "Gross Profit": 158,
        "Operating Income": -5,
        "EBIT": 8,
        "Net Income": -14
    },
    "2012-12-31": {
        "Diluted EPS": 0.14,
        "Total Revenue": 633,
        "Gross Profit": 222,
        "Operating Income": 34,
        "EBIT": 50,
        "Net Income": 7
    },
    "2012-09-30": {
        "Diluted EPS": 0.0,
        "Total Revenue": 590,
        "Gross Profit": 200,
        "Operating Income": 35,
        "EBIT": 48,
        "Net Income": 2
    },
    "2012-06-30": {
        "Diluted EPS": 0.28,
        "Total Revenue": 593,
        "Gross Profit": 206,
        "Operating Income": 28,
        "EBIT": 41,
        "Net Income": 11
    },
    "2012-03-31": {
        "Diluted EPS": -0.55,
        "Total Revenue": 490,
        "Gross Profit": 159,
        "Operating Income": -3,
        "EBIT": 10,
        "Net Income": -14
    },
    "2011-12-31": {
        "Diluted EPS": 2.01,
        "Total Revenue": 595,
        "Gross Profit": 211,
        "Operating Income": 31,
        "EBIT": 43,
        "Net Income": 68
    },
    "2011-09-30": {
        "Diluted EPS": 0.17,
        "Total Revenue": 585,
        "Gross Profit": 204,
        "Operating Income": 34,
        "EBIT": 47,
        "Net Income": 8
    },
    "2011-06-30": {
        "Diluted EPS": 0.11,
        "Total Revenue": 565,
        "Gross Profit": 210,
        "Operating Income": 29,
        "EBIT": 42,
        "Net Income": 6
    },
    "2011-03-31": {
        "Diluted EPS": -0.33,
        "Total Revenue": 478,
        "Gross Profit": 178,
        "Operating Income": 10,
        "EBIT": 22,
        "Net Income": -7
    },
    "2010-12-31": {
        "Diluted EPS": -0.12,
        "Total Revenue": 552,
        "Gross Profit": 221,
        "Operating Income": 24,
        "EBIT": 36,
        "Net Income": -1
    },
    "2010-09-30": {
        "Diluted EPS": 0.18,
        "Total Revenue": 530,
        "Gross Profit": 198,
        "Operating Income": 33,
        "EBIT": 45,
        "Net Income": 8
    },
    "2010-06-30": {
        "Diluted EPS": 0.08,
        "Total Revenue": 501,
        "Gross Profit": 192,
        "Operating Income": 32,
        "EBIT": 44,
        "Net Income": 5
    },
    "2010-03-31": {
        "Diluted EPS": -0.02,
        "Total Revenue": 402,
        "Gross Profit": 154,
        "Operating Income": 8,
        "EBIT": 19,
        "Net Income": 2
    },
    "2009-12-31": {
        "Diluted EPS": -0.32,
        "Total Revenue": 466,
        "Gross Profit": 166,
        "Operating Income": 19,
        "EBIT": 30,
        "Net Income": -7
    },
    "2009-09-30": {
        "Diluted EPS": 0.16,
        "Total Revenue": 451,
        "Gross Profit": 176,
        "Operating Income": 28,
        "EBIT": 40,
        "Net Income": 7
    },
    "2009-06-30": {
        "Diluted EPS": -0.07,
        "Total Revenue": 425,
        "Gross Profit": 166,
        "Operating Income": 25,
        "EBIT": 37,
        "Net Income": 1
    },
    "2009-03-31": {
        "Diluted EPS": -1.65,
        "Total Revenue": 361,
        "Gross Profit": 133,
        "Operating Income": -5,
        "EBIT": 8,
        "Net Income": -46
    },
    "2023-09-30": {
        "Tax Effect Of Unusual Items": -5854446.0,
        "Tax Rate For Calcs": 0.381,
        "Normalized EBITDA": 138229000.0,
        "Total Unusual Items": -15366000.0,
        "Total Unusual Items Excluding Goodwill": -15366000.0,
        "Net Income From Continuing Operation Net Minority Interest": 25113000.0,
        "Reconciled Depreciation": 51163000.0,
        "Reconciled Cost Of Revenue": 638659000.0,
        "EBITDA": 122863000.0,
        "EBIT": 71700000.0,
        "Net Interest Income": -24228000.0,
        "Interest Expense": 24228000.0,
        "Normalized Income": 34624554.0,
        "Net Income From Continuing And Discontinued Operation": 25113000.0,
        "Total Expenses": 969767000.0,
        "Total Operating Income As Reported": 70899000.0,
        "Diluted Average Shares": 47549000.0,
        "Basic Average Shares": 47206000.0,
        "Diluted EPS": 0.53,
        "Basic EPS": 0.53,
        "Diluted NI Availto Com Stockholders": 25113000.0,
        "Average Dilution Earnings": 0.0,
        "Net Income Common Stockholders": 25113000.0,
        "Net Income": 25113000.0,
        "Minority Interests": -4263000.0,
        "Net Income Including Noncontrolling Interests": 29376000.0,
        "Net Income Continuous Operations": 29376000.0,
        "Tax Provision": 18096000.0,
        "Pretax Income": 47472000.0,
        "Other Income Expense": -14565000.0,
        "Other Non Operating Income Expenses": 116000.0,
        "Special Income Charges": -15366000.0,
        "Gain On Sale Of Business": 0.0,
        "Restructuring And Mergern Acquisition": 15366000.0,
        "Earnings From Equity Interest": 685000.0,
        "Net Non Operating Interest Income Expense": -24228000.0,
        "Interest Expense Non Operating": 24228000.0,
        "Operating Income": 86265000.0,
        "Operating Expense": 331108000.0,
        "Depreciation Amortization Depletion Income Statement": 51163000.0,
        "Depreciation And Amortization In Income Statement": 51163000.0,
        "Amortization": 37486000.0,
        "Amortization Of Intangibles Income Statement": 37486000.0,
        "Depreciation Income Statement": 13677000.0,
        "Selling General And Administration": 279945000.0,
        "Gross Profit": 417373000.0,
        "Cost Of Revenue": 638659000.0,
        "Total Revenue": 1056032000.0,
        "Operating Revenue": 1056032000.0
    },
    "2023-12-31": {
        "Tax Effect Of Unusual Items": 1726817.248977,
        "Tax Rate For Calcs": 0.269562,
        "Normalized EBITDA": 178223000.0,
        "Total Unusual Items": 6406000.0,
        "Total Unusual Items Excluding Goodwill": 6406000.0,
        "Net Income From Continuing Operation Net Minority Interest": 67433000.0,
        "Reconciled Depreciation": 51087000.0,
        "Reconciled Cost Of Revenue": 731254000.0,
        "EBITDA": 184629000.0,
        "EBIT": 133542000.0,
        "Net Interest Income": -22347000.0,
        "Interest Expense": 22347000.0,
        "Normalized Income": 62753817.248977,
        "Net Income From Continuing And Discontinued Operation": 67433000.0,
        "Total Expenses": 1108944000.0,
        "Total Operating Income As Reported": 132630000.0,
        "Diluted Average Shares": 47582000.0,
        "Basic Average Shares": 47333000.0,
        "Diluted EPS": 1.42,
        "Basic EPS": 1.42,
        "Diluted NI Availto Com Stockholders": 67433000.0,
        "Average Dilution Earnings": 0.0,
        "Net Income Common Stockholders": 67433000.0,
        "Net Income": 67433000.0,
        "Minority Interests": -13788000.0,
        "Net Income Including Noncontrolling Interests": 81221000.0,
        "Net Income Continuous Operations": 81221000.0,
        "Tax Provision": 29974000.0,
        "Pretax Income": 111195000.0,
        "Other Income Expense": 7318000.0,
        "Other Non Operating Income Expenses": 205000.0,
        "Special Income Charges": 6406000.0,
        "Gain On Sale Of Business": 0.0,
        "Restructuring And Mergern Acquisition": -6406000.0,
        "Earnings From Equity Interest": 707000.0,
        "Net Non Operating Interest Income Expense": -22347000.0,
        "Interest Expense Non Operating": 22347000.0,
        "Operating Income": 126224000.0,
        "Operating Expense": 377690000.0,
        "Depreciation Amortization Depletion Income Statement": 51087000.0,
        "Depreciation And Amortization In Income Statement": 51087000.0,
        "Amortization": 36269000.0,
        "Amortization Of Intangibles Income Statement": 36269000.0,
        "Depreciation Income Statement": 14818000.0,
        "Selling General And Administration": 326603000.0,
        "Gross Profit": 503914000.0,
        "Cost Of Revenue": 731254000.0,
        "Total Revenue": 1235168000.0,
        "Operating Revenue": 1235168000.0
    },
    "2024-03-31": {
        "Tax Effect Of Unusual Items": -291000.0,
        "Tax Rate For Calcs": 0.15,
        "Normalized EBITDA": 96426000.0,
        "Total Unusual Items": -1940000.0,
        "Total Unusual Items Excluding Goodwill": -1940000.0,
        "Net Income From Continuing Operation Net Minority Interest": 12657000.0,
        "Reconciled Depreciation": 50508000.0,
        "Reconciled Cost Of Revenue": 606245000.0,
        "EBITDA": 94486000.0,
        "EBIT": 43978000.0,
        "Net Interest Income": -19872000.0,
        "Interest Expense": 19872000.0,
        "Normalized Income": 14306000.0,
        "Net Income From Continuing And Discontinued Operation": 12657000.0,
        "Total Expenses": 956713000.0,
        "Total Operating Income As Reported": 43327000.0,
        "Diluted Average Shares": 48845000.0,
        "Basic Average Shares": 48498000.0,
        "Diluted EPS": 0.26,
        "Basic EPS": 0.26,
        "Diluted NI Availto Com Stockholders": 12657000.0,
        "Average Dilution Earnings": 0.0,
        "Net Income Common Stockholders": 12657000.0,
        "Net Income": 12657000.0,
        "Minority Interests": -1479000.0,
        "Net Income Including Noncontrolling Interests": 14136000.0,
        "Net Income Continuous Operations": 14136000.0,
        "Tax Provision": 9970000.0,
        "Pretax Income": 24106000.0,
        "Other Income Expense": -1289000.0,
        "Other Non Operating Income Expenses": 215000.0,
        "Special Income Charges": -1940000.0,
        "Gain On Sale Of Business": NaN,
        "Restructuring And Mergern Acquisition": 1940000.0,
        "Earnings From Equity Interest": 436000.0,
        "Net Non Operating Interest Income Expense": -19872000.0,
        "Interest Expense Non Operating": 19872000.0,
        "Operating Income": 45267000.0,
        "Operating Expense": 350468000.0,
        "Depreciation Amortization Depletion Income Statement": 50508000.0,
        "Depreciation And Amortization In Income Statement": 50508000.0,
        "Amortization": 35086000.0,
        "Amortization Of Intangibles Income Statement": 35086000.0,
        "Depreciation Income Statement": 15422000.0,
        "Selling General And Administration": 299960000.0,
        "Gross Profit": 395735000.0,
        "Cost Of Revenue": 606245000.0,
        "Total Revenue": 1001980000.0,
        "Operating Revenue": 975764000.0
    },
    "2024-06-30": {
        "Tax Effect Of Unusual Items": 3850913.0,
        "Tax Rate For Calcs": 0.253,
        "Normalized EBITDA": 150304000.0,
        "Total Unusual Items": 15221000.0,
        "Total Unusual Items Excluding Goodwill": 15221000.0,
        "Net Income From Continuing Operation Net Minority Interest": 36724000.0,
        "Reconciled Depreciation": 49845000.0,
        "Reconciled Cost Of Revenue": 687062000.0,
        "EBITDA": 165525000.0,
        "EBIT": 115680000.0,
        "Net Interest Income": -19376000.0,
        "Interest Expense": 19376000.0,
        "Normalized Income": 25353913.0,
        "Net Income From Continuing And Discontinued Operation": 36724000.0,
        "Total Expenses": 1039841000.0,
        "Total Operating Income As Reported": 114748000.0,
        "Diluted Average Shares": 50479000.0,
        "Basic Average Shares": 50239000.0,
        "Diluted EPS": 0.73,
        "Basic EPS": 0.73,
        "Diluted NI Availto Com Stockholders": 36724000.0,
        "Average Dilution Earnings": 0.0,
        "Net Income Common Stockholders": 36724000.0,
        "Net Income": 36724000.0,
        "Minority Interests": -35203000.0,
        "Net Income Including Noncontrolling Interests": 71927000.0,
        "Net Income Continuous Operations": 71927000.0,
        "Tax Provision": 24377000.0,
        "Pretax Income": 96304000.0,
        "Other Income Expense": 16153000.0,
        "Other Non Operating Income Expenses": 136000.0,
        "Special Income Charges": 15221000.0,
        "Gain On Sale Of Business": 0.0,
        "Restructuring And Mergern Acquisition": -15221000.0,
        "Earnings From Equity Interest": 796000.0,
        "Net Non Operating Interest Income Expense": -19376000.0,
        "Interest Expense Non Operating": 19376000.0,
        "Operating Income": 99527000.0,
        "Operating Expense": 352779000.0,
        "Depreciation Amortization Depletion Income Statement": 49845000.0,
        "Depreciation And Amortization In Income Statement": 49845000.0,
        "Amortization": 34385000.0,
        "Amortization Of Intangibles Income Statement": 34385000.0,
        "Depreciation Income Statement": 15460000.0,
        "Selling General And Administration": 302934000.0,
        "Gross Profit": 452306000.0,
        "Cost Of Revenue": 687062000.0,
        "Total Revenue": 1139368000.0,
        "Operating Revenue": 1139368000.0
    },
    "2024-09-30": {
        "Tax Effect Of Unusual Items": 4886783.057851,
        "Tax Rate For Calcs": 0.233471,
        "Normalized EBITDA": 149000000.0,
        "Total Unusual Items": 20931000.0,
        "Total Unusual Items Excluding Goodwill": 20931000.0,
        "Net Income From Continuing Operation Net Minority Interest": 37227000.0,
        "Reconciled Depreciation": 56073000.0,
        "Reconciled Cost Of Revenue": 712044000.0,
        "EBITDA": 169931000.0,
        "EBIT": 113858000.0,
        "Net Interest Income": -23350000.0,
        "Interest Expense": 23350000.0,
        "Normalized Income": 21182783.057851,
        "Net Income From Continuing And Discontinued Operation": 37227000.0,
        "Total Expenses": 1090253000.0,
        "Total Operating Income As Reported": 109737000.0,
        "Diluted Average Shares": 50797000.0,
        "Basic Average Shares": 50320000.0,
        "Diluted EPS": 0.73,
        "Basic EPS": 0.74,
        "Diluted NI Availto Com Stockholders": 37227000.0,
        "Average Dilution Earnings": NaN,
        "Net Income Common Stockholders": 37227000.0,
        "Net Income": 37227000.0,
        "Minority Interests": -32150000.0,
        "Net Income Including Noncontrolling Interests": 69377000.0,
        "Net Income Continuous Operations": 69377000.0,
        "Tax Provision": 21131000.0,
        "Pretax Income": 90508000.0,
        "Other Income Expense": 25052000.0,
        "Other Non Operating Income Expenses": 113000.0,
        "Special Income Charges": 20931000.0,
        "Gain On Sale Of Business": 0.0,
        "Restructuring And Mergern Acquisition": -20931000.0,
        "Earnings From Equity Interest": 4008000.0,
        "Net Non Operating Interest Income Expense": -23350000.0,
        "Interest Expense Non Operating": 23350000.0,
        "Operating Income": 88806000.0,
        "Operating Expense": 378209000.0,
        "Depreciation Amortization Depletion Income Statement": 56073000.0,
        "Depreciation And Amortization In Income Statement": 56073000.0,
        "Amortization": 38226000.0,
        "Amortization Of Intangibles Income Statement": 38226000.0,
        "Depreciation Income Statement": 17847000.0,
        "Selling General And Administration": 322136000.0,
        "Gross Profit": 467015000.0,
        "Cost Of Revenue": 712044000.0,
        "Total Revenue": 1179059000.0,
        "Operating Revenue": 1178961000.0
    }
}