{
    "2023-06-30": {
        "Tax Effect Of Unusual Items": 0.0,
        "Tax Rate For Calcs": 0.143,
        "Net Income From Continuing Operation Net Minority Interest": 10034000.0,
        "Reconciled Depreciation": 399000.0,
        "Net Interest Income": 31339000.0,
        "Interest Expense": 11996000.0,
        "Interest Income": 43335000.0,
        "Normalized Income": 10034000.0,
        "Net Income From Continuing And Discontinued Operation": 10034000.0,
        "Diluted Average Shares": 15187097.0,
        "Basic Average Shares": 15187097.0,
        "Diluted EPS": 0.64,
        "Basic EPS": 0.64,
        "Diluted NI Availto Com Stockholders": 9660000.0,
        "Net Income Common Stockholders": 9660000.0,
        "Otherunder Preferred Stock Dividend": 374000.0,
        "Net Income": 10034000.0,
        "Net Income Including Noncontrolling Interests": 10034000.0,
        "Net Income Continuous Operations": 10034000.0,
        "Tax Provision": 1680000.0,
        "Pretax Income": 11714000.0,
        "Gain On Sale Of Security": -170000.0,
        "Depreciation Amortization Depletion Income Statement": 399000.0,
        "Depreciation And Amortization In Income Statement": 399000.0,
        "Amortization": 399000.0,
        "Amortization Of Intangibles Income Statement": 399000.0,
        "Selling General And Administration": 15518000.0,
        "Selling And Marketing Expense": 540000.0,
        "General And Administrative Expense": 14978000.0,
        "Other Gand A": NaN,
        "Insurance And Claims": 529000.0,
        "Salaries And Wages": 14978000.0,
        "Total Revenue": 39873000.0,
        "Operating Revenue": 39873000.0
    },
    "2023-03-31": {
        "Tax Effect Of Unusual Items": 0.0,
        "Tax Rate For Calcs": 0.164,
        "Net Income From Continuing Operation Net Minority Interest": 12888000.0,
        "Reconciled Depreciation": 398000.0,
        "Net Interest Income": 32601000.0,
        "Interest Expense": 8938000.0,
        "Interest Income": 41539000.0,
        "Normalized Income": 12888000.0,
        "Net Income From Continuing And Discontinued Operation": 12888000.0,
        "Diluted Average Shares": 15179210.0,
        "Basic Average Shares": 15179210.0,
        "Diluted EPS": 0.82,
        "Basic EPS": 0.82,
        "Diluted NI Availto Com Stockholders": 12435000.0,
        "Net Income Common Stockholders": 12435000.0,
        "Otherunder Preferred Stock Dividend": 453000.0,
        "Net Income": 12888000.0,
        "Net Income Including Noncontrolling Interests": 12888000.0,
        "Net Income Continuous Operations": 12888000.0,
        "Tax Provision": 2528000.0,
        "Pretax Income": 15416000.0,
        "Gain On Sale Of Security": -68000.0,
        "Depreciation Amortization Depletion Income Statement": 398000.0,
        "Depreciation And Amortization In Income Statement": 398000.0,
        "Amortization": 398000.0,
        "Amortization Of Intangibles Income Statement": 398000.0,
        "Selling General And Administration": 15610000.0,
        "Selling And Marketing Expense": 505000.0,
        "General And Administrative Expense": 15105000.0,
        "Other Gand A": NaN,
        "Insurance And Claims": 248000.0,
        "Salaries And Wages": 15105000.0,
        "Total Revenue": 43089000.0,
        "Operating Revenue": 43089000.0
    },
    "2022-12-31": {
        "Tax Effect Of Unusual Items": 0.0,
        "Tax Rate For Calcs": 0.167,
        "Net Income From Continuing Operation Net Minority Interest": 12148000.0,
        "Reconciled Depreciation": 406000.0,
        "Net Interest Income": 32565000.0,
        "Interest Expense": 5425000.0,
        "Interest Income": 37990000.0,
        "Normalized Income": 12148000.0,
        "Net Income From Continuing And Discontinued Operation": 12148000.0,
        "Diluted Average Shares": 15159903.0,
        "Basic Average Shares": 15159903.0,
        "Diluted EPS": 0.77,
        "Basic EPS": 0.77,
        "Diluted NI Availto Com Stockholders": 12094000.0,
        "Net Income Common Stockholders": 12094000.0,
        "Otherunder Preferred Stock Dividend": 54000.0,
        "Net Income": 12148000.0,
        "Net Income Including Noncontrolling Interests": 12148000.0,
        "Net Income Continuous Operations": 12148000.0,
        "Tax Provision": 2428000.0,
        "Pretax Income": 14576000.0,
        "Gain On Sale Of Security": 162000.0,
        "Depreciation Amortization Depletion Income Statement": 406000.0,
        "Depreciation And Amortization In Income Statement": 406000.0,
        "Amortization": 406000.0,
        "Amortization Of Intangibles Income Statement": 406000.0,
        "Selling General And Administration": 14851000.0,
        "Selling And Marketing Expense": 444000.0,
        "General And Administrative Expense": 14407000.0,
        "Other Gand A": NaN,
        "Insurance And Claims": 229000.0,
        "Salaries And Wages": 14407000.0,
        "Total Revenue": 42040000.0,
        "Operating Revenue": 42040000.0
    },
    "2022-09-30": {
        "Tax Effect Of Unusual Items": 0.0,
        "Tax Rate For Calcs": 0.166,
        "Net Income From Continuing Operation Net Minority Interest": 11112000.0,
        "Reconciled Depreciation": 456000.0,
        "Net Interest Income": 30439000.0,
        "Interest Expense": 2094000.0,
        "Interest Income": 32533000.0,
        "Normalized Income": 11112000.0,
        "Net Income From Continuing And Discontinued Operation": 11112000.0,
        "Diluted Average Shares": 15323294.0,
        "Basic Average Shares": 15323294.0,
        "Diluted EPS": 0.72,
        "Basic EPS": 0.72,
        "Diluted NI Availto Com Stockholders": 11060000.0,
        "Net Income Common Stockholders": 11060000.0,
        "Otherunder Preferred Stock Dividend": 52000.0,
        "Net Income": 11112000.0,
        "Net Income Including Noncontrolling Interests": 11112000.0,
        "Net Income Continuous Operations": 11112000.0,
        "Tax Provision": 2206000.0,
        "Pretax Income": 13318000.0,
        "Gain On Sale Of Security": -129000.0,
        "Depreciation Amortization Depletion Income Statement": 456000.0,
        "Depreciation And Amortization In Income Statement": 456000.0,
        "Amortization": 456000.0,
        "Amortization Of Intangibles Income Statement": 456000.0,
        "Selling General And Administration": 14644000.0,
        "Selling And Marketing Expense": 372000.0,
        "General And Administrative Expense": 14272000.0,
        "Other Gand A": 1788000.0,
        "Insurance And Claims": 170000.0,
        "Salaries And Wages": 12484000.0,
        "Total Revenue": 35569000.0,
        "Operating Revenue": 35569000.0
    },
    "2022-06-30": {
        "Tax Effect Of Unusual Items": 0.0,
        "Tax Rate For Calcs": 0.156,
        "Net Income From Continuing Operation Net Minority Interest": 7701000.0,
        "Reconciled Depreciation": 217000.0,
        "Net Interest Income": 24268000.0,
        "Interest Expense": 1796000.0,
        "Interest Income": 26064000.0,
        "Normalized Income": 7701000.0,
        "Net Income From Continuing And Discontinued Operation": 7701000.0,
        "Diluted Average Shares": 14540868.0,
        "Basic Average Shares": 14540868.0,
        "Diluted EPS": 0.53,
        "Basic EPS": 0.53,
        "Diluted NI Availto Com Stockholders": 7662000.0,
        "Net Income Common Stockholders": 7662000.0,
        "Otherunder Preferred Stock Dividend": 39000.0,
        "Net Income": 7701000.0,
        "Net Income Including Noncontrolling Interests": 7701000.0,
        "Net Income Continuous Operations": 7701000.0,
        "Tax Provision": 1423000.0,
        "Pretax Income": 9124000.0,
        "Gain On Sale Of Security": 45000.0,
        "Depreciation Amortization Depletion Income Statement": 217000.0,
        "Depreciation And Amortization In Income Statement": 217000.0,
        "Amortization": 217000.0,
        "Amortization Of Intangibles Income Statement": 217000.0,
        "Selling General And Administration": 13550000.0,
        "Selling And Marketing Expense": 380000.0,
        "General And Administrative Expense": 13170000.0,
        "Other Gand A": 1223000.0,
        "Insurance And Claims": 195000.0,
        "Salaries And Wages": 11947000.0,
        "Total Revenue": 29361000.0,
        "Operating Revenue": 29361000.0
    },
    "2022-03-31": {
        "Diluted EPS": 0.57,
        "Total Revenue": 32,
        "Gross Profit": 31,
        "Operating Income": 10,
        "EBIT": NaN,
        "Net Income": 8
    },
    "2021-12-31": {
        "Diluted EPS": 0.72,
        "Total Revenue": 32,
        "Gross Profit": 30,
        "Operating Income": 13,
        "EBIT": NaN,
        "Net Income": 11
    },
    "2021-09-30": {
        "Diluted EPS": 0.64,
        "Total Revenue": 32,
        "Gross Profit": 31,
        "Operating Income": 12,
        "EBIT": NaN,
        "Net Income": 10
    },
    "2021-06-30": {
        "Diluted EPS": 0.59,
        "Total Revenue": 35,
        "Gross Profit": 33,
        "Operating Income": 11,
        "EBIT": NaN,
        "Net Income": 9
    },
    "2021-03-31": {
        "Diluted EPS": 0.68,
        "Total Revenue": 35,
        "Gross Profit": 33,
        "Operating Income": 13,
        "EBIT": NaN,
        "Net Income": 11
    },
    "2020-12-31": {
        "Diluted EPS": 0.64,
        "Total Revenue": 33,
        "Gross Profit": 31,
        "Operating Income": 12,
        "EBIT": NaN,
        "Net Income": 10
    },
    "2020-09-30": {
        "Diluted EPS": 0.48,
        "Total Revenue": 31,
        "Gross Profit": 29,
        "Operating Income": 9,
        "EBIT": NaN,
        "Net Income": 8
    },
    "2020-06-30": {
        "Diluted EPS": 0.41,
        "Total Revenue": 31,
        "Gross Profit": 29,
        "Operating Income": 7,
        "EBIT": NaN,
        "Net Income": 6
    },
    "2020-03-31": {
        "Diluted EPS": 0.47,
        "Total Revenue": 32,
        "Gross Profit": 29,
        "Operating Income": 9,
        "EBIT": NaN,
        "Net Income": 8
    },
    "2019-12-31": {
        "Diluted EPS": 0.47,
        "Total Revenue": 30,
        "Gross Profit": 27,
        "Operating Income": 9,
        "EBIT": NaN,
        "Net Income": 8
    },
    "2019-09-30": {
        "Diluted EPS": 0.46,
        "Total Revenue": 29,
        "Gross Profit": 26,
        "Operating Income": 9,
        "EBIT": NaN,
        "Net Income": 8
    },
    "2019-06-30": {
        "Diluted EPS": 0.51,
        "Total Revenue": 30,
        "Gross Profit": 27,
        "Operating Income": 10,
        "EBIT": NaN,
        "Net Income": 8
    },
    "2019-03-31": {
        "Diluted EPS": 0.57,
        "Total Revenue": 31,
        "Gross Profit": 28,
        "Operating Income": 12,
        "EBIT": NaN,
        "Net Income": 10
    },
    "2018-12-31": {
        "Diluted EPS": 0.54,
        "Total Revenue": 29,
        "Gross Profit": 26,
        "Operating Income": 9,
        "EBIT": NaN,
        "Net Income": 7
    },
    "2018-09-30": {
        "Diluted EPS": -0.31,
        "Total Revenue": 21,
        "Gross Profit": 19,
        "Operating Income": -3,
        "EBIT": NaN,
        "Net Income": -4
    },
    "2018-06-30": {
        "Diluted EPS": 0.24,
        "Total Revenue": 21,
        "Gross Profit": 19,
        "Operating Income": 3,
        "EBIT": NaN,
        "Net Income": 3
    },
    "2018-03-31": {
        "Diluted EPS": 0.55,
        "Total Revenue": 22,
        "Gross Profit": 20,
        "Operating Income": 8,
        "EBIT": NaN,
        "Net Income": 7
    },
    "2017-12-31": {
        "Diluted EPS": 0.3,
        "Total Revenue": 19,
        "Gross Profit": 18,
        "Operating Income": 6,
        "EBIT": NaN,
        "Net Income": 4
    },
    "2017-09-30": {
        "Diluted EPS": 0.29,
        "Total Revenue": 18,
        "Gross Profit": 17,
        "Operating Income": 5,
        "EBIT": NaN,
        "Net Income": 3
    },
    "2017-06-30": {
        "Diluted EPS": 0.29,
        "Total Revenue": 18,
        "Gross Profit": 17,
        "Operating Income": 5,
        "EBIT": NaN,
        "Net Income": 3
    },
    "2017-03-31": {
        "Diluted EPS": 0.4,
        "Total Revenue": 19,
        "Gross Profit": 18,
        "Operating Income": 7,
        "EBIT": NaN,
        "Net Income": 4
    },
    "2016-12-31": {
        "Diluted EPS": 0.33,
        "Total Revenue": 17,
        "Gross Profit": 16,
        "Operating Income": 5,
        "EBIT": NaN,
        "Net Income": 3
    },
    "2016-09-30": {
        "Diluted EPS": 0.34,
        "Total Revenue": 17,
        "Gross Profit": 16,
        "Operating Income": 5,
        "EBIT": NaN,
        "Net Income": 3
    },
    "2016-06-30": {
        "Diluted EPS": 0.47,
        "Total Revenue": 18,
        "Gross Profit": 17,
        "Operating Income": 7,
        "EBIT": NaN,
        "Net Income": 5
    },
    "2016-03-31": {
        "Diluted EPS": 0.43,
        "Total Revenue": 18,
        "Gross Profit": 17,
        "Operating Income": 7,
        "EBIT": NaN,
        "Net Income": 4
    },
    "2015-12-31": {
        "Diluted EPS": 0.29,
        "Total Revenue": 16,
        "Gross Profit": 15,
        "Operating Income": 5,
        "EBIT": NaN,
        "Net Income": 3
    },
    "2015-09-30": {
        "Diluted EPS": 0.3,
        "Total Revenue": 16,
        "Gross Profit": 15,
        "Operating Income": 4,
        "EBIT": NaN,
        "Net Income": 3
    },
    "2015-06-30": {
        "Diluted EPS": 0.29,
        "Total Revenue": 16,
        "Gross Profit": 16,
        "Operating Income": 4,
        "EBIT": NaN,
        "Net Income": 3
    },
    "2015-03-31": {
        "Diluted EPS": 0.29,
        "Total Revenue": 16,
        "Gross Profit": 15,
        "Operating Income": 4,
        "EBIT": NaN,
        "Net Income": 3
    },
    "2014-12-31": {
        "Diluted EPS": 0.21,
        "Total Revenue": 14,
        "Gross Profit": 14,
        "Operating Income": 4,
        "EBIT": NaN,
        "Net Income": 2
    },
    "2014-09-30": {
        "Diluted EPS": 0.21,
        "Total Revenue": 15,
        "Gross Profit": 14,
        "Operating Income": 3,
        "EBIT": NaN,
        "Net Income": 2
    },
    "2014-06-30": {
        "Diluted EPS": 0.21,
        "Total Revenue": 15,
        "Gross Profit": 14,
        "Operating Income": 3,
        "EBIT": NaN,
        "Net Income": 2
    },
    "2014-03-31": {
        "Diluted EPS": 0.22,
        "Total Revenue": 16,
        "Gross Profit": 15,
        "Operating Income": 4,
        "EBIT": NaN,
        "Net Income": 2
    },
    "2013-12-31": {
        "Diluted EPS": 0.08,
        "Total Revenue": 14,
        "Gross Profit": 13,
        "Operating Income": 1,
        "EBIT": NaN,
        "Net Income": 1
    },
    "2013-09-30": {
        "Diluted EPS": 0.17,
        "Total Revenue": 14,
        "Gross Profit": 13,
        "Operating Income": 2,
        "EBIT": NaN,
        "Net Income": 1
    },
    "2013-06-30": {
        "Diluted EPS": 0.18,
        "Total Revenue": 14,
        "Gross Profit": 13,
        "Operating Income": 2,
        "EBIT": NaN,
        "Net Income": 1
    },
    "2013-03-31": {
        "Diluted EPS": 0.21,
        "Total Revenue": 15,
        "Gross Profit": 13,
        "Operating Income": 2,
        "EBIT": NaN,
        "Net Income": 2
    },
    "2012-12-31": {
        "Diluted EPS": 0.22,
        "Total Revenue": 14,
        "Gross Profit": 13,
        "Operating Income": 4,
        "EBIT": NaN,
        "Net Income": 2
    },
    "2012-09-30": {
        "Diluted EPS": 0.14,
        "Total Revenue": 14,
        "Gross Profit": 13,
        "Operating Income": 2,
        "EBIT": NaN,
        "Net Income": 1
    },
    "2012-06-30": {
        "Diluted EPS": 0.08,
        "Total Revenue": 15,
        "Gross Profit": 13,
        "Operating Income": 1,
        "EBIT": NaN,
        "Net Income": 1
    },
    "2012-03-31": {
        "Diluted EPS": 0.13,
        "Total Revenue": 15,
        "Gross Profit": 13,
        "Operating Income": 2,
        "EBIT": NaN,
        "Net Income": 1
    },
    "2011-12-31": {
        "Diluted EPS": 0.15,
        "Total Revenue": 15,
        "Gross Profit": 13,
        "Operating Income": 3,
        "EBIT": NaN,
        "Net Income": 1
    },
    "2011-09-30": {
        "Diluted EPS": 0.12,
        "Total Revenue": 15,
        "Gross Profit": 13,
        "Operating Income": 2,
        "EBIT": NaN,
        "Net Income": 1
    },
    "2011-06-30": {
        "Diluted EPS": 0.03,
        "Total Revenue": 15,
        "Gross Profit": 13,
        "Operating Income": 0,
        "EBIT": NaN,
        "Net Income": 0
    },
    "2011-03-31": {
        "Diluted EPS": 0.06,
        "Total Revenue": 15,
        "Gross Profit": 13,
        "Operating Income": 1,
        "EBIT": NaN,
        "Net Income": 0
    },
    "2010-12-31": {
        "Diluted EPS": 0.0,
        "Total Revenue": 15,
        "Gross Profit": 13,
        "Operating Income": 0,
        "EBIT": NaN,
        "Net Income": 0
    },
    "2010-09-30": {
        "Diluted EPS": -0.22,
        "Total Revenue": 16,
        "Gross Profit": 13,
        "Operating Income": -2,
        "EBIT": NaN,
        "Net Income": -2
    },
    "2010-06-30": {
        "Diluted EPS": -0.07,
        "Total Revenue": 16,
        "Gross Profit": 13,
        "Operating Income": -1,
        "EBIT": NaN,
        "Net Income": -1
    },
    "2010-03-31": {
        "Diluted EPS": -0.03,
        "Total Revenue": 15,
        "Gross Profit": 12,
        "Operating Income": 0,
        "EBIT": NaN,
        "Net Income": 0
    },
    "2009-12-31": {
        "Diluted EPS": -0.04,
        "Total Revenue": 17,
        "Gross Profit": 13,
        "Operating Income": 0,
        "EBIT": NaN,
        "Net Income": 0
    },
    "2009-09-30": {
        "Diluted EPS": 0.03,
        "Total Revenue": 16,
        "Gross Profit": 12,
        "Operating Income": 0,
        "EBIT": NaN,
        "Net Income": 0
    },
    "2009-06-30": {
        "Diluted EPS": 0.01,
        "Total Revenue": 16,
        "Gross Profit": 12,
        "Operating Income": 0,
        "EBIT": NaN,
        "Net Income": 0
    },
    "2009-03-31": {
        "Diluted EPS": 0.09,
        "Total Revenue": 17,
        "Gross Profit": 12,
        "Operating Income": 1,
        "EBIT": NaN,
        "Net Income": 1
    }
}