{
    "2023-03-31": {
        "Tax Effect Of Unusual Items": NaN,
        "Tax Rate For Calcs": NaN,
        "Normalized EBITDA": NaN,
        "Total Unusual Items": NaN,
        "Total Unusual Items Excluding Goodwill": NaN,
        "Net Income From Continuing Operation Net Minority Interest": NaN,
        "Reconciled Depreciation": NaN,
        "Reconciled Cost Of Revenue": NaN,
        "EBITDA": NaN,
        "EBIT": NaN,
        "Net Interest Income": NaN,
        "Interest Expense": NaN,
        "Normalized Income": NaN,
        "Net Income From Continuing And Discontinued Operation": NaN,
        "Total Expenses": NaN,
        "Diluted Average Shares": NaN,
        "Basic Average Shares": NaN,
        "Diluted EPS": NaN,
        "Basic EPS": NaN,
        "Diluted NI Availto Com Stockholders": NaN,
        "Net Income Common Stockholders": NaN,
        "Net Income": NaN,
        "Net Income Including Noncontrolling Interests": NaN,
        "Net Income Continuous Operations": NaN,
        "Tax Provision": NaN,
        "Pretax Income": NaN,
        "Other Income Expense": NaN,
        "Other Non Operating Income Expenses": NaN,
        "Special Income Charges": NaN,
        "Gain On Sale Of Ppe": NaN,
        "Write Off": -253000.0,
        "Restructuring And Mergern Acquisition": NaN,
        "Gain On Sale Of Security": NaN,
        "Net Non Operating Interest Income Expense": NaN,
        "Total Other Finance Cost": NaN,
        "Interest Expense Non Operating": NaN,
        "Operating Income": NaN,
        "Operating Expense": NaN,
        "Other Operating Expenses": NaN,
        "Other Taxes": NaN,
        "Selling General And Administration": NaN,
        "General And Administrative Expense": NaN,
        "Other Gand A": NaN,
        "Gross Profit": NaN,
        "Cost Of Revenue": NaN,
        "Total Revenue": NaN,
        "Operating Revenue": NaN
    },
    "2022-12-31": {
        "Tax Effect Of Unusual Items": NaN,
        "Tax Rate For Calcs": NaN,
        "Normalized EBITDA": NaN,
        "Total Unusual Items": NaN,
        "Total Unusual Items Excluding Goodwill": NaN,
        "Net Income From Continuing Operation Net Minority Interest": NaN,
        "Reconciled Depreciation": NaN,
        "Reconciled Cost Of Revenue": NaN,
        "EBITDA": NaN,
        "EBIT": NaN,
        "Net Interest Income": NaN,
        "Interest Expense": NaN,
        "Normalized Income": NaN,
        "Net Income From Continuing And Discontinued Operation": NaN,
        "Total Expenses": NaN,
        "Diluted Average Shares": NaN,
        "Basic Average Shares": NaN,
        "Diluted EPS": NaN,
        "Basic EPS": NaN,
        "Diluted NI Availto Com Stockholders": NaN,
        "Net Income Common Stockholders": NaN,
        "Net Income": NaN,
        "Net Income Including Noncontrolling Interests": NaN,
        "Net Income Continuous Operations": NaN,
        "Tax Provision": NaN,
        "Pretax Income": NaN,
        "Other Income Expense": NaN,
        "Other Non Operating Income Expenses": NaN,
        "Special Income Charges": NaN,
        "Gain On Sale Of Ppe": NaN,
        "Write Off": -943000.0,
        "Restructuring And Mergern Acquisition": NaN,
        "Gain On Sale Of Security": NaN,
        "Net Non Operating Interest Income Expense": NaN,
        "Total Other Finance Cost": NaN,
        "Interest Expense Non Operating": NaN,
        "Operating Income": NaN,
        "Operating Expense": NaN,
        "Other Operating Expenses": NaN,
        "Other Taxes": NaN,
        "Selling General And Administration": NaN,
        "General And Administrative Expense": NaN,
        "Other Gand A": NaN,
        "Gross Profit": NaN,
        "Cost Of Revenue": NaN,
        "Total Revenue": NaN,
        "Operating Revenue": NaN
    },
    "2022-09-30": {
        "Tax Effect Of Unusual Items": NaN,
        "Tax Rate For Calcs": NaN,
        "Normalized EBITDA": NaN,
        "Total Unusual Items": NaN,
        "Total Unusual Items Excluding Goodwill": NaN,
        "Net Income From Continuing Operation Net Minority Interest": NaN,
        "Reconciled Depreciation": NaN,
        "Reconciled Cost Of Revenue": NaN,
        "EBITDA": NaN,
        "EBIT": NaN,
        "Net Interest Income": NaN,
        "Interest Expense": NaN,
        "Normalized Income": NaN,
        "Net Income From Continuing And Discontinued Operation": NaN,
        "Total Expenses": NaN,
        "Diluted Average Shares": NaN,
        "Basic Average Shares": NaN,
        "Diluted EPS": NaN,
        "Basic EPS": NaN,
        "Diluted NI Availto Com Stockholders": NaN,
        "Net Income Common Stockholders": NaN,
        "Net Income": NaN,
        "Net Income Including Noncontrolling Interests": NaN,
        "Net Income Continuous Operations": NaN,
        "Tax Provision": NaN,
        "Pretax Income": NaN,
        "Other Income Expense": NaN,
        "Other Non Operating Income Expenses": NaN,
        "Special Income Charges": NaN,
        "Gain On Sale Of Ppe": NaN,
        "Write Off": -11000.0,
        "Restructuring And Mergern Acquisition": NaN,
        "Gain On Sale Of Security": NaN,
        "Net Non Operating Interest Income Expense": NaN,
        "Total Other Finance Cost": NaN,
        "Interest Expense Non Operating": NaN,
        "Operating Income": NaN,
        "Operating Expense": NaN,
        "Other Operating Expenses": NaN,
        "Selling General And Administration": NaN,
        "General And Administrative Expense": NaN,
        "Other Gand A": NaN,
        "Gross Profit": NaN,
        "Cost Of Revenue": NaN,
        "Total Revenue": NaN,
        "Operating Revenue": NaN
    },
    "2022-06-30": {
        "Tax Effect Of Unusual Items": -18177347.606976,
        "Tax Rate For Calcs": 0.245401,
        "Normalized EBITDA": 905638000.0,
        "Total Unusual Items": -74072000.0,
        "Total Unusual Items Excluding Goodwill": -74072000.0,
        "Net Income From Continuing Operation Net Minority Interest": 468821000.0,
        "Reconciled Depreciation": 204519000.0,
        "Reconciled Cost Of Revenue": 419254000.0,
        "EBITDA": 831566000.0,
        "EBIT": 627047000.0,
        "Net Interest Income": -8116000.0,
        "Interest Expense": 5762000.0,
        "Normalized Income": 524715652.393024,
        "Net Income From Continuing And Discontinued Operation": 468821000.0,
        "Total Expenses": 452204000.0,
        "Diluted Average Shares": 85554000.0,
        "Basic Average Shares": 84993000.0,
        "Diluted EPS": 5.48,
        "Basic EPS": 5.52,
        "Diluted NI Availto Com Stockholders": 468821000.0,
        "Net Income Common Stockholders": 468821000.0,
        "Net Income": 468821000.0,
        "Net Income Including Noncontrolling Interests": 468821000.0,
        "Net Income Continuous Operations": 468821000.0,
        "Tax Provision": 152464000.0,
        "Pretax Income": 621285000.0,
        "Other Income Expense": -69759000.0,
        "Other Non Operating Income Expenses": 4313000.0,
        "Special Income Charges": -1422000.0,
        "Gain On Sale Of Ppe": 0.0,
        "Write Off": 4000.0,
        "Restructuring And Mergern Acquisition": 1418000.0,
        "Gain On Sale Of Security": -72650000.0,
        "Net Non Operating Interest Income Expense": -8116000.0,
        "Total Other Finance Cost": 2354000.0,
        "Interest Expense Non Operating": 5762000.0,
        "Operating Income": 699160000.0,
        "Operating Expense": 32950000.0,
        "Other Operating Expenses": 3284000.0,
        "Selling General And Administration": 29666000.0,
        "General And Administrative Expense": 29666000.0,
        "Other Gand A": 29666000.0,
        "Gross Profit": 732110000.0,
        "Cost Of Revenue": 419254000.0,
        "Total Revenue": 1151364000.0,
        "Operating Revenue": 1151364000.0
    },
    "2023-06-30": {
        "Tax Effect Of Unusual Items": NaN,
        "Tax Rate For Calcs": NaN,
        "Normalized EBITDA": NaN,
        "Total Unusual Items": NaN,
        "Total Unusual Items Excluding Goodwill": NaN,
        "Net Income From Continuing Operation Net Minority Interest": NaN,
        "Reconciled Depreciation": NaN,
        "Reconciled Cost Of Revenue": NaN,
        "EBITDA": NaN,
        "EBIT": NaN,
        "Net Interest Income": NaN,
        "Interest Expense": NaN,
        "Normalized Income": NaN,
        "Net Income From Continuing And Discontinued Operation": NaN,
        "Total Expenses": NaN,
        "Diluted Average Shares": 81144000.0,
        "Basic Average Shares": 80393000.0,
        "Diluted EPS": 1.72,
        "Basic EPS": 1.73,
        "Diluted NI Availto Com Stockholders": NaN,
        "Net Income Common Stockholders": NaN,
        "Net Income": NaN,
        "Net Income Including Noncontrolling Interests": NaN,
        "Net Income Continuous Operations": NaN,
        "Tax Provision": NaN,
        "Pretax Income": NaN,
        "Other Income Expense": NaN,
        "Other Non Operating Income Expenses": NaN,
        "Special Income Charges": NaN,
        "Gain On Sale Of Ppe": NaN,
        "Write Off": 836000.0,
        "Restructuring And Mergern Acquisition": NaN,
        "Gain On Sale Of Security": NaN,
        "Net Non Operating Interest Income Expense": NaN,
        "Total Other Finance Cost": NaN,
        "Interest Expense Non Operating": NaN,
        "Operating Income": NaN,
        "Operating Expense": NaN,
        "Other Operating Expenses": NaN,
        "Other Taxes": NaN,
        "Selling General And Administration": NaN,
        "General And Administrative Expense": NaN,
        "Other Gand A": NaN,
        "Gross Profit": NaN,
        "Cost Of Revenue": NaN,
        "Total Revenue": NaN,
        "Operating Revenue": NaN
    },
    "2022-03-31": {
        "Diluted EPS": 1.07,
        "Total Revenue": 818,
        "Gross Profit": 818,
        "Operating Income": 402,
        "EBIT": 588,
        "Net Income": 92
    },
    "2021-12-31": {
        "Diluted EPS": 4.27,
        "Total Revenue": 510,
        "Gross Profit": 510,
        "Operating Income": 163,
        "EBIT": 302,
        "Net Income": 164
    },
    "2021-09-30": {
        "Diluted EPS": 1.31,
        "Total Revenue": 190,
        "Gross Profit": 190,
        "Operating Income": 94,
        "EBIT": 130,
        "Net Income": 41
    },
    "2021-06-30": {
        "Diluted EPS": -0.83,
        "Total Revenue": 156,
        "Gross Profit": 156,
        "Operating Income": 41,
        "EBIT": 77,
        "Net Income": -25
    },
    "2021-03-31": {
        "Diluted EPS": -0.01,
        "Total Revenue": 74,
        "Gross Profit": 74,
        "Operating Income": 23,
        "EBIT": 42,
        "Net Income": 0
    },
    "2020-12-31": {
        "Diluted EPS": 2.86,
        "Total Revenue": 63,
        "Gross Profit": 63,
        "Operating Income": 1,
        "EBIT": 25,
        "Net Income": 61
    },
    "2020-09-30": {
        "Diluted EPS": 0.16,
        "Total Revenue": 59,
        "Gross Profit": 59,
        "Operating Income": 19,
        "EBIT": 43,
        "Net Income": 3
    },
    "2020-06-30": {
        "Diluted EPS": -1.87,
        "Total Revenue": 36,
        "Gross Profit": 36,
        "Operating Income": -11,
        "EBIT": 12,
        "Net Income": -39
    },
    "2020-03-31": {
        "Diluted EPS": 3.8,
        "Total Revenue": 60,
        "Gross Profit": 60,
        "Operating Income": -20,
        "EBIT": 2,
        "Net Income": 79
    },
    "2019-12-31": {
        "Diluted EPS": -0.15,
        "Total Revenue": 80,
        "Gross Profit": 80,
        "Operating Income": 18,
        "EBIT": 40,
        "Net Income": -3
    },
    "2019-09-30": {
        "Diluted EPS": 1.74,
        "Total Revenue": 75,
        "Gross Profit": 75,
        "Operating Income": 23,
        "EBIT": 43,
        "Net Income": 36
    },
    "2019-06-30": {
        "Diluted EPS": 1.99,
        "Total Revenue": 86,
        "Gross Profit": 86,
        "Operating Income": 35,
        "EBIT": 54,
        "Net Income": 41
    },
    "2019-03-31": {
        "Diluted EPS": -0.34,
        "Total Revenue": 73,
        "Gross Profit": 73,
        "Operating Income": 30,
        "EBIT": 45,
        "Net Income": -7
    },
    "2018-12-31": {
        "Diluted EPS": 5.14,
        "Total Revenue": 66,
        "Gross Profit": 66,
        "Operating Income": 29,
        "EBIT": 43,
        "Net Income": 106
    },
    "2018-09-30": {
        "Diluted EPS": 2.1,
        "Total Revenue": 74,
        "Gross Profit": 74,
        "Operating Income": 33,
        "EBIT": 44,
        "Net Income": 43
    },
    "2018-06-30": {
        "Diluted EPS": 0.24,
        "Total Revenue": 72,
        "Gross Profit": 72,
        "Operating Income": 27,
        "EBIT": 37,
        "Net Income": 5
    },
    "2018-03-31": {
        "Diluted EPS": 0.68,
        "Total Revenue": 64,
        "Gross Profit": 64,
        "Operating Income": 23,
        "EBIT": 30,
        "Net Income": 14
    },
    "2017-12-31": {
        "Diluted EPS": -2.91,
        "Total Revenue": 50,
        "Gross Profit": 50,
        "Operating Income": 8,
        "EBIT": 17,
        "Net Income": -6
    },
    "2017-09-30": {
        "Diluted EPS": 0.21,
        "Total Revenue": 45,
        "Gross Profit": 45,
        "Operating Income": 7,
        "EBIT": 15,
        "Net Income": 4
    },
    "2017-06-30": {
        "Diluted EPS": 4.58,
        "Total Revenue": 44,
        "Gross Profit": 44,
        "Operating Income": -3,
        "EBIT": 9,
        "Net Income": 93
    },
    "2017-03-31": {
        "Diluted EPS": -1.91,
        "Total Revenue": 53,
        "Gross Profit": 53,
        "Operating Income": -2,
        "EBIT": 19,
        "Net Income": -94
    },
    "2016-12-31": {
        "Diluted EPS": -1.37,
        "Total Revenue": 47,
        "Gross Profit": 47,
        "Operating Income": -50,
        "EBIT": -23,
        "Net Income": -67
    },
    "2016-09-30": {
        "Diluted EPS": -0.71,
        "Total Revenue": 49,
        "Gross Profit": 49,
        "Operating Income": -23,
        "EBIT": 5,
        "Net Income": -35
    },
    "2016-06-30": {
        "Diluted EPS": -1.0,
        "Total Revenue": 55,
        "Gross Profit": 55,
        "Operating Income": -19,
        "EBIT": 14,
        "Net Income": -49
    },
    "2016-03-31": {
        "Diluted EPS": -0.96,
        "Total Revenue": 44,
        "Gross Profit": 44,
        "Operating Income": -37,
        "EBIT": -10,
        "Net Income": -47
    },
    "2015-12-31": {
        "Diluted EPS": 376.57,
        "Total Revenue": 57,
        "Gross Profit": 57,
        "Operating Income": -624,
        "EBIT": -566,
        "Net Income": -574
    },
    "2015-09-30": {
        "Diluted EPS": -252.81,
        "Total Revenue": 72,
        "Gross Profit": 72,
        "Operating Income": -202,
        "EBIT": -143,
        "Net Income": -112
    },
    "2015-06-30": {
        "Diluted EPS": -93.26,
        "Total Revenue": 90,
        "Gross Profit": 90,
        "Operating Income": -46,
        "EBIT": 25,
        "Net Income": -41
    },
    "2015-03-31": {
        "Diluted EPS": -46.07,
        "Total Revenue": 73,
        "Gross Profit": 73,
        "Operating Income": -35,
        "EBIT": 25,
        "Net Income": -18
    },
    "2014-12-31": {
        "Diluted EPS": -119.1,
        "Total Revenue": 123,
        "Gross Profit": 123,
        "Operating Income": -161,
        "EBIT": -90,
        "Net Income": -43
    },
    "2014-09-30": {
        "Diluted EPS": 132.58,
        "Total Revenue": 156,
        "Gross Profit": 156,
        "Operating Income": 41,
        "EBIT": 105,
        "Net Income": 49
    },
    "2014-06-30": {
        "Diluted EPS": 3.37,
        "Total Revenue": 152,
        "Gross Profit": 152,
        "Operating Income": 39,
        "EBIT": 93,
        "Net Income": 1
    },
    "2014-03-31": {
        "Diluted EPS": 38.2,
        "Total Revenue": 127,
        "Gross Profit": 127,
        "Operating Income": 34,
        "EBIT": 75,
        "Net Income": 14
    },
    "2013-12-31": {
        "Diluted EPS": 70.79,
        "Total Revenue": 133,
        "Gross Profit": 133,
        "Operating Income": 47,
        "EBIT": 98,
        "Net Income": 26
    },
    "2013-09-30": {
        "Diluted EPS": 49.44,
        "Total Revenue": 126,
        "Gross Profit": 126,
        "Operating Income": 52,
        "EBIT": 90,
        "Net Income": 17
    },
    "2013-06-30": {
        "Diluted EPS": 40.45,
        "Total Revenue": 85,
        "Gross Profit": 85,
        "Operating Income": 23,
        "EBIT": 53,
        "Net Income": 15
    },
    "2013-03-31": {
        "Diluted EPS": 31.46,
        "Total Revenue": 78,
        "Gross Profit": 78,
        "Operating Income": 25,
        "EBIT": 49,
        "Net Income": 11
    },
    "2012-12-31": {
        "Diluted EPS": 35.96,
        "Total Revenue": 74,
        "Gross Profit": 74,
        "Operating Income": 26,
        "EBIT": 51,
        "Net Income": 12
    },
    "2012-09-30": {
        "Diluted EPS": 10.11,
        "Total Revenue": 58,
        "Gross Profit": 58,
        "Operating Income": 13,
        "EBIT": 32,
        "Net Income": 3
    },
    "2012-06-30": {
        "Diluted EPS": 60.67,
        "Total Revenue": 51,
        "Gross Profit": 51,
        "Operating Income": 20,
        "EBIT": 34,
        "Net Income": 22
    },
    "2012-03-31": {
        "Diluted EPS": 24.72,
        "Total Revenue": 48,
        "Gross Profit": 48,
        "Operating Income": 19,
        "EBIT": 31,
        "Net Income": 9
    },
    "2011-12-31": {
        "Diluted EPS": -1.12,
        "Total Revenue": 37,
        "Gross Profit": 37,
        "Operating Income": 12,
        "EBIT": 23,
        "Net Income": 0
    },
    "2011-09-30": {
        "Diluted EPS": 19.1,
        "Total Revenue": 26,
        "Gross Profit": 26,
        "Operating Income": 9,
        "EBIT": 16,
        "Net Income": 5
    },
    "2011-06-30": {
        "Diluted EPS": 29.21,
        "Total Revenue": 24,
        "Gross Profit": 24,
        "Operating Income": 10,
        "EBIT": 17,
        "Net Income": 8
    },
    "2011-03-31": {
        "Diluted EPS": 1.12,
        "Total Revenue": 22,
        "Gross Profit": 22,
        "Operating Income": 7,
        "EBIT": 14,
        "Net Income": 0
    },
    "2010-12-31": {
        "Diluted EPS": 0.0,
        "Total Revenue": NaN,
        "Gross Profit": NaN,
        "Operating Income": NaN,
        "EBIT": NaN,
        "Net Income": NaN
    },
    "2009-12-31": {
        "Diluted EPS": 0.0,
        "Total Revenue": NaN,
        "Gross Profit": NaN,
        "Operating Income": NaN,
        "EBIT": NaN,
        "Net Income": NaN
    },
    "2023-09-30": {
        "Tax Effect Of Unusual Items": -31395559.383082,
        "Tax Rate For Calcs": 0.175285,
        "Normalized EBITDA": 745405000.0,
        "Total Unusual Items": -179111000.0,
        "Total Unusual Items Excluding Goodwill": -179111000.0,
        "Net Income From Continuing Operation Net Minority Interest": 139672000.0,
        "Reconciled Depreciation": 320469000.0,
        "Reconciled Cost Of Revenue": 504330000.0,
        "EBITDA": 566294000.0,
        "EBIT": 245825000.0,
        "Net Interest Income": -76467000.0,
        "Interest Expense": 76467000.0,
        "Normalized Income": 287387440.616918,
        "Net Income From Continuing And Discontinued Operation": 139672000.0,
        "Total Expenses": 628268000.0,
        "Diluted Average Shares": 89631000.0,
        "Basic Average Shares": 88911000.0,
        "Diluted EPS": 1.56,
        "Basic EPS": 1.57,
        "Diluted NI Availto Com Stockholders": 139672000.0,
        "Net Income Common Stockholders": 139672000.0,
        "Net Income": 139672000.0,
        "Net Income Including Noncontrolling Interests": 139672000.0,
        "Net Income Continuous Operations": 139672000.0,
        "Tax Provision": 29686000.0,
        "Pretax Income": 169358000.0,
        "Other Income Expense": -161823000.0,
        "Other Non Operating Income Expenses": 17288000.0,
        "Special Income Charges": -28450000.0,
        "Gain On Sale Of Ppe": 0.0,
        "Write Off": -24000.0,
        "Restructuring And Mergern Acquisition": 28450000.0,
        "Gain On Sale Of Security": -150661000.0,
        "Net Non Operating Interest Income Expense": -76467000.0,
        "Total Other Finance Cost": 5057000.0,
        "Interest Expense Non Operating": 76467000.0,
        "Operating Income": 407648000.0,
        "Operating Expense": 123938000.0,
        "Other Operating Expenses": 4347000.0,
        "Other Taxes": 83437000.0,
        "Selling General And Administration": 36154000.0,
        "General And Administrative Expense": 36154000.0,
        "Other Gand A": 36154000.0,
        "Gross Profit": 531586000.0,
        "Cost Of Revenue": 504330000.0,
        "Total Revenue": 1035916000.0,
        "Operating Revenue": 1034410000.0
    },
    "2023-12-31": {
        "Tax Effect Of Unusual Items": 21307528.429965,
        "Tax Rate For Calcs": 0.200657,
        "Normalized EBITDA": 773354000.0,
        "Total Unusual Items": 106189000.0,
        "Total Unusual Items Excluding Goodwill": 106189000.0,
        "Net Income From Continuing Operation Net Minority Interest": 302868000.0,
        "Reconciled Depreciation": 416634000.0,
        "Reconciled Cost Of Revenue": 617113000.0,
        "EBITDA": 879543000.0,
        "EBIT": 462909000.0,
        "Net Interest Income": -90071000.0,
        "Interest Expense": 84013000.0,
        "Normalized Income": 217986528.429965,
        "Net Income From Continuing And Discontinued Operation": 302868000.0,
        "Total Expenses": 763303000.0,
        "Diluted Average Shares": NaN,
        "Basic Average Shares": NaN,
        "Diluted EPS": NaN,
        "Basic EPS": NaN,
        "Diluted NI Availto Com Stockholders": 302868000.0,
        "Net Income Common Stockholders": 302868000.0,
        "Net Income": 302868000.0,
        "Net Income Including Noncontrolling Interests": 302868000.0,
        "Net Income Continuous Operations": 302868000.0,
        "Tax Provision": 76028000.0,
        "Pretax Income": 378896000.0,
        "Other Income Expense": 105494000.0,
        "Other Non Operating Income Expenses": -695000.0,
        "Special Income Charges": -23692000.0,
        "Gain On Sale Of Ppe": 0.0,
        "Write Off": NaN,
        "Restructuring And Mergern Acquisition": 24251000.0,
        "Gain On Sale Of Security": 129881000.0,
        "Net Non Operating Interest Income Expense": -90071000.0,
        "Total Other Finance Cost": 6058000.0,
        "Interest Expense Non Operating": 84013000.0,
        "Operating Income": 363473000.0,
        "Operating Expense": 146190000.0,
        "Other Operating Expenses": 3373000.0,
        "Other Taxes": 88293000.0,
        "Selling General And Administration": 54524000.0,
        "General And Administrative Expense": 54524000.0,
        "Other Gand A": 54524000.0,
        "Gross Profit": 509663000.0,
        "Cost Of Revenue": 617113000.0,
        "Total Revenue": 1126776000.0,
        "Operating Revenue": 1126776000.0
    },
    "2024-03-31": {
        "Tax Effect Of Unusual Items": -22215780.0,
        "Tax Rate For Calcs": 0.166,
        "Normalized EBITDA": 907338000.0,
        "Total Unusual Items": -133830000.0,
        "Total Unusual Items Excluding Goodwill": -133830000.0,
        "Net Income From Continuing Operation Net Minority Interest": 175821000.0,
        "Reconciled Depreciation": 466840000.0,
        "Reconciled Cost Of Revenue": 700767000.0,
        "EBITDA": 773508000.0,
        "EBIT": 306668000.0,
        "Net Interest Income": -109786000.0,
        "Interest Expense": 95828000.0,
        "Normalized Income": 287435220.0,
        "Net Income From Continuing And Discontinued Operation": 175821000.0,
        "Total Expenses": 879651000.0,
        "Diluted Average Shares": 101293000.0,
        "Basic Average Shares": 100546000.0,
        "Diluted EPS": 1.74,
        "Basic EPS": 1.75,
        "Diluted NI Availto Com Stockholders": 175821000.0,
        "Net Income Common Stockholders": 175821000.0,
        "Net Income": 175821000.0,
        "Net Income Including Noncontrolling Interests": 175821000.0,
        "Net Income Continuous Operations": 175821000.0,
        "Tax Provision": 35019000.0,
        "Pretax Income": 210840000.0,
        "Other Income Expense": -128926000.0,
        "Other Non Operating Income Expenses": 4904000.0,
        "Special Income Charges": -24150000.0,
        "Gain On Sale Of Ppe": -1430000.0,
        "Write Off": NaN,
        "Restructuring And Mergern Acquisition": 22720000.0,
        "Gain On Sale Of Security": -109680000.0,
        "Net Non Operating Interest Income Expense": -109786000.0,
        "Total Other Finance Cost": 13958000.0,
        "Interest Expense Non Operating": 95828000.0,
        "Operating Income": 449552000.0,
        "Operating Expense": 178884000.0,
        "Other Operating Expenses": 19100000.0,
        "Other Taxes": 101906000.0,
        "Selling General And Administration": 57878000.0,
        "General And Administrative Expense": 57878000.0,
        "Other Gand A": 57878000.0,
        "Gross Profit": 628436000.0,
        "Cost Of Revenue": 700767000.0,
        "Total Revenue": 1329203000.0,
        "Operating Revenue": 1327756000.0
    },
    "2024-06-30": {
        "Tax Effect Of Unusual Items": -70863.0,
        "Tax Rate For Calcs": 0.237,
        "Normalized EBITDA": 904889000.0,
        "Total Unusual Items": -299000.0,
        "Total Unusual Items Excluding Goodwill": -299000.0,
        "Net Income From Continuing Operation Net Minority Interest": 215989000.0,
        "Reconciled Depreciation": 521090000.0,
        "Reconciled Cost Of Revenue": 754104000.0,
        "EBITDA": 904590000.0,
        "EBIT": 383500000.0,
        "Net Interest Income": -114897000.0,
        "Interest Expense": 100518000.0,
        "Normalized Income": 216217137.0,
        "Net Income From Continuing And Discontinued Operation": 215989000.0,
        "Total Expenses": 917950000.0,
        "Diluted Average Shares": 100245000.0,
        "Basic Average Shares": 99426000.0,
        "Diluted EPS": 2.15,
        "Basic EPS": 2.17,
        "Diluted NI Availto Com Stockholders": 215989000.0,
        "Net Income Common Stockholders": 215989000.0,
        "Net Income": 215989000.0,
        "Net Income Including Noncontrolling Interests": 215989000.0,
        "Net Income Continuous Operations": 215989000.0,
        "Tax Provision": 66993000.0,
        "Pretax Income": 282982000.0,
        "Other Income Expense": 3135000.0,
        "Other Non Operating Income Expenses": 3434000.0,
        "Special Income Charges": -7877000.0,
        "Gain On Sale Of Ppe": 0.0,
        "Write Off": NaN,
        "Restructuring And Mergern Acquisition": 7877000.0,
        "Gain On Sale Of Security": 7578000.0,
        "Net Non Operating Interest Income Expense": -114897000.0,
        "Total Other Finance Cost": 14379000.0,
        "Interest Expense Non Operating": 100518000.0,
        "Operating Income": 394744000.0,
        "Operating Expense": 163846000.0,
        "Other Operating Expenses": 2798000.0,
        "Other Taxes": 101913000.0,
        "Selling General And Administration": 59135000.0,
        "General And Administrative Expense": 59135000.0,
        "Other Gand A": 59135000.0,
        "Gross Profit": 558590000.0,
        "Cost Of Revenue": 754104000.0,
        "Total Revenue": 1312694000.0,
        "Operating Revenue": 1311532000.0
    },
    "2024-09-30": {
        "Tax Effect Of Unusual Items": 36183159.863998,
        "Tax Rate For Calcs": 0.2398,
        "Normalized EBITDA": 865166000.0,
        "Total Unusual Items": 150889000.0,
        "Total Unusual Items Excluding Goodwill": 150889000.0,
        "Net Income From Continuing Operation Net Minority Interest": 295803000.0,
        "Reconciled Depreciation": 523929000.0,
        "Reconciled Cost Of Revenue": 778329000.0,
        "EBITDA": 1016055000.0,
        "EBIT": 492126000.0,
        "Net Interest Income": -117760000.0,
        "Interest Expense": 103014000.0,
        "Normalized Income": 181097159.863998,
        "Net Income From Continuing And Discontinued Operation": 295803000.0,
        "Total Expenses": 925295000.0,
        "Diluted Average Shares": 98224000.0,
        "Basic Average Shares": 97905000.0,
        "Diluted EPS": 3.01,
        "Basic EPS": 3.02,
        "Diluted NI Availto Com Stockholders": 295803000.0,
        "Net Income Common Stockholders": 295803000.0,
        "Net Income": 295803000.0,
        "Net Income Including Noncontrolling Interests": 295803000.0,
        "Net Income Continuous Operations": 295803000.0,
        "Tax Provision": 93309000.0,
        "Pretax Income": 389112000.0,
        "Other Income Expense": 160122000.0,
        "Other Non Operating Income Expenses": 9233000.0,
        "Special Income Charges": -140000.0,
        "Gain On Sale Of Ppe": 0.0,
        "Write Off": NaN,
        "Restructuring And Mergern Acquisition": 140000.0,
        "Gain On Sale Of Security": 151029000.0,
        "Net Non Operating Interest Income Expense": -117760000.0,
        "Total Other Finance Cost": 14746000.0,
        "Interest Expense Non Operating": 103014000.0,
        "Operating Income": 346750000.0,
        "Operating Expense": 146966000.0,
        "Other Operating Expenses": 2975000.0,
        "Other Taxes": 87262000.0,
        "Selling General And Administration": 56729000.0,
        "General And Administrative Expense": 56729000.0,
        "Other Gand A": 56729000.0,
        "Gross Profit": 493716000.0,
        "Cost Of Revenue": 778329000.0,
        "Total Revenue": 1272045000.0,
        "Operating Revenue": 1271375000.0
    }
}