{
    "2023-12-31": {
        "Tax Effect Of Unusual Items": 0.0,
        "Tax Rate For Calcs": 0.225717,
        "Normalized EBITDA": 8460000.0,
        "Net Income From Continuing Operation Net Minority Interest": 6696000.0,
        "Reconciled Depreciation": 977000.0,
        "Reconciled Cost Of Revenue": 29542000.0,
        "EBITDA": 8460000.0,
        "EBIT": 7483000.0,
        "Net Interest Income": 1165000.0,
        "Interest Income": 1165000.0,
        "Normalized Income": 6696000.0,
        "Net Income From Continuing And Discontinued Operation": 6696000.0,
        "Total Expenses": 35682000.0,
        "Total Operating Income As Reported": 7483000.0,
        "Diluted Average Shares": NaN,
        "Basic Average Shares": NaN,
        "Diluted EPS": NaN,
        "Basic EPS": NaN,
        "Diluted NI Availto Com Stockholders": 6696000.0,
        "Net Income Common Stockholders": 6696000.0,
        "Net Income": 6696000.0,
        "Net Income Including Noncontrolling Interests": 6696000.0,
        "Net Income Continuous Operations": 6696000.0,
        "Tax Provision": 1952000.0,
        "Pretax Income": 8648000.0,
        "Net Non Operating Interest Income Expense": 1165000.0,
        "Interest Income Non Operating": 1165000.0,
        "Operating Income": 7483000.0,
        "Operating Expense": 6140000.0,
        "Selling General And Administration": 6140000.0,
        "Gross Profit": 13623000.0,
        "Cost Of Revenue": 29542000.0,
        "Total Revenue": 43165000.0,
        "Operating Revenue": 43165000.0
    },
    "2023-09-30": {
        "Tax Effect Of Unusual Items": 0.0,
        "Tax Rate For Calcs": 0.243396,
        "Normalized EBITDA": 7532000.0,
        "Net Income From Continuing Operation Net Minority Interest": 5757000.0,
        "Reconciled Depreciation": 987000.0,
        "Reconciled Cost Of Revenue": 27736000.0,
        "EBITDA": 7532000.0,
        "EBIT": 6545000.0,
        "Net Interest Income": 1064000.0,
        "Interest Income": 1064000.0,
        "Normalized Income": 5757000.0,
        "Net Income From Continuing And Discontinued Operation": 5757000.0,
        "Total Expenses": 33810000.0,
        "Total Operating Income As Reported": 6545000.0,
        "Diluted Average Shares": 12314000.0,
        "Basic Average Shares": 12314000.0,
        "Diluted EPS": 0.47,
        "Basic EPS": 0.47,
        "Diluted NI Availto Com Stockholders": 5757000.0,
        "Net Income Common Stockholders": 5757000.0,
        "Net Income": 5757000.0,
        "Net Income Including Noncontrolling Interests": 5757000.0,
        "Net Income Continuous Operations": 5757000.0,
        "Tax Provision": 1852000.0,
        "Pretax Income": 7609000.0,
        "Net Non Operating Interest Income Expense": 1064000.0,
        "Interest Income Non Operating": 1064000.0,
        "Operating Income": 6545000.0,
        "Operating Expense": 6074000.0,
        "Selling General And Administration": 6074000.0,
        "Gross Profit": 12619000.0,
        "Cost Of Revenue": 27736000.0,
        "Total Revenue": 40355000.0,
        "Operating Revenue": 40355000.0
    },
    "2023-06-30": {
        "Tax Effect Of Unusual Items": NaN,
        "Tax Rate For Calcs": NaN,
        "Normalized EBITDA": NaN,
        "Net Income From Continuing Operation Net Minority Interest": NaN,
        "Reconciled Depreciation": NaN,
        "Reconciled Cost Of Revenue": NaN,
        "EBITDA": NaN,
        "EBIT": NaN,
        "Net Interest Income": NaN,
        "Interest Income": NaN,
        "Normalized Income": NaN,
        "Net Income From Continuing And Discontinued Operation": NaN,
        "Total Expenses": NaN,
        "Total Operating Income As Reported": NaN,
        "Diluted Average Shares": 12310000.0,
        "Basic Average Shares": 12310000.0,
        "Diluted EPS": 0.33,
        "Basic EPS": 0.33,
        "Diluted NI Availto Com Stockholders": NaN,
        "Net Income Common Stockholders": NaN,
        "Net Income": NaN,
        "Net Income Including Noncontrolling Interests": NaN,
        "Net Income Continuous Operations": NaN,
        "Tax Provision": NaN,
        "Pretax Income": NaN,
        "Net Non Operating Interest Income Expense": NaN,
        "Interest Income Non Operating": NaN,
        "Operating Income": NaN,
        "Operating Expense": NaN,
        "Selling General And Administration": NaN,
        "Gross Profit": NaN,
        "Cost Of Revenue": NaN,
        "Total Revenue": NaN,
        "Operating Revenue": NaN
    },
    "2023-03-31": {
        "Tax Effect Of Unusual Items": NaN,
        "Tax Rate For Calcs": NaN,
        "Normalized EBITDA": NaN,
        "Net Income From Continuing Operation Net Minority Interest": NaN,
        "Reconciled Depreciation": NaN,
        "Reconciled Cost Of Revenue": NaN,
        "EBITDA": NaN,
        "EBIT": NaN,
        "Net Interest Income": NaN,
        "Interest Income": NaN,
        "Normalized Income": NaN,
        "Net Income From Continuing And Discontinued Operation": NaN,
        "Total Expenses": NaN,
        "Total Operating Income As Reported": NaN,
        "Diluted Average Shares": 12448980.0,
        "Basic Average Shares": 12448980.0,
        "Diluted EPS": 0.49,
        "Basic EPS": 0.49,
        "Diluted NI Availto Com Stockholders": NaN,
        "Net Income Common Stockholders": NaN,
        "Net Income": NaN,
        "Net Income Including Noncontrolling Interests": NaN,
        "Net Income Continuous Operations": NaN,
        "Tax Provision": NaN,
        "Pretax Income": NaN,
        "Net Non Operating Interest Income Expense": NaN,
        "Interest Income Non Operating": NaN,
        "Operating Income": NaN,
        "Operating Expense": NaN,
        "Selling General And Administration": NaN,
        "Gross Profit": NaN,
        "Cost Of Revenue": NaN,
        "Total Revenue": NaN,
        "Operating Revenue": NaN
    },
    "2024-03-31": {
        "Tax Effect Of Unusual Items": 0.0,
        "Tax Rate For Calcs": 0.239927,
        "Normalized EBITDA": 4641000.0,
        "Net Income From Continuing Operation Net Minority Interest": 3754000.0,
        "Reconciled Depreciation": 926000.0,
        "Reconciled Cost Of Revenue": 28304000.0,
        "EBITDA": 4641000.0,
        "EBIT": 3715000.0,
        "Net Interest Income": 1224000.0,
        "Interest Income": 1224000.0,
        "Normalized Income": 3754000.0,
        "Net Income From Continuing And Discontinued Operation": 3754000.0,
        "Total Expenses": 34256000.0,
        "Total Operating Income As Reported": 3715000.0,
        "Diluted Average Shares": 12314000.0,
        "Basic Average Shares": 12314000.0,
        "Diluted EPS": 0.31,
        "Basic EPS": 0.31,
        "Diluted NI Availto Com Stockholders": 3754000.0,
        "Net Income Common Stockholders": 3754000.0,
        "Net Income": 3754000.0,
        "Net Income Including Noncontrolling Interests": 3754000.0,
        "Net Income Continuous Operations": 3754000.0,
        "Tax Provision": 1185000.0,
        "Pretax Income": 4939000.0,
        "Net Non Operating Interest Income Expense": 1224000.0,
        "Interest Income Non Operating": 1224000.0,
        "Operating Income": 3715000.0,
        "Operating Expense": 5952000.0,
        "Selling General And Administration": 5952000.0,
        "Gross Profit": 9667000.0,
        "Cost Of Revenue": 28304000.0,
        "Total Revenue": 37971000.0,
        "Operating Revenue": 37971000.0
    },
    "2022-12-31": {
        "Tax Effect Of Unusual Items": NaN,
        "Tax Rate For Calcs": NaN,
        "Normalized EBITDA": NaN,
        "Net Income From Continuing Operation Net Minority Interest": NaN,
        "Reconciled Depreciation": NaN,
        "Reconciled Cost Of Revenue": NaN,
        "EBITDA": NaN,
        "EBIT": NaN,
        "Net Interest Income": NaN,
        "Interest Income": NaN,
        "Normalized Income": NaN,
        "Net Income From Continuing And Discontinued Operation": NaN,
        "Total Expenses": NaN,
        "Total Operating Income As Reported": NaN,
        "Diluted Average Shares": 12307692.0,
        "Basic Average Shares": 12307692.0,
        "Diluted EPS": 0.39,
        "Basic EPS": 0.39,
        "Diluted NI Availto Com Stockholders": NaN,
        "Net Income Common Stockholders": NaN,
        "Net Income": NaN,
        "Net Income Including Noncontrolling Interests": NaN,
        "Net Income Continuous Operations": NaN,
        "Tax Provision": NaN,
        "Pretax Income": NaN,
        "Net Non Operating Interest Income Expense": NaN,
        "Interest Income Non Operating": NaN,
        "Operating Income": NaN,
        "Operating Expense": NaN,
        "Selling General And Administration": NaN,
        "Gross Profit": NaN,
        "Cost Of Revenue": NaN,
        "Total Revenue": NaN,
        "Operating Revenue": NaN
    },
    "2024-06-30": {
        "Tax Effect Of Unusual Items": 0.0,
        "Tax Rate For Calcs": 0.240276,
        "Normalized EBITDA": 6001000.0,
        "Net Income From Continuing Operation Net Minority Interest": 4844000.0,
        "Reconciled Depreciation": 920000.0,
        "Reconciled Cost Of Revenue": 24722000.0,
        "EBITDA": 6001000.0,
        "EBIT": 5081000.0,
        "Net Interest Income": 1295000.0,
        "Interest Income": 1295000.0,
        "Normalized Income": 4844000.0,
        "Net Income From Continuing And Discontinued Operation": 4844000.0,
        "Total Expenses": 30806000.0,
        "Total Operating Income As Reported": 5081000.0,
        "Diluted Average Shares": 12316000.0,
        "Basic Average Shares": 12316000.0,
        "Diluted EPS": 0.39,
        "Basic EPS": 0.39,
        "Diluted NI Availto Com Stockholders": 4844000.0,
        "Net Income Common Stockholders": 4844000.0,
        "Net Income": 4844000.0,
        "Net Income Including Noncontrolling Interests": 4844000.0,
        "Net Income Continuous Operations": 4844000.0,
        "Tax Provision": 1532000.0,
        "Pretax Income": 6376000.0,
        "Net Non Operating Interest Income Expense": 1295000.0,
        "Interest Income Non Operating": 1295000.0,
        "Operating Income": 5081000.0,
        "Operating Expense": 6084000.0,
        "Selling General And Administration": 6084000.0,
        "Gross Profit": 11165000.0,
        "Cost Of Revenue": 24722000.0,
        "Total Revenue": 35887000.0,
        "Operating Revenue": 35887000.0
    },
    "2024-09-30": {
        "Tax Effect Of Unusual Items": 0.0,
        "Tax Rate For Calcs": 0.241274,
        "Normalized EBITDA": 4266000.0,
        "Net Income From Continuing Operation Net Minority Interest": 3478000.0,
        "Reconciled Depreciation": 917000.0,
        "Reconciled Cost Of Revenue": 24199000.0,
        "EBITDA": 4266000.0,
        "EBIT": 3349000.0,
        "Net Interest Income": 1235000.0,
        "Interest Income": 1235000.0,
        "Normalized Income": 3478000.0,
        "Net Income From Continuing And Discontinued Operation": 3478000.0,
        "Total Expenses": 30318000.0,
        "Total Operating Income As Reported": 3349000.0,
        "Diluted Average Shares": 12319000.0,
        "Basic Average Shares": 12319000.0,
        "Diluted EPS": 0.28,
        "Basic EPS": 0.28,
        "Diluted NI Availto Com Stockholders": 3478000.0,
        "Net Income Common Stockholders": 3478000.0,
        "Net Income": 3478000.0,
        "Net Income Including Noncontrolling Interests": 3478000.0,
        "Net Income Continuous Operations": 3478000.0,
        "Tax Provision": 1106000.0,
        "Pretax Income": 4584000.0,
        "Net Non Operating Interest Income Expense": 1235000.0,
        "Interest Income Non Operating": 1235000.0,
        "Operating Income": 3349000.0,
        "Operating Expense": 6119000.0,
        "Selling General And Administration": 6119000.0,
        "Gross Profit": 9468000.0,
        "Cost Of Revenue": 24199000.0,
        "Total Revenue": 33667000.0,
        "Operating Revenue": 33667000.0
    }
}