{
    "2023-06-30": {
        "Tax Effect Of Unusual Items": 0.0,
        "Tax Rate For Calcs": 0.4,
        "Total Unusual Items": 0.0,
        "Total Unusual Items Excluding Goodwill": 0.0,
        "Net Income From Continuing Operation Net Minority Interest": 300000.0,
        "Net Interest Income": 7414000.0,
        "Interest Expense": 3745000.0,
        "Interest Income": 11159000.0,
        "Normalized Income": 300000.0,
        "Net Income From Continuing And Discontinued Operation": 300000.0,
        "Diluted Average Shares": 5601213.0,
        "Basic Average Shares": 5601213.0,
        "Diluted EPS": 0.05,
        "Basic EPS": 0.05,
        "Diluted NI Availto Com Stockholders": 300000.0,
        "Net Income Common Stockholders": 300000.0,
        "Net Income": 300000.0,
        "Net Income Including Noncontrolling Interests": 300000.0,
        "Net Income Continuous Operations": 300000.0,
        "Tax Provision": -78000.0,
        "Pretax Income": 222000.0,
        "Special Income Charges": 0.0,
        "Write Off": 0.0,
        "Impairment Of Capital Assets": NaN,
        "Gain On Sale Of Security": NaN,
        "Selling General And Administration": 4710000.0,
        "Selling And Marketing Expense": 191000.0,
        "General And Administrative Expense": 4710000.0,
        "Other Gand A": NaN,
        "Salaries And Wages": 4710000.0,
        "Total Revenue": 9677000.0,
        "Operating Revenue": 9677000.0
    },
    "2023-03-31": {
        "Tax Effect Of Unusual Items": 0.0,
        "Tax Rate For Calcs": 0.119011,
        "Total Unusual Items": 0.0,
        "Total Unusual Items Excluding Goodwill": 0.0,
        "Net Income From Continuing Operation Net Minority Interest": 1140000.0,
        "Net Interest Income": 7678000.0,
        "Interest Expense": 3354000.0,
        "Interest Income": 11032000.0,
        "Normalized Income": 1140000.0,
        "Net Income From Continuing And Discontinued Operation": 1140000.0,
        "Diluted Average Shares": 5595320.0,
        "Basic Average Shares": 5595320.0,
        "Diluted EPS": 0.2,
        "Basic EPS": 0.2,
        "Diluted NI Availto Com Stockholders": 1140000.0,
        "Net Income Common Stockholders": 1140000.0,
        "Net Income": 1140000.0,
        "Net Income Including Noncontrolling Interests": 1140000.0,
        "Net Income Continuous Operations": 1140000.0,
        "Tax Provision": 154000.0,
        "Pretax Income": 1294000.0,
        "Special Income Charges": 0.0,
        "Write Off": 0.0,
        "Impairment Of Capital Assets": 0.0,
        "Gain On Sale Of Security": NaN,
        "Selling General And Administration": 4695000.0,
        "Selling And Marketing Expense": 47000.0,
        "General And Administrative Expense": 4695000.0,
        "Other Gand A": 196000.0,
        "Salaries And Wages": 4695000.0,
        "Total Revenue": 10041000.0,
        "Operating Revenue": 10041000.0
    },
    "2022-12-31": {
        "Tax Effect Of Unusual Items": 0.0,
        "Tax Rate For Calcs": 0.177355,
        "Total Unusual Items": 0.0,
        "Total Unusual Items Excluding Goodwill": 0.0,
        "Net Income From Continuing Operation Net Minority Interest": 2463000.0,
        "Net Interest Income": 8810000.0,
        "Interest Expense": 2155000.0,
        "Interest Income": 10965000.0,
        "Normalized Income": 2463000.0,
        "Net Income From Continuing And Discontinued Operation": 2463000.0,
        "Diluted Average Shares": 5595359.0,
        "Basic Average Shares": 5595359.0,
        "Diluted EPS": 0.44,
        "Basic EPS": 0.44,
        "Diluted NI Availto Com Stockholders": 2463000.0,
        "Net Income Common Stockholders": 2463000.0,
        "Net Income": 2463000.0,
        "Net Income Including Noncontrolling Interests": 2463000.0,
        "Net Income Continuous Operations": 2463000.0,
        "Tax Provision": 531000.0,
        "Pretax Income": 2994000.0,
        "Special Income Charges": 0.0,
        "Write Off": 0.0,
        "Impairment Of Capital Assets": NaN,
        "Gain On Sale Of Security": -86000.0,
        "Selling General And Administration": 4997000.0,
        "Selling And Marketing Expense": 135000.0,
        "General And Administrative Expense": 4862000.0,
        "Other Gand A": -260000.0,
        "Salaries And Wages": 4292000.0,
        "Total Revenue": 11310000.0,
        "Operating Revenue": 11310000.0
    },
    "2022-09-30": {
        "Tax Effect Of Unusual Items": 0.0,
        "Tax Rate For Calcs": 0.152152,
        "Total Unusual Items": 0.0,
        "Total Unusual Items Excluding Goodwill": 0.0,
        "Net Income From Continuing Operation Net Minority Interest": 2580000.0,
        "Net Interest Income": 9049000.0,
        "Interest Expense": 1073000.0,
        "Interest Income": 10122000.0,
        "Normalized Income": 2580000.0,
        "Net Income From Continuing And Discontinued Operation": 2580000.0,
        "Diluted Average Shares": 5595320.0,
        "Basic Average Shares": 5595320.0,
        "Diluted EPS": 0.46,
        "Basic EPS": 0.46,
        "Diluted NI Availto Com Stockholders": 2580000.0,
        "Net Income Common Stockholders": 2580000.0,
        "Net Income": 2580000.0,
        "Net Income Including Noncontrolling Interests": 2580000.0,
        "Net Income Continuous Operations": 2580000.0,
        "Tax Provision": 463000.0,
        "Pretax Income": 3043000.0,
        "Special Income Charges": 0.0,
        "Write Off": 0.0,
        "Impairment Of Capital Assets": 0.0,
        "Gain On Sale Of Security": 5000.0,
        "Selling General And Administration": 4506000.0,
        "Selling And Marketing Expense": 172000.0,
        "General And Administrative Expense": 4506000.0,
        "Other Gand A": 788000.0,
        "Salaries And Wages": 4506000.0,
        "Total Revenue": 11926000.0,
        "Operating Revenue": 11926000.0
    },
    "2022-06-30": {
        "Tax Effect Of Unusual Items": 0.0,
        "Tax Rate For Calcs": 0.163594,
        "Total Unusual Items": 0.0,
        "Total Unusual Items Excluding Goodwill": 0.0,
        "Net Income From Continuing Operation Net Minority Interest": 2541000.0,
        "Net Interest Income": 8763000.0,
        "Interest Expense": 797000.0,
        "Interest Income": 9560000.0,
        "Normalized Income": 2541000.0,
        "Net Income From Continuing And Discontinued Operation": 2541000.0,
        "Diluted Average Shares": 5592782.0,
        "Basic Average Shares": 5592782.0,
        "Diluted EPS": 0.45,
        "Basic EPS": 0.45,
        "Diluted NI Availto Com Stockholders": 2541000.0,
        "Net Income Common Stockholders": 2541000.0,
        "Net Income": 2541000.0,
        "Net Income Including Noncontrolling Interests": 2541000.0,
        "Net Income Continuous Operations": 2541000.0,
        "Tax Provision": 497000.0,
        "Pretax Income": 3038000.0,
        "Special Income Charges": 0.0,
        "Write Off": 0.0,
        "Impairment Of Capital Assets": 0.0,
        "Gain On Sale Of Security": 16000.0,
        "Selling General And Administration": 4412000.0,
        "Selling And Marketing Expense": 172000.0,
        "General And Administrative Expense": 4412000.0,
        "Other Gand A": 798000.0,
        "Salaries And Wages": 4412000.0,
        "Total Revenue": 11526000.0,
        "Operating Revenue": 11526000.0
    },
    "2022-03-31": {
        "Diluted EPS": 0.36,
        "Total Revenue": 12,
        "Gross Profit": 11,
        "Operating Income": 2,
        "EBIT": NaN,
        "Net Income": 2
    },
    "2021-12-31": {
        "Diluted EPS": 0.32,
        "Total Revenue": 13,
        "Gross Profit": 11,
        "Operating Income": 2,
        "EBIT": NaN,
        "Net Income": 2
    },
    "2021-09-30": {
        "Diluted EPS": 0.34,
        "Total Revenue": 13,
        "Gross Profit": 12,
        "Operating Income": 2,
        "EBIT": NaN,
        "Net Income": 2
    },
    "2021-06-30": {
        "Diluted EPS": 0.34,
        "Total Revenue": 13,
        "Gross Profit": 11,
        "Operating Income": 2,
        "EBIT": NaN,
        "Net Income": 2
    },
    "2021-03-31": {
        "Diluted EPS": 0.34,
        "Total Revenue": 12,
        "Gross Profit": 11,
        "Operating Income": 2,
        "EBIT": NaN,
        "Net Income": 2
    },
    "2020-12-31": {
        "Diluted EPS": 0.4,
        "Total Revenue": 13,
        "Gross Profit": 11,
        "Operating Income": 3,
        "EBIT": NaN,
        "Net Income": 2
    },
    "2020-09-30": {
        "Diluted EPS": 0.37,
        "Total Revenue": 13,
        "Gross Profit": 12,
        "Operating Income": 3,
        "EBIT": NaN,
        "Net Income": 2
    },
    "2020-06-30": {
        "Diluted EPS": 0.26,
        "Total Revenue": 13,
        "Gross Profit": 11,
        "Operating Income": 2,
        "EBIT": NaN,
        "Net Income": 1
    },
    "2020-03-31": {
        "Diluted EPS": 0.21,
        "Total Revenue": 12,
        "Gross Profit": 10,
        "Operating Income": 1,
        "EBIT": NaN,
        "Net Income": 1
    },
    "2019-12-31": {
        "Diluted EPS": 0.37,
        "Total Revenue": 13,
        "Gross Profit": 10,
        "Operating Income": 3,
        "EBIT": NaN,
        "Net Income": 2
    },
    "2019-09-30": {
        "Diluted EPS": 0.27,
        "Total Revenue": 11,
        "Gross Profit": 8,
        "Operating Income": 2,
        "EBIT": NaN,
        "Net Income": 1
    },
    "2019-06-30": {
        "Diluted EPS": 0.28,
        "Total Revenue": 11,
        "Gross Profit": 8,
        "Operating Income": 2,
        "EBIT": NaN,
        "Net Income": 1
    },
    "2019-03-31": {
        "Diluted EPS": 0.25,
        "Total Revenue": 10,
        "Gross Profit": 8,
        "Operating Income": 1,
        "EBIT": NaN,
        "Net Income": 1
    },
    "2018-12-31": {
        "Diluted EPS": 0.34,
        "Total Revenue": 10,
        "Gross Profit": 9,
        "Operating Income": 2,
        "EBIT": NaN,
        "Net Income": 2
    },
    "2018-09-30": {
        "Diluted EPS": 0.31,
        "Total Revenue": 10,
        "Gross Profit": 9,
        "Operating Income": 2,
        "EBIT": NaN,
        "Net Income": 1
    },
    "2018-06-30": {
        "Diluted EPS": 0.35,
        "Total Revenue": 10,
        "Gross Profit": 9,
        "Operating Income": 2,
        "EBIT": NaN,
        "Net Income": 2
    },
    "2018-03-31": {
        "Diluted EPS": 0.36,
        "Total Revenue": 10,
        "Gross Profit": 9,
        "Operating Income": 2,
        "EBIT": NaN,
        "Net Income": 2
    },
    "2017-12-31": {
        "Diluted EPS": -0.22,
        "Total Revenue": 10,
        "Gross Profit": 9,
        "Operating Income": 2,
        "EBIT": NaN,
        "Net Income": -1
    },
    "2017-09-30": {
        "Diluted EPS": 0.33,
        "Total Revenue": 10,
        "Gross Profit": 9,
        "Operating Income": 2,
        "EBIT": NaN,
        "Net Income": 2
    },
    "2017-06-30": {
        "Diluted EPS": 0.36,
        "Total Revenue": 10,
        "Gross Profit": 9,
        "Operating Income": 2,
        "EBIT": NaN,
        "Net Income": 2
    },
    "2017-03-31": {
        "Diluted EPS": 0.29,
        "Total Revenue": 9,
        "Gross Profit": 9,
        "Operating Income": 2,
        "EBIT": NaN,
        "Net Income": 1
    },
    "2016-12-31": {
        "Diluted EPS": 0.35,
        "Total Revenue": 9,
        "Gross Profit": 8,
        "Operating Income": 2,
        "EBIT": NaN,
        "Net Income": 2
    },
    "2016-09-30": {
        "Diluted EPS": 0.36,
        "Total Revenue": 10,
        "Gross Profit": 9,
        "Operating Income": 2,
        "EBIT": NaN,
        "Net Income": 2
    },
    "2016-06-30": {
        "Diluted EPS": 0.36,
        "Total Revenue": 10,
        "Gross Profit": 9,
        "Operating Income": 2,
        "EBIT": NaN,
        "Net Income": 2
    },
    "2016-03-31": {
        "Diluted EPS": 0.31,
        "Total Revenue": 9,
        "Gross Profit": 9,
        "Operating Income": 2,
        "EBIT": NaN,
        "Net Income": 2
    },
    "2015-12-31": {
        "Diluted EPS": 0.48,
        "Total Revenue": 10,
        "Gross Profit": 10,
        "Operating Income": 3,
        "EBIT": NaN,
        "Net Income": 2
    },
    "2015-09-30": {
        "Diluted EPS": 0.38,
        "Total Revenue": 10,
        "Gross Profit": 9,
        "Operating Income": 2,
        "EBIT": NaN,
        "Net Income": 2
    },
    "2015-06-30": {
        "Diluted EPS": 0.37,
        "Total Revenue": 10,
        "Gross Profit": 9,
        "Operating Income": 2,
        "EBIT": NaN,
        "Net Income": 2
    },
    "2015-03-31": {
        "Diluted EPS": 0.33,
        "Total Revenue": 9,
        "Gross Profit": 9,
        "Operating Income": 2,
        "EBIT": NaN,
        "Net Income": 2
    },
    "2014-12-31": {
        "Diluted EPS": 0.34,
        "Total Revenue": 10,
        "Gross Profit": 9,
        "Operating Income": 2,
        "EBIT": NaN,
        "Net Income": 2
    },
    "2014-09-30": {
        "Diluted EPS": 0.39,
        "Total Revenue": 10,
        "Gross Profit": 9,
        "Operating Income": 2,
        "EBIT": NaN,
        "Net Income": 2
    },
    "2014-06-30": {
        "Diluted EPS": 0.43,
        "Total Revenue": 10,
        "Gross Profit": 10,
        "Operating Income": 2,
        "EBIT": NaN,
        "Net Income": 2
    },
    "2014-03-31": {
        "Diluted EPS": 0.37,
        "Total Revenue": 10,
        "Gross Profit": 9,
        "Operating Income": 2,
        "EBIT": NaN,
        "Net Income": 2
    },
    "2013-12-31": {
        "Diluted EPS": 0.44,
        "Total Revenue": 10,
        "Gross Profit": 9,
        "Operating Income": 3,
        "EBIT": NaN,
        "Net Income": 2
    },
    "2013-09-30": {
        "Diluted EPS": 0.41,
        "Total Revenue": 10,
        "Gross Profit": 9,
        "Operating Income": 3,
        "EBIT": NaN,
        "Net Income": 2
    },
    "2013-06-30": {
        "Diluted EPS": 0.33,
        "Total Revenue": 10,
        "Gross Profit": 9,
        "Operating Income": 2,
        "EBIT": NaN,
        "Net Income": 2
    },
    "2013-03-31": {
        "Diluted EPS": 0.29,
        "Total Revenue": 10,
        "Gross Profit": 8,
        "Operating Income": 2,
        "EBIT": NaN,
        "Net Income": 1
    },
    "2012-12-31": {
        "Diluted EPS": 0.36,
        "Total Revenue": 11,
        "Gross Profit": 9,
        "Operating Income": 2,
        "EBIT": NaN,
        "Net Income": 2
    },
    "2012-09-30": {
        "Diluted EPS": 0.33,
        "Total Revenue": 10,
        "Gross Profit": 9,
        "Operating Income": 2,
        "EBIT": NaN,
        "Net Income": 2
    },
    "2012-06-30": {
        "Diluted EPS": 0.36,
        "Total Revenue": 11,
        "Gross Profit": 9,
        "Operating Income": 2,
        "EBIT": NaN,
        "Net Income": 2
    },
    "2012-03-31": {
        "Diluted EPS": 0.34,
        "Total Revenue": 11,
        "Gross Profit": 9,
        "Operating Income": 2,
        "EBIT": NaN,
        "Net Income": 2
    },
    "2011-12-31": {
        "Diluted EPS": 0.38,
        "Total Revenue": 11,
        "Gross Profit": 9,
        "Operating Income": 2,
        "EBIT": NaN,
        "Net Income": 2
    },
    "2011-09-30": {
        "Diluted EPS": 0.33,
        "Total Revenue": 12,
        "Gross Profit": 10,
        "Operating Income": 2,
        "EBIT": NaN,
        "Net Income": 2
    },
    "2011-06-30": {
        "Diluted EPS": 0.38,
        "Total Revenue": 11,
        "Gross Profit": 9,
        "Operating Income": 2,
        "EBIT": NaN,
        "Net Income": 2
    },
    "2011-03-31": {
        "Diluted EPS": 0.4,
        "Total Revenue": 11,
        "Gross Profit": 9,
        "Operating Income": 3,
        "EBIT": NaN,
        "Net Income": 2
    },
    "2010-12-31": {
        "Diluted EPS": 0.35,
        "Total Revenue": 11,
        "Gross Profit": 9,
        "Operating Income": 2,
        "EBIT": NaN,
        "Net Income": 2
    },
    "2010-09-30": {
        "Diluted EPS": 0.37,
        "Total Revenue": 11,
        "Gross Profit": 9,
        "Operating Income": 2,
        "EBIT": NaN,
        "Net Income": 2
    },
    "2010-06-30": {
        "Diluted EPS": 0.35,
        "Total Revenue": 11,
        "Gross Profit": 9,
        "Operating Income": 2,
        "EBIT": NaN,
        "Net Income": 2
    },
    "2010-03-31": {
        "Diluted EPS": 0.41,
        "Total Revenue": 12,
        "Gross Profit": 10,
        "Operating Income": 3,
        "EBIT": NaN,
        "Net Income": 2
    },
    "2009-12-31": {
        "Diluted EPS": 0.35,
        "Total Revenue": 13,
        "Gross Profit": 10,
        "Operating Income": 2,
        "EBIT": NaN,
        "Net Income": 2
    },
    "2009-09-30": {
        "Diluted EPS": 0.35,
        "Total Revenue": 13,
        "Gross Profit": 10,
        "Operating Income": 2,
        "EBIT": NaN,
        "Net Income": 2
    },
    "2009-06-30": {
        "Diluted EPS": 0.37,
        "Total Revenue": 12,
        "Gross Profit": 9,
        "Operating Income": 2,
        "EBIT": NaN,
        "Net Income": 2
    },
    "2009-03-31": {
        "Diluted EPS": 0.38,
        "Total Revenue": 12,
        "Gross Profit": 8,
        "Operating Income": 2,
        "EBIT": NaN,
        "Net Income": 2
    }
}