{
    "2023-06-30": {
        "Tax Effect Of Unusual Items": NaN,
        "Tax Rate For Calcs": NaN,
        "Normalized EBITDA": NaN,
        "Net Income From Continuing Operation Net Minority Interest": NaN,
        "Reconciled Depreciation": NaN,
        "Reconciled Cost Of Revenue": NaN,
        "EBITDA": NaN,
        "EBIT": NaN,
        "Net Interest Income": NaN,
        "Normalized Income": NaN,
        "Net Income From Continuing And Discontinued Operation": NaN,
        "Total Expenses": NaN,
        "Total Operating Income As Reported": NaN,
        "Diluted Average Shares": NaN,
        "Basic Average Shares": NaN,
        "Diluted EPS": NaN,
        "Basic EPS": NaN,
        "Diluted NI Availto Com Stockholders": NaN,
        "Net Income Common Stockholders": NaN,
        "Net Income": NaN,
        "Minority Interests": NaN,
        "Net Income Including Noncontrolling Interests": NaN,
        "Net Income Continuous Operations": NaN,
        "Tax Provision": NaN,
        "Pretax Income": NaN,
        "Other Income Expense": NaN,
        "Other Non Operating Income Expenses": NaN,
        "Net Non Operating Interest Income Expense": NaN,
        "Total Other Finance Cost": 58000000.0,
        "Operating Income": NaN,
        "Operating Expense": NaN,
        "Other Operating Expenses": 45000000.0,
        "Selling General And Administration": NaN,
        "Gross Profit": NaN,
        "Cost Of Revenue": NaN,
        "Total Revenue": NaN,
        "Operating Revenue": NaN
    },
    "2023-03-31": {
        "Tax Effect Of Unusual Items": NaN,
        "Tax Rate For Calcs": NaN,
        "Normalized EBITDA": NaN,
        "Net Income From Continuing Operation Net Minority Interest": NaN,
        "Reconciled Depreciation": NaN,
        "Reconciled Cost Of Revenue": NaN,
        "EBITDA": NaN,
        "EBIT": NaN,
        "Net Interest Income": NaN,
        "Normalized Income": NaN,
        "Net Income From Continuing And Discontinued Operation": NaN,
        "Total Expenses": NaN,
        "Total Operating Income As Reported": NaN,
        "Diluted Average Shares": NaN,
        "Basic Average Shares": NaN,
        "Diluted EPS": NaN,
        "Basic EPS": NaN,
        "Diluted NI Availto Com Stockholders": NaN,
        "Net Income Common Stockholders": NaN,
        "Net Income": NaN,
        "Minority Interests": NaN,
        "Net Income Including Noncontrolling Interests": NaN,
        "Net Income Continuous Operations": NaN,
        "Tax Provision": NaN,
        "Pretax Income": NaN,
        "Other Income Expense": NaN,
        "Other Non Operating Income Expenses": NaN,
        "Net Non Operating Interest Income Expense": NaN,
        "Total Other Finance Cost": 54000000.0,
        "Operating Income": NaN,
        "Operating Expense": NaN,
        "Other Operating Expenses": 45000000.0,
        "Selling General And Administration": NaN,
        "Gross Profit": NaN,
        "Cost Of Revenue": NaN,
        "Total Revenue": NaN,
        "Operating Revenue": NaN
    },
    "2022-12-31": {
        "Tax Effect Of Unusual Items": NaN,
        "Tax Rate For Calcs": NaN,
        "Normalized EBITDA": NaN,
        "Net Income From Continuing Operation Net Minority Interest": NaN,
        "Reconciled Depreciation": NaN,
        "Reconciled Cost Of Revenue": NaN,
        "EBITDA": NaN,
        "EBIT": NaN,
        "Net Interest Income": NaN,
        "Normalized Income": NaN,
        "Net Income From Continuing And Discontinued Operation": NaN,
        "Total Expenses": NaN,
        "Total Operating Income As Reported": NaN,
        "Diluted Average Shares": NaN,
        "Basic Average Shares": NaN,
        "Diluted EPS": NaN,
        "Basic EPS": NaN,
        "Diluted NI Availto Com Stockholders": NaN,
        "Net Income Common Stockholders": NaN,
        "Net Income": NaN,
        "Minority Interests": NaN,
        "Net Income Including Noncontrolling Interests": NaN,
        "Net Income Continuous Operations": NaN,
        "Tax Provision": NaN,
        "Pretax Income": NaN,
        "Other Income Expense": NaN,
        "Other Non Operating Income Expenses": NaN,
        "Net Non Operating Interest Income Expense": NaN,
        "Total Other Finance Cost": NaN,
        "Operating Income": NaN,
        "Operating Expense": NaN,
        "Other Operating Expenses": 14000000.0,
        "Selling General And Administration": NaN,
        "Gross Profit": NaN,
        "Cost Of Revenue": NaN,
        "Total Revenue": NaN,
        "Operating Revenue": NaN
    },
    "2022-09-30": {
        "Tax Effect Of Unusual Items": NaN,
        "Tax Rate For Calcs": NaN,
        "Normalized EBITDA": NaN,
        "Net Income From Continuing Operation Net Minority Interest": NaN,
        "Reconciled Depreciation": NaN,
        "Reconciled Cost Of Revenue": NaN,
        "EBITDA": NaN,
        "EBIT": NaN,
        "Net Interest Income": NaN,
        "Normalized Income": NaN,
        "Net Income From Continuing And Discontinued Operation": NaN,
        "Total Expenses": NaN,
        "Total Operating Income As Reported": NaN,
        "Diluted Average Shares": NaN,
        "Basic Average Shares": NaN,
        "Diluted EPS": NaN,
        "Basic EPS": NaN,
        "Diluted NI Availto Com Stockholders": NaN,
        "Net Income Common Stockholders": NaN,
        "Net Income": NaN,
        "Minority Interests": NaN,
        "Net Income Including Noncontrolling Interests": NaN,
        "Net Income Continuous Operations": NaN,
        "Tax Provision": NaN,
        "Pretax Income": NaN,
        "Other Income Expense": NaN,
        "Other Non Operating Income Expenses": NaN,
        "Net Non Operating Interest Income Expense": NaN,
        "Total Other Finance Cost": 40000000.0,
        "Operating Income": NaN,
        "Operating Expense": NaN,
        "Other Operating Expenses": NaN,
        "Selling General And Administration": NaN,
        "Gross Profit": NaN,
        "Cost Of Revenue": NaN,
        "Total Revenue": NaN,
        "Operating Revenue": NaN
    },
    "2022-06-30": {
        "Tax Effect Of Unusual Items": 0.0,
        "Tax Rate For Calcs": 0.24,
        "Normalized EBITDA": 1022000000.0,
        "Total Unusual Items": NaN,
        "Total Unusual Items Excluding Goodwill": NaN,
        "Net Income From Continuing Operation Net Minority Interest": 603000000.0,
        "Reconciled Depreciation": 138000000.0,
        "Reconciled Cost Of Revenue": 1930000000.0,
        "EBITDA": 1022000000.0,
        "EBIT": 884000000.0,
        "Net Interest Income": -31000000.0,
        "Normalized Income": 603000000.0,
        "Net Income From Continuing And Discontinued Operation": 603000000.0,
        "Total Expenses": 3600000000.0,
        "Total Operating Income As Reported": 884000000.0,
        "Diluted Average Shares": 839400000.0,
        "Basic Average Shares": 836800000.0,
        "Diluted EPS": 0.72,
        "Basic EPS": 0.72,
        "Diluted NI Availto Com Stockholders": 603000000.0,
        "Net Income Common Stockholders": 603000000.0,
        "Net Income": 603000000.0,
        "Minority Interests": -36000000.0,
        "Net Income Including Noncontrolling Interests": 639000000.0,
        "Net Income Continuous Operations": 639000000.0,
        "Tax Provision": 202000000.0,
        "Pretax Income": 841000000.0,
        "Other Income Expense": -12000000.0,
        "Other Non Operating Income Expenses": -12000000.0,
        "Special Income Charges": NaN,
        "Impairment Of Capital Assets": NaN,
        "Net Non Operating Interest Income Expense": -31000000.0,
        "Total Other Finance Cost": 31000000.0,
        "Operating Income": 884000000.0,
        "Operating Expense": 1670000000.0,
        "Other Operating Expenses": 13000000.0,
        "Selling General And Administration": 1657000000.0,
        "Gross Profit": 2554000000.0,
        "Cost Of Revenue": 1930000000.0,
        "Total Revenue": 4484000000.0,
        "Operating Revenue": 4484000000.0
    },
    "2023-09-30": {
        "Tax Effect Of Unusual Items": 0.0,
        "Tax Rate For Calcs": 0.219,
        "Normalized EBITDA": 1173000000.0,
        "Net Income From Continuing Operation Net Minority Interest": 708000000.0,
        "Reconciled Depreciation": 144000000.0,
        "Reconciled Cost Of Revenue": 2038000000.0,
        "EBITDA": 1173000000.0,
        "EBIT": 1029000000.0,
        "Net Interest Income": -58000000.0,
        "Normalized Income": 708000000.0,
        "Net Income From Continuing And Discontinued Operation": 708000000.0,
        "Total Expenses": 3886000000.0,
        "Total Operating Income As Reported": 1029000000.0,
        "Diluted Average Shares": 827300000.0,
        "Basic Average Shares": 825600000.0,
        "Diluted EPS": 0.86,
        "Basic EPS": 0.86,
        "Diluted NI Availto Com Stockholders": 708000000.0,
        "Net Income Common Stockholders": 708000000.0,
        "Net Income": 708000000.0,
        "Minority Interests": -39000000.0,
        "Net Income Including Noncontrolling Interests": 747000000.0,
        "Net Income Continuous Operations": 747000000.0,
        "Tax Provision": 209000000.0,
        "Pretax Income": 956000000.0,
        "Other Income Expense": -15000000.0,
        "Other Non Operating Income Expenses": -15000000.0,
        "Net Non Operating Interest Income Expense": -58000000.0,
        "Total Other Finance Cost": 58000000.0,
        "Operating Income": 1029000000.0,
        "Operating Expense": 1848000000.0,
        "Other Operating Expenses": 26000000.0,
        "Selling General And Administration": 1822000000.0,
        "Gross Profit": 2877000000.0,
        "Cost Of Revenue": 2038000000.0,
        "Total Revenue": 4915000000.0,
        "Operating Revenue": 4915000000.0
    },
    "2023-12-31": {
        "Tax Effect Of Unusual Items": 0.0,
        "Tax Rate For Calcs": 0.230769,
        "Normalized EBITDA": 917000000.0,
        "Net Income From Continuing Operation Net Minority Interest": 718000000.0,
        "Reconciled Depreciation": 150000000.0,
        "Reconciled Cost Of Revenue": 2000000000.0,
        "EBITDA": 917000000.0,
        "EBIT": 767000000.0,
        "Net Interest Income": -62000000.0,
        "Normalized Income": 718000000.0,
        "Net Income From Continuing And Discontinued Operation": 718000000.0,
        "Total Expenses": 3777000000.0,
        "Total Operating Income As Reported": 1072000000.0,
        "Diluted Average Shares": 825100000.0,
        "Basic Average Shares": 823400000.0,
        "Diluted EPS": 0.87,
        "Basic EPS": 0.87,
        "Diluted NI Availto Com Stockholders": 718000000.0,
        "Net Income Common Stockholders": 718000000.0,
        "Net Income": 718000000.0,
        "Minority Interests": -42000000.0,
        "Net Income Including Noncontrolling Interests": 760000000.0,
        "Net Income Continuous Operations": 760000000.0,
        "Tax Provision": 228000000.0,
        "Pretax Income": 988000000.0,
        "Other Income Expense": -123000000.0,
        "Other Non Operating Income Expenses": -104000000.0,
        "Net Non Operating Interest Income Expense": -62000000.0,
        "Total Other Finance Cost": NaN,
        "Operating Income": 1173000000.0,
        "Operating Expense": 1777000000.0,
        "Other Operating Expenses": NaN,
        "Selling General And Administration": 1803000000.0,
        "Gross Profit": 2950000000.0,
        "Cost Of Revenue": 2000000000.0,
        "Total Revenue": 4950000000.0,
        "Operating Revenue": 4950000000.0
    },
    "2024-03-31": {
        "Tax Effect Of Unusual Items": 0.0,
        "Tax Rate For Calcs": 0.246,
        "Normalized EBITDA": 1197000000.0,
        "Net Income From Continuing Operation Net Minority Interest": 683000000.0,
        "Reconciled Depreciation": 150000000.0,
        "Reconciled Cost Of Revenue": 2026000000.0,
        "EBITDA": 1197000000.0,
        "EBIT": 1047000000.0,
        "Net Interest Income": -58000000.0,
        "Normalized Income": 683000000.0,
        "Net Income From Continuing And Discontinued Operation": 683000000.0,
        "Total Expenses": 4018000000.0,
        "Total Operating Income As Reported": 1047000000.0,
        "Diluted Average Shares": 825900000.0,
        "Basic Average Shares": 822800000.0,
        "Diluted EPS": 0.83,
        "Basic EPS": 0.83,
        "Diluted NI Availto Com Stockholders": 683000000.0,
        "Net Income Common Stockholders": 683000000.0,
        "Net Income": 683000000.0,
        "Minority Interests": -46000000.0,
        "Net Income Including Noncontrolling Interests": 729000000.0,
        "Net Income Continuous Operations": 729000000.0,
        "Tax Provision": 238000000.0,
        "Pretax Income": 967000000.0,
        "Other Income Expense": -22000000.0,
        "Other Non Operating Income Expenses": -22000000.0,
        "Net Non Operating Interest Income Expense": -58000000.0,
        "Total Other Finance Cost": 58000000.0,
        "Operating Income": 1047000000.0,
        "Operating Expense": 1992000000.0,
        "Other Operating Expenses": 76000000.0,
        "Selling General And Administration": 1916000000.0,
        "Gross Profit": 3039000000.0,
        "Cost Of Revenue": 2026000000.0,
        "Total Revenue": 5065000000.0,
        "Operating Revenue": 5065000000.0
    },
    "2024-06-30": {
        "Tax Effect Of Unusual Items": 0.0,
        "Tax Rate For Calcs": 0.241,
        "Normalized EBITDA": 1249000000.0,
        "Net Income From Continuing Operation Net Minority Interest": 731000000.0,
        "Reconciled Depreciation": 157000000.0,
        "Reconciled Cost Of Revenue": 1992000000.0,
        "EBITDA": 1249000000.0,
        "EBIT": 1092000000.0,
        "Net Interest Income": -60000000.0,
        "Normalized Income": 731000000.0,
        "Net Income From Continuing And Discontinued Operation": 731000000.0,
        "Total Expenses": 3966000000.0,
        "Total Operating Income As Reported": 1092000000.0,
        "Diluted Average Shares": 823700000.0,
        "Basic Average Shares": 819700000.0,
        "Diluted EPS": 0.89,
        "Basic EPS": 0.89,
        "Diluted NI Availto Com Stockholders": 731000000.0,
        "Net Income Common Stockholders": 731000000.0,
        "Net Income": 731000000.0,
        "Minority Interests": -36000000.0,
        "Net Income Including Noncontrolling Interests": 767000000.0,
        "Net Income Continuous Operations": 767000000.0,
        "Tax Provision": 243000000.0,
        "Pretax Income": 1010000000.0,
        "Other Income Expense": -22000000.0,
        "Other Non Operating Income Expenses": -22000000.0,
        "Net Non Operating Interest Income Expense": -60000000.0,
        "Total Other Finance Cost": 60000000.0,
        "Operating Income": 1092000000.0,
        "Operating Expense": 1974000000.0,
        "Other Operating Expenses": 35000000.0,
        "Selling General And Administration": 1939000000.0,
        "Gross Profit": 3066000000.0,
        "Cost Of Revenue": 1992000000.0,
        "Total Revenue": 5058000000.0,
        "Operating Revenue": 5058000000.0
    },
    "2024-09-30": {
        "Tax Effect Of Unusual Items": 0.0,
        "Tax Rate For Calcs": 0.213,
        "Normalized EBITDA": 1215000000.0,
        "Net Income From Continuing Operation Net Minority Interest": 737000000.0,
        "Reconciled Depreciation": 150000000.0,
        "Reconciled Cost Of Revenue": 1959000000.0,
        "EBITDA": 1215000000.0,
        "EBIT": 1065000000.0,
        "Net Interest Income": -56000000.0,
        "Normalized Income": 737000000.0,
        "Net Income From Continuing And Discontinued Operation": 737000000.0,
        "Total Expenses": 3968000000.0,
        "Total Operating Income As Reported": 1065000000.0,
        "Diluted Average Shares": 822500000.0,
        "Basic Average Shares": 817700000.0,
        "Diluted EPS": 0.9,
        "Basic EPS": 0.9,
        "Diluted NI Availto Com Stockholders": 737000000.0,
        "Net Income Common Stockholders": 737000000.0,
        "Net Income": 737000000.0,
        "Minority Interests": -39000000.0,
        "Net Income Including Noncontrolling Interests": 776000000.0,
        "Net Income Continuous Operations": 776000000.0,
        "Tax Provision": 210000000.0,
        "Pretax Income": 986000000.0,
        "Other Income Expense": -23000000.0,
        "Other Non Operating Income Expenses": -23000000.0,
        "Net Non Operating Interest Income Expense": -56000000.0,
        "Total Other Finance Cost": 56000000.0,
        "Operating Income": 1065000000.0,
        "Operating Expense": 2009000000.0,
        "Other Operating Expenses": 30000000.0,
        "Selling General And Administration": 1979000000.0,
        "Gross Profit": 3074000000.0,
        "Cost Of Revenue": 1959000000.0,
        "Total Revenue": 5033000000.0,
        "Operating Revenue": 5033000000.0
    }
}