{
    "2023-06-30": {
        "Tax Effect Of Unusual Items": -35586.673607,
        "Tax Rate For Calcs": 0.133784,
        "Total Unusual Items": -266000.0,
        "Total Unusual Items Excluding Goodwill": -266000.0,
        "Net Income From Continuing Operation Net Minority Interest": 1664000.0,
        "Reconciled Depreciation": 3579000.0,
        "Net Interest Income": 49889000.0,
        "Interest Expense": 44992000.0,
        "Interest Income": 94881000.0,
        "Normalized Income": 1894413.326393,
        "Net Income From Continuing And Discontinued Operation": 1664000.0,
        "Diluted Average Shares": 102517584.0,
        "Basic Average Shares": 102409035.0,
        "Diluted EPS": 0.02,
        "Basic EPS": 0.02,
        "Diluted NI Availto Com Stockholders": 1664000.0,
        "Net Income Common Stockholders": 1664000.0,
        "Net Income": 1664000.0,
        "Net Income Including Noncontrolling Interests": 1664000.0,
        "Net Income Continuous Operations": 1664000.0,
        "Tax Provision": 257000.0,
        "Pretax Income": 1921000.0,
        "Special Income Charges": -266000.0,
        "Restructuring And Mergern Acquisition": 266000.0,
        "Gain On Sale Of Security": -9390000.0,
        "Selling General And Administration": 34980000.0,
        "Selling And Marketing Expense": 786000.0,
        "General And Administrative Expense": 34194000.0,
        "Insurance And Claims": 1734000.0,
        "Salaries And Wages": 32460000.0,
        "Total Revenue": 50605000.0,
        "Operating Revenue": 50605000.0,
        "Occupancy And Equipment": 5738000.0,
        "Professional Expense And Contract Services Expense": 2376000.0,
        "Other Non Interest Expense": 4246000.0
    },
    "2023-03-31": {
        "Tax Effect Of Unusual Items": 0.0,
        "Tax Rate For Calcs": 0.247,
        "Total Unusual Items": 0.0,
        "Total Unusual Items Excluding Goodwill": 0.0,
        "Net Income From Continuing Operation Net Minority Interest": 18723000.0,
        "Reconciled Depreciation": 3504000.0,
        "Net Interest Income": 59994000.0,
        "Interest Expense": 32016000.0,
        "Interest Income": 92010000.0,
        "Normalized Income": 18723000.0,
        "Net Income From Continuing And Discontinued Operation": 18723000.0,
        "Diluted Average Shares": 105148375.0,
        "Basic Average Shares": 104631583.0,
        "Diluted EPS": 0.18,
        "Basic EPS": 0.18,
        "Diluted NI Availto Com Stockholders": 18723000.0,
        "Net Income Common Stockholders": 18723000.0,
        "Net Income": 18723000.0,
        "Net Income Including Noncontrolling Interests": 18723000.0,
        "Net Income Continuous Operations": 18723000.0,
        "Tax Provision": 6138000.0,
        "Pretax Income": 24861000.0,
        "Special Income Charges": 0.0,
        "Restructuring And Mergern Acquisition": 0.0,
        "Gain On Sale Of Security": -1127000.0,
        "Selling General And Administration": 32534000.0,
        "Selling And Marketing Expense": 687000.0,
        "General And Administrative Expense": 31847000.0,
        "Insurance And Claims": 689000.0,
        "Salaries And Wages": 31158000.0,
        "Total Revenue": 68937000.0,
        "Operating Revenue": 68937000.0,
        "Occupancy And Equipment": 5754000.0,
        "Professional Expense And Contract Services Expense": 1875000.0,
        "Other Non Interest Expense": 3738000.0
    },
    "2022-12-31": {
        "Tax Effect Of Unusual Items": -37633.574244,
        "Tax Rate For Calcs": 0.280848,
        "Total Unusual Items": -134000.0,
        "Total Unusual Items Excluding Goodwill": -134000.0,
        "Net Income From Continuing Operation Net Minority Interest": 21891000.0,
        "Reconciled Depreciation": 3480000.0,
        "Net Interest Income": 67800000.0,
        "Interest Expense": 19310000.0,
        "Interest Income": 87110000.0,
        "Normalized Income": 21987366.425756,
        "Net Income From Continuing And Discontinued Operation": 21891000.0,
        "Diluted Average Shares": 106631357.0,
        "Basic Average Shares": 105997676.0,
        "Diluted EPS": 0.21,
        "Basic EPS": 0.21,
        "Diluted NI Availto Com Stockholders": 21891000.0,
        "Net Income Common Stockholders": 21891000.0,
        "Net Income": 21891000.0,
        "Net Income Including Noncontrolling Interests": 21891000.0,
        "Net Income Continuous Operations": 21891000.0,
        "Tax Provision": 8549000.0,
        "Pretax Income": 30440000.0,
        "Special Income Charges": -134000.0,
        "Restructuring And Mergern Acquisition": 134000.0,
        "Gain On Sale Of Security": -69000.0,
        "Selling General And Administration": 31852000.0,
        "Selling And Marketing Expense": 650000.0,
        "General And Administrative Expense": 31202000.0,
        "Insurance And Claims": 669000.0,
        "Salaries And Wages": 30533000.0,
        "Total Revenue": 75919000.0,
        "Operating Revenue": 75919000.0
    },
    "2022-09-30": {
        "Tax Effect Of Unusual Items": NaN,
        "Tax Rate For Calcs": NaN,
        "Total Unusual Items": NaN,
        "Total Unusual Items Excluding Goodwill": NaN,
        "Net Income From Continuing Operation Net Minority Interest": NaN,
        "Reconciled Depreciation": NaN,
        "Net Interest Income": NaN,
        "Interest Expense": NaN,
        "Interest Income": NaN,
        "Normalized Income": NaN,
        "Net Income From Continuing And Discontinued Operation": NaN,
        "Diluted Average Shares": NaN,
        "Basic Average Shares": NaN,
        "Diluted EPS": NaN,
        "Basic EPS": NaN,
        "Diluted NI Availto Com Stockholders": NaN,
        "Net Income Common Stockholders": NaN,
        "Net Income": NaN,
        "Net Income Including Noncontrolling Interests": NaN,
        "Net Income Continuous Operations": NaN,
        "Tax Provision": NaN,
        "Pretax Income": NaN,
        "Special Income Charges": NaN,
        "Restructuring And Mergern Acquisition": NaN,
        "Gain On Sale Of Security": NaN,
        "Selling General And Administration": NaN,
        "Selling And Marketing Expense": NaN,
        "General And Administrative Expense": NaN,
        "Other Gand A": 3670000.0,
        "Insurance And Claims": NaN,
        "Salaries And Wages": NaN,
        "Total Revenue": NaN,
        "Operating Revenue": NaN
    },
    "2022-06-30": {
        "Tax Effect Of Unusual Items": -341039.0,
        "Tax Rate For Calcs": 0.257,
        "Total Unusual Items": -1327000.0,
        "Total Unusual Items Excluding Goodwill": -1327000.0,
        "Net Income From Continuing Operation Net Minority Interest": 22959000.0,
        "Reconciled Depreciation": 3361000.0,
        "Net Interest Income": 66209000.0,
        "Interest Expense": 6494000.0,
        "Interest Income": 72703000.0,
        "Normalized Income": 23944961.0,
        "Net Income From Continuing And Discontinued Operation": 22959000.0,
        "Diluted Average Shares": 106750557.0,
        "Basic Average Shares": 106204230.0,
        "Diluted EPS": 0.22,
        "Basic EPS": 0.22,
        "Diluted NI Availto Com Stockholders": 22959000.0,
        "Net Income Common Stockholders": 22959000.0,
        "Net Income": 22959000.0,
        "Net Income Including Noncontrolling Interests": 22959000.0,
        "Net Income Continuous Operations": 22959000.0,
        "Tax Provision": 7958000.0,
        "Pretax Income": 30917000.0,
        "Special Income Charges": -1327000.0,
        "Restructuring And Mergern Acquisition": 1327000.0,
        "Gain On Sale Of Security": 63000.0,
        "Selling General And Administration": 30296000.0,
        "Selling And Marketing Expense": 795000.0,
        "General And Administrative Expense": 29501000.0,
        "Other Gand A": 3099000.0,
        "Insurance And Claims": 630000.0,
        "Salaries And Wages": 28871000.0,
        "Total Revenue": 74176000.0,
        "Operating Revenue": 74176000.0
    },
    "2022-03-31": {
        "Diluted EPS": 0.2,
        "Total Revenue": 76,
        "Gross Profit": 70,
        "Operating Income": 28,
        "EBIT": NaN,
        "Net Income": 20
    },
    "2021-12-31": {
        "Diluted EPS": 0.22,
        "Total Revenue": 76,
        "Gross Profit": 68,
        "Operating Income": 33,
        "EBIT": NaN,
        "Net Income": 23
    },
    "2021-09-30": {
        "Diluted EPS": 0.2,
        "Total Revenue": 75,
        "Gross Profit": 66,
        "Operating Income": 29,
        "EBIT": NaN,
        "Net Income": 21
    },
    "2021-06-30": {
        "Diluted EPS": 0.26,
        "Total Revenue": 82,
        "Gross Profit": 72,
        "Operating Income": 37,
        "EBIT": NaN,
        "Net Income": 27
    },
    "2021-03-31": {
        "Diluted EPS": 0.2,
        "Total Revenue": 76,
        "Gross Profit": 65,
        "Operating Income": 29,
        "EBIT": NaN,
        "Net Income": 21
    },
    "2020-12-31": {
        "Diluted EPS": 0.18,
        "Total Revenue": 82,
        "Gross Profit": 69,
        "Operating Income": 27,
        "EBIT": NaN,
        "Net Income": 21
    },
    "2020-09-30": {
        "Diluted EPS": 0.14,
        "Total Revenue": 81,
        "Gross Profit": 64,
        "Operating Income": 21,
        "EBIT": NaN,
        "Net Income": 15
    },
    "2020-06-30": {
        "Diluted EPS": 0.14,
        "Total Revenue": 83,
        "Gross Profit": 63,
        "Operating Income": 20,
        "EBIT": NaN,
        "Net Income": 15
    },
    "2020-03-31": {
        "Diluted EPS": 0.06,
        "Total Revenue": 81,
        "Gross Profit": 57,
        "Operating Income": 10,
        "EBIT": NaN,
        "Net Income": 7
    },
    "2019-12-31": {
        "Diluted EPS": 0.12,
        "Total Revenue": 80,
        "Gross Profit": 56,
        "Operating Income": 19,
        "EBIT": NaN,
        "Net Income": 14
    },
    "2019-09-30": {
        "Diluted EPS": 0.13,
        "Total Revenue": 75,
        "Gross Profit": 52,
        "Operating Income": 20,
        "EBIT": NaN,
        "Net Income": 14
    },
    "2019-06-30": {
        "Diluted EPS": 0.11,
        "Total Revenue": 70,
        "Gross Profit": 48,
        "Operating Income": 16,
        "EBIT": NaN,
        "Net Income": 12
    },
    "2019-03-31": {
        "Diluted EPS": 0.13,
        "Total Revenue": 69,
        "Gross Profit": 48,
        "Operating Income": 18,
        "EBIT": NaN,
        "Net Income": 15
    },
    "2018-12-31": {
        "Diluted EPS": 0.23,
        "Total Revenue": 68,
        "Gross Profit": 50,
        "Operating Income": 18,
        "EBIT": NaN,
        "Net Income": 15
    },
    "2018-09-30": {
        "Diluted EPS": 0.1,
        "Total Revenue": 63,
        "Gross Profit": 46,
        "Operating Income": 18,
        "EBIT": NaN,
        "Net Income": 11
    },
    "2018-06-30": {
        "Diluted EPS": -0.13,
        "Total Revenue": 60,
        "Gross Profit": 46,
        "Operating Income": -18,
        "EBIT": NaN,
        "Net Income": -15
    },
    "2018-03-31": {
        "Diluted EPS": 0.0,
        "Total Revenue": 56,
        "Gross Profit": 44,
        "Operating Income": 16,
        "EBIT": NaN,
        "Net Income": 12
    },
    "2017-12-31": {
        "Diluted EPS": 0.0,
        "Total Revenue": 54,
        "Gross Profit": 42,
        "Operating Income": 13,
        "EBIT": NaN,
        "Net Income": 4
    },
    "2017-09-30": {
        "Diluted EPS": 0.0,
        "Total Revenue": 49,
        "Gross Profit": 38,
        "Operating Income": 2,
        "EBIT": NaN,
        "Net Income": 2
    },
    "2017-06-30": {
        "Diluted EPS": 0.0,
        "Total Revenue": 52,
        "Gross Profit": 40,
        "Operating Income": 15,
        "EBIT": NaN,
        "Net Income": 9
    },
    "2017-03-31": {
        "Diluted EPS": 0.0,
        "Total Revenue": 51,
        "Gross Profit": 41,
        "Operating Income": 15,
        "EBIT": NaN,
        "Net Income": 10
    },
    "2016-12-31": {
        "Diluted EPS": 0.0,
        "Total Revenue": NaN,
        "Gross Profit": -11,
        "Operating Income": -19,
        "EBIT": NaN,
        "Net Income": 10
    },
    "2016-09-30": {
        "Diluted EPS": 0.0,
        "Total Revenue": NaN,
        "Gross Profit": NaN,
        "Operating Income": NaN,
        "EBIT": NaN,
        "Net Income": NaN
    },
    "2023-09-30": {
        "Tax Effect Of Unusual Items": -3206.0,
        "Tax Rate For Calcs": 0.229,
        "Total Unusual Items": -14000.0,
        "Total Unusual Items Excluding Goodwill": -14000.0,
        "Net Income From Continuing Operation Net Minority Interest": 9130000.0,
        "Reconciled Depreciation": 3613000.0,
        "Net Interest Income": 46993000.0,
        "Interest Expense": 49136000.0,
        "Interest Income": 96129000.0,
        "Normalized Income": 9140794.0,
        "Net Income From Continuing And Discontinued Operation": 9130000.0,
        "Diluted Average Shares": 102097491.0,
        "Basic Average Shares": 101968294.0,
        "Diluted EPS": 0.09,
        "Basic EPS": 0.09,
        "Diluted NI Availto Com Stockholders": 9130000.0,
        "Net Income Common Stockholders": 9130000.0,
        "Net Income": 9130000.0,
        "Net Income Including Noncontrolling Interests": 9130000.0,
        "Net Income Continuous Operations": 9130000.0,
        "Tax Provision": 2705000.0,
        "Pretax Income": 11835000.0,
        "Special Income Charges": -14000.0,
        "Restructuring And Mergern Acquisition": 14000.0,
        "Gain On Sale Of Security": -81000.0,
        "Selling General And Administration": 30800000.0,
        "Selling And Marketing Expense": 834000.0,
        "General And Administrative Expense": 29966000.0,
        "Insurance And Claims": 1201000.0,
        "Salaries And Wages": 28765000.0,
        "Total Revenue": 57124000.0,
        "Operating Revenue": 57124000.0,
        "Occupancy And Equipment": 5845000.0,
        "Professional Expense And Contract Services Expense": 2490000.0,
        "Other Non Interest Expense": 3761000.0
    },
    "2023-12-31": {
        "Tax Effect Of Unusual Items": -72839.655636,
        "Tax Rate For Calcs": 0.116357,
        "Total Unusual Items": -626000.0,
        "Total Unusual Items Excluding Goodwill": -626000.0,
        "Net Income From Continuing Operation Net Minority Interest": 6569000.0,
        "Reconciled Depreciation": 3576000.0,
        "Net Interest Income": 43808000.0,
        "Interest Expense": 65571000.0,
        "Interest Income": 109379000.0,
        "Normalized Income": 7122160.344364,
        "Net Income From Continuing And Discontinued Operation": 6569000.0,
        "Diluted Average Shares": 101817194.0,
        "Basic Average Shares": 101656890.0,
        "Diluted EPS": 0.06,
        "Basic EPS": 0.06,
        "Diluted NI Availto Com Stockholders": 6569000.0,
        "Net Income Common Stockholders": 6569000.0,
        "Net Income": 6569000.0,
        "Net Income Including Noncontrolling Interests": 6569000.0,
        "Net Income Continuous Operations": 6569000.0,
        "Tax Provision": 865000.0,
        "Pretax Income": 7434000.0,
        "Special Income Charges": -626000.0,
        "Restructuring And Mergern Acquisition": 326000.0,
        "Gain On Sale Of Security": 446000.0,
        "Selling General And Administration": 33976000.0,
        "Selling And Marketing Expense": 498000.0,
        "General And Administrative Expense": 33478000.0,
        "Insurance And Claims": 5015000.0,
        "Salaries And Wages": 28463000.0,
        "Total Revenue": 56588000.0,
        "Operating Revenue": 56588000.0,
        "Occupancy And Equipment": 5590000.0,
        "Professional Expense And Contract Services Expense": 3083000.0,
        "Other Non Interest Expense": 4724000.0
    },
    "2024-03-31": {
        "Tax Effect Of Unusual Items": -2200.0,
        "Tax Rate For Calcs": 0.1,
        "Total Unusual Items": -22000.0,
        "Total Unusual Items Excluding Goodwill": -22000.0,
        "Net Income From Continuing Operation Net Minority Interest": -1155000.0,
        "Reconciled Depreciation": 3623000.0,
        "Net Interest Income": 40239000.0,
        "Interest Expense": 66427000.0,
        "Interest Income": 106666000.0,
        "Normalized Income": -1135200.0,
        "Net Income From Continuing And Discontinued Operation": -1155000.0,
        "Diluted Average Shares": 101988425.0,
        "Basic Average Shares": 101746740.0,
        "Diluted EPS": -0.01,
        "Basic EPS": -0.01,
        "Diluted NI Availto Com Stockholders": -1155000.0,
        "Net Income Common Stockholders": -1155000.0,
        "Net Income": -1155000.0,
        "Net Income Including Noncontrolling Interests": -1155000.0,
        "Net Income Continuous Operations": -1155000.0,
        "Tax Provision": -129000.0,
        "Pretax Income": -1284000.0,
        "Special Income Charges": -22000.0,
        "Restructuring And Mergern Acquisition": 22000.0,
        "Gain On Sale Of Security": -905000.0,
        "Selling General And Administration": 30494000.0,
        "Selling And Marketing Expense": 626000.0,
        "General And Administrative Expense": 29868000.0,
        "Insurance And Claims": 2355000.0,
        "Salaries And Wages": 27513000.0,
        "Total Revenue": 49652000.0,
        "Operating Revenue": 49652000.0,
        "Occupancy And Equipment": 5973000.0,
        "Professional Expense And Contract Services Expense": 4634000.0,
        "Other Non Interest Expense": 4535000.0
    },
    "2024-06-30": {
        "Tax Effect Of Unusual Items": -40063.913675,
        "Tax Rate For Calcs": 0.057896,
        "Total Unusual Items": -692000.0,
        "Total Unusual Items Excluding Goodwill": -692000.0,
        "Net Income From Continuing Operation Net Minority Interest": 4540000.0,
        "Reconciled Depreciation": 3663000.0,
        "Net Interest Income": 42248000.0,
        "Interest Expense": 69206000.0,
        "Interest Income": 111454000.0,
        "Normalized Income": 5191936.086325,
        "Net Income From Continuing And Discontinued Operation": 4540000.0,
        "Diluted Average Shares": 101651511.0,
        "Basic Average Shares": 101651511.0,
        "Diluted EPS": 0.04,
        "Basic EPS": 0.04,
        "Diluted NI Availto Com Stockholders": 4540000.0,
        "Net Income Common Stockholders": 4540000.0,
        "Net Income": 4540000.0,
        "Net Income Including Noncontrolling Interests": 4540000.0,
        "Net Income Continuous Operations": 4540000.0,
        "Tax Provision": 279000.0,
        "Pretax Income": 4819000.0,
        "Special Income Charges": -692000.0,
        "Restructuring And Mergern Acquisition": 692000.0,
        "Gain On Sale Of Security": 101000.0,
        "Selling General And Administration": 30199000.0,
        "Selling And Marketing Expense": 661000.0,
        "General And Administrative Expense": 29538000.0,
        "Insurance And Claims": 1879000.0,
        "Salaries And Wages": 27659000.0,
        "Total Revenue": 53260000.0,
        "Operating Revenue": 53260000.0,
        "Occupancy And Equipment": 6054000.0,
        "Professional Expense And Contract Services Expense": 4509000.0,
        "Other Non Interest Expense": 4793000.0
    }
}