{
    "2023-03-31": {
        "Tax Effect Of Unusual Items": 311045.883941,
        "Tax Rate For Calcs": 0.222972,
        "Normalized EBITDA": 13524000.0,
        "Total Unusual Items": 1395000.0,
        "Total Unusual Items Excluding Goodwill": 1395000.0,
        "Net Income From Continuing Operation Net Minority Interest": 10364000.0,
        "Reconciled Depreciation": 1469000.0,
        "Reconciled Cost Of Revenue": 48246000.0,
        "EBITDA": 14919000.0,
        "EBIT": 13450000.0,
        "Net Interest Income": -112000.0,
        "Interest Expense": 112000.0,
        "Interest Income": NaN,
        "Normalized Income": 9280045.883941,
        "Net Income From Continuing And Discontinued Operation": 10364000.0,
        "Total Expenses": 59754000.0,
        "Total Operating Income As Reported": 12055000.0,
        "Diluted Average Shares": 15260769.0,
        "Basic Average Shares": 15233848.0,
        "Diluted EPS": 0.67,
        "Basic EPS": 0.67,
        "Diluted NI Availto Com Stockholders": 10364000.0,
        "Net Income Common Stockholders": 10364000.0,
        "Net Income": 10364000.0,
        "Net Income Including Noncontrolling Interests": 10364000.0,
        "Net Income Continuous Operations": 10364000.0,
        "Tax Provision": 2974000.0,
        "Pretax Income": 13338000.0,
        "Other Income Expense": 1395000.0,
        "Gain On Sale Of Security": 1395000.0,
        "Net Non Operating Interest Income Expense": -112000.0,
        "Interest Expense Non Operating": 112000.0,
        "Interest Income Non Operating": NaN,
        "Operating Income": 12055000.0,
        "Operating Expense": 11508000.0,
        "Selling General And Administration": 11508000.0,
        "Gross Profit": 23563000.0,
        "Cost Of Revenue": 48246000.0,
        "Total Revenue": 71809000.0,
        "Operating Revenue": 71809000.0
    },
    "2022-12-31": {
        "Tax Effect Of Unusual Items": 62418.0,
        "Tax Rate For Calcs": 0.206,
        "Normalized EBITDA": 19243000.0,
        "Total Unusual Items": 303000.0,
        "Total Unusual Items Excluding Goodwill": 303000.0,
        "Net Income From Continuing Operation Net Minority Interest": 14255000.0,
        "Reconciled Depreciation": 1353000.0,
        "Reconciled Cost Of Revenue": 55293000.0,
        "EBITDA": 19546000.0,
        "EBIT": 18193000.0,
        "Net Interest Income": -243000.0,
        "Interest Expense": 243000.0,
        "Interest Income": NaN,
        "Normalized Income": 14014418.0,
        "Net Income From Continuing And Discontinued Operation": 14255000.0,
        "Total Expenses": 68052000.0,
        "Total Operating Income As Reported": 17890000.0,
        "Diluted Average Shares": 14284847.0,
        "Basic Average Shares": 14165550.0,
        "Diluted EPS": 1.0,
        "Basic EPS": 1.01,
        "Diluted NI Availto Com Stockholders": 14255000.0,
        "Net Income Common Stockholders": 14255000.0,
        "Net Income": 14255000.0,
        "Net Income Including Noncontrolling Interests": 14255000.0,
        "Net Income Continuous Operations": 14255000.0,
        "Tax Provision": 3695000.0,
        "Pretax Income": 17950000.0,
        "Other Income Expense": 303000.0,
        "Gain On Sale Of Security": 303000.0,
        "Net Non Operating Interest Income Expense": -243000.0,
        "Interest Expense Non Operating": 243000.0,
        "Interest Income Non Operating": NaN,
        "Operating Income": 17890000.0,
        "Operating Expense": 12759000.0,
        "Selling General And Administration": 12759000.0,
        "Gross Profit": 30649000.0,
        "Cost Of Revenue": 55293000.0,
        "Total Revenue": 85942000.0,
        "Operating Revenue": 85942000.0
    },
    "2022-09-30": {
        "Tax Effect Of Unusual Items": 9988.0,
        "Tax Rate For Calcs": 0.227,
        "Normalized EBITDA": 23490000.0,
        "Total Unusual Items": 44000.0,
        "Total Unusual Items Excluding Goodwill": 44000.0,
        "Net Income From Continuing Operation Net Minority Interest": 16991000.0,
        "Reconciled Depreciation": 1239000.0,
        "Reconciled Cost Of Revenue": 57524000.0,
        "EBITDA": 23534000.0,
        "EBIT": 22295000.0,
        "Net Interest Income": -311000.0,
        "Interest Expense": 311000.0,
        "Interest Income": NaN,
        "Normalized Income": 16956988.0,
        "Net Income From Continuing And Discontinued Operation": 16991000.0,
        "Total Expenses": 72778000.0,
        "Total Operating Income As Reported": 22251000.0,
        "Diluted Average Shares": 13923879.0,
        "Basic Average Shares": 13803810.0,
        "Diluted EPS": 1.22,
        "Basic EPS": 1.22,
        "Diluted NI Availto Com Stockholders": 16991000.0,
        "Net Income Common Stockholders": 16991000.0,
        "Net Income": 16991000.0,
        "Net Income Including Noncontrolling Interests": 16991000.0,
        "Net Income Continuous Operations": 16991000.0,
        "Tax Provision": 4993000.0,
        "Pretax Income": 21984000.0,
        "Other Income Expense": 44000.0,
        "Gain On Sale Of Security": 44000.0,
        "Net Non Operating Interest Income Expense": -311000.0,
        "Interest Expense Non Operating": 311000.0,
        "Interest Income Non Operating": NaN,
        "Operating Income": 22251000.0,
        "Operating Expense": 15254000.0,
        "Selling General And Administration": 15254000.0,
        "Gross Profit": 37505000.0,
        "Cost Of Revenue": 57524000.0,
        "Total Revenue": 95029000.0,
        "Operating Revenue": 95029000.0
    },
    "2022-06-30": {
        "Tax Effect Of Unusual Items": 10062.0,
        "Tax Rate For Calcs": 0.234,
        "Normalized EBITDA": 17355000.0,
        "Total Unusual Items": 43000.0,
        "Total Unusual Items Excluding Goodwill": 43000.0,
        "Net Income From Continuing Operation Net Minority Interest": 12745000.0,
        "Reconciled Depreciation": 812000.0,
        "Reconciled Cost Of Revenue": 41943000.0,
        "EBITDA": 17398000.0,
        "EBIT": 16586000.0,
        "Net Interest Income": 43000.0,
        "Interest Expense": NaN,
        "Interest Income": 43000.0,
        "Normalized Income": 12712062.0,
        "Net Income From Continuing And Discontinued Operation": 12745000.0,
        "Total Expenses": 54664000.0,
        "Total Operating Income As Reported": 16586000.0,
        "Diluted Average Shares": 13899698.0,
        "Basic Average Shares": 13772269.0,
        "Diluted EPS": 0.92,
        "Basic EPS": 0.93,
        "Diluted NI Availto Com Stockholders": 12745000.0,
        "Net Income Common Stockholders": 12745000.0,
        "Net Income": 12745000.0,
        "Net Income Including Noncontrolling Interests": 12745000.0,
        "Net Income Continuous Operations": 12745000.0,
        "Tax Provision": 3884000.0,
        "Pretax Income": 16629000.0,
        "Other Income Expense": 43000.0,
        "Gain On Sale Of Security": 43000.0,
        "Net Non Operating Interest Income Expense": 43000.0,
        "Interest Expense Non Operating": NaN,
        "Interest Income Non Operating": 43000.0,
        "Operating Income": 16586000.0,
        "Operating Expense": 12721000.0,
        "Selling General And Administration": 12721000.0,
        "Gross Profit": 29307000.0,
        "Cost Of Revenue": 41943000.0,
        "Total Revenue": 71250000.0,
        "Operating Revenue": 71250000.0
    },
    "2022-03-31": {
        "Diluted EPS": 0.66,
        "Total Revenue": 53,
        "Gross Profit": 23,
        "Operating Income": 12,
        "EBIT": 13,
        "Net Income": 9
    },
    "2021-12-31": {
        "Diluted EPS": 0.75,
        "Total Revenue": 51,
        "Gross Profit": 23,
        "Operating Income": 13,
        "EBIT": 14,
        "Net Income": 10
    },
    "2021-09-30": {
        "Diluted EPS": 0.53,
        "Total Revenue": 45,
        "Gross Profit": 20,
        "Operating Income": 9,
        "EBIT": 10,
        "Net Income": 7
    },
    "2021-06-30": {
        "Diluted EPS": 0.44,
        "Total Revenue": 39,
        "Gross Profit": 17,
        "Operating Income": 8,
        "EBIT": 8,
        "Net Income": 6
    },
    "2021-03-31": {
        "Diluted EPS": 0.27,
        "Total Revenue": 30,
        "Gross Profit": 13,
        "Operating Income": 4,
        "EBIT": 5,
        "Net Income": 4
    },
    "2020-12-31": {
        "Diluted EPS": 0.23,
        "Total Revenue": 27,
        "Gross Profit": 11,
        "Operating Income": 4,
        "EBIT": 4,
        "Net Income": 3
    },
    "2020-09-30": {
        "Diluted EPS": 0.22,
        "Total Revenue": 27,
        "Gross Profit": 11,
        "Operating Income": 4,
        "EBIT": 4,
        "Net Income": 3
    },
    "2020-06-30": {
        "Diluted EPS": 0.22,
        "Total Revenue": 26,
        "Gross Profit": 11,
        "Operating Income": 4,
        "EBIT": 4,
        "Net Income": 3
    },
    "2020-03-31": {
        "Diluted EPS": 0.05,
        "Total Revenue": 20,
        "Gross Profit": 8,
        "Operating Income": 1,
        "EBIT": 1,
        "Net Income": 1
    },
    "2019-12-31": {
        "Diluted EPS": 0.04,
        "Total Revenue": 19,
        "Gross Profit": 8,
        "Operating Income": 0,
        "EBIT": 1,
        "Net Income": 1
    },
    "2019-09-30": {
        "Diluted EPS": 0.14,
        "Total Revenue": 24,
        "Gross Profit": 9,
        "Operating Income": 2,
        "EBIT": 3,
        "Net Income": 2
    },
    "2019-06-30": {
        "Diluted EPS": 0.1,
        "Total Revenue": 22,
        "Gross Profit": 8,
        "Operating Income": 2,
        "EBIT": 2,
        "Net Income": 1
    },
    "2019-03-31": {
        "Diluted EPS": 0.02,
        "Total Revenue": 19,
        "Gross Profit": 7,
        "Operating Income": 0,
        "EBIT": 1,
        "Net Income": 0
    },
    "2018-12-31": {
        "Diluted EPS": 0.08,
        "Total Revenue": 20,
        "Gross Profit": 8,
        "Operating Income": 1,
        "EBIT": 2,
        "Net Income": 1
    },
    "2018-09-30": {
        "Diluted EPS": 0.14,
        "Total Revenue": 22,
        "Gross Profit": 9,
        "Operating Income": 3,
        "EBIT": 3,
        "Net Income": 2
    },
    "2018-06-30": {
        "Diluted EPS": 0.13,
        "Total Revenue": 21,
        "Gross Profit": 8,
        "Operating Income": 2,
        "EBIT": 3,
        "Net Income": 2
    },
    "2018-03-31": {
        "Diluted EPS": -0.02,
        "Total Revenue": 17,
        "Gross Profit": 7,
        "Operating Income": -1,
        "EBIT": 0,
        "Net Income": 0
    },
    "2017-12-31": {
        "Diluted EPS": 0.07,
        "Total Revenue": 17,
        "Gross Profit": 7,
        "Operating Income": 1,
        "EBIT": 1,
        "Net Income": 1
    },
    "2017-09-30": {
        "Diluted EPS": 0.09,
        "Total Revenue": 18,
        "Gross Profit": 8,
        "Operating Income": 2,
        "EBIT": 2,
        "Net Income": 1
    },
    "2017-06-30": {
        "Diluted EPS": 0.06,
        "Total Revenue": 20,
        "Gross Profit": 8,
        "Operating Income": 1,
        "EBIT": 2,
        "Net Income": 1
    },
    "2017-03-31": {
        "Diluted EPS": 0.07,
        "Total Revenue": 18,
        "Gross Profit": 7,
        "Operating Income": 1,
        "EBIT": 2,
        "Net Income": 1
    },
    "2016-12-31": {
        "Diluted EPS": 0.06,
        "Total Revenue": 18,
        "Gross Profit": 7,
        "Operating Income": 1,
        "EBIT": 2,
        "Net Income": 1
    },
    "2016-09-30": {
        "Diluted EPS": 0.2,
        "Total Revenue": 21,
        "Gross Profit": 10,
        "Operating Income": 3,
        "EBIT": 4,
        "Net Income": 3
    },
    "2016-06-30": {
        "Diluted EPS": 0.17,
        "Total Revenue": 22,
        "Gross Profit": 9,
        "Operating Income": 3,
        "EBIT": 4,
        "Net Income": 2
    },
    "2016-03-31": {
        "Diluted EPS": 0.11,
        "Total Revenue": 17,
        "Gross Profit": 7,
        "Operating Income": 2,
        "EBIT": 3,
        "Net Income": 1
    },
    "2015-12-31": {
        "Diluted EPS": 0.11,
        "Total Revenue": 16,
        "Gross Profit": 7,
        "Operating Income": 2,
        "EBIT": 2,
        "Net Income": 1
    },
    "2015-09-30": {
        "Diluted EPS": 0.1,
        "Total Revenue": 16,
        "Gross Profit": 7,
        "Operating Income": 2,
        "EBIT": 2,
        "Net Income": 1
    },
    "2015-06-30": {
        "Diluted EPS": 0.14,
        "Total Revenue": 18,
        "Gross Profit": 8,
        "Operating Income": 3,
        "EBIT": 3,
        "Net Income": 2
    },
    "2015-03-31": {
        "Diluted EPS": 0.02,
        "Total Revenue": 12,
        "Gross Profit": 5,
        "Operating Income": 0,
        "EBIT": 1,
        "Net Income": 0
    },
    "2014-12-31": {
        "Diluted EPS": 0.08,
        "Total Revenue": 14,
        "Gross Profit": 6,
        "Operating Income": 2,
        "EBIT": 2,
        "Net Income": 1
    },
    "2014-09-30": {
        "Diluted EPS": 0.08,
        "Total Revenue": 14,
        "Gross Profit": 6,
        "Operating Income": 2,
        "EBIT": 2,
        "Net Income": 1
    },
    "2014-06-30": {
        "Diluted EPS": 0.08,
        "Total Revenue": 14,
        "Gross Profit": 6,
        "Operating Income": 2,
        "EBIT": 2,
        "Net Income": 1
    },
    "2014-03-31": {
        "Diluted EPS": 0.09,
        "Total Revenue": 13,
        "Gross Profit": 6,
        "Operating Income": 2,
        "EBIT": 2,
        "Net Income": 1
    },
    "2013-12-31": {
        "Diluted EPS": 0.15,
        "Total Revenue": 16,
        "Gross Profit": 7,
        "Operating Income": 3,
        "EBIT": 3,
        "Net Income": 2
    },
    "2013-09-30": {
        "Diluted EPS": 0.19,
        "Total Revenue": 19,
        "Gross Profit": 8,
        "Operating Income": 4,
        "EBIT": 4,
        "Net Income": 2
    },
    "2013-06-30": {
        "Diluted EPS": 0.09,
        "Total Revenue": 14,
        "Gross Profit": 6,
        "Operating Income": 2,
        "EBIT": 2,
        "Net Income": 1
    },
    "2013-03-31": {
        "Diluted EPS": 0.04,
        "Total Revenue": 11,
        "Gross Profit": 4,
        "Operating Income": 1,
        "EBIT": 1,
        "Net Income": 1
    },
    "2012-12-31": {
        "Diluted EPS": 0.04,
        "Total Revenue": 10,
        "Gross Profit": 4,
        "Operating Income": 1,
        "EBIT": 1,
        "Net Income": 1
    },
    "2012-09-30": {
        "Diluted EPS": 0.37,
        "Total Revenue": 10,
        "Gross Profit": 4,
        "Operating Income": 1,
        "EBIT": 1,
        "Net Income": 5
    },
    "2012-06-30": {
        "Diluted EPS": 0.14,
        "Total Revenue": 11,
        "Gross Profit": 5,
        "Operating Income": 2,
        "EBIT": 2,
        "Net Income": 2
    },
    "2012-03-31": {
        "Diluted EPS": 0.01,
        "Total Revenue": 7,
        "Gross Profit": 3,
        "Operating Income": 0,
        "EBIT": 0,
        "Net Income": 0
    },
    "2011-12-31": {
        "Diluted EPS": 0.08,
        "Total Revenue": 9,
        "Gross Profit": 4,
        "Operating Income": 1,
        "EBIT": 1,
        "Net Income": 1
    },
    "2011-09-30": {
        "Diluted EPS": 0.3,
        "Total Revenue": 11,
        "Gross Profit": 4,
        "Operating Income": 1,
        "EBIT": 1,
        "Net Income": 4
    },
    "2011-06-30": {
        "Diluted EPS": 0.1,
        "Total Revenue": 10,
        "Gross Profit": 4,
        "Operating Income": 1,
        "EBIT": 1,
        "Net Income": 1
    },
    "2011-03-31": {
        "Diluted EPS": 0.04,
        "Total Revenue": 7,
        "Gross Profit": 3,
        "Operating Income": 1,
        "EBIT": 1,
        "Net Income": 1
    },
    "2010-12-31": {
        "Diluted EPS": 0.04,
        "Total Revenue": 7,
        "Gross Profit": 3,
        "Operating Income": 1,
        "EBIT": 1,
        "Net Income": 1
    },
    "2010-09-30": {
        "Diluted EPS": 0.06,
        "Total Revenue": 8,
        "Gross Profit": 3,
        "Operating Income": 1,
        "EBIT": 1,
        "Net Income": 1
    },
    "2010-06-30": {
        "Diluted EPS": 0.05,
        "Total Revenue": 7,
        "Gross Profit": 3,
        "Operating Income": 1,
        "EBIT": 1,
        "Net Income": 1
    },
    "2010-03-31": {
        "Diluted EPS": -0.01,
        "Total Revenue": 5,
        "Gross Profit": 2,
        "Operating Income": 0,
        "EBIT": 0,
        "Net Income": 0
    },
    "2009-12-31": {
        "Diluted EPS": -0.01,
        "Total Revenue": 5,
        "Gross Profit": 2,
        "Operating Income": 0,
        "EBIT": 0,
        "Net Income": 0
    },
    "2009-09-30": {
        "Diluted EPS": 0.23,
        "Total Revenue": 7,
        "Gross Profit": 2,
        "Operating Income": 0,
        "EBIT": 0,
        "Net Income": 3
    },
    "2009-06-30": {
        "Diluted EPS": 0.05,
        "Total Revenue": 7,
        "Gross Profit": 3,
        "Operating Income": 1,
        "EBIT": 1,
        "Net Income": 1
    },
    "2009-03-31": {
        "Diluted EPS": 0.01,
        "Total Revenue": 5,
        "Gross Profit": 2,
        "Operating Income": 0,
        "EBIT": 0,
        "Net Income": 0
    },
    "2023-06-30": {
        "Tax Effect Of Unusual Items": 425277.620397,
        "Tax Rate For Calcs": 0.260907,
        "Normalized EBITDA": 7214000.0,
        "Total Unusual Items": 1630000.0,
        "Total Unusual Items Excluding Goodwill": 1630000.0,
        "Net Income From Continuing Operation Net Minority Interest": 5218000.0,
        "Reconciled Depreciation": 1589000.0,
        "Reconciled Cost Of Revenue": 42210000.0,
        "EBITDA": 8844000.0,
        "EBIT": 7255000.0,
        "Net Interest Income": -195000.0,
        "Interest Expense": 195000.0,
        "Interest Income": NaN,
        "Normalized Income": 4013277.620397,
        "Net Income From Continuing And Discontinued Operation": 5218000.0,
        "Total Expenses": 55659000.0,
        "Total Operating Income As Reported": 5625000.0,
        "Diluted Average Shares": 15254341.0,
        "Basic Average Shares": 15254341.0,
        "Diluted EPS": 0.33,
        "Basic EPS": 0.33,
        "Diluted NI Availto Com Stockholders": 5218000.0,
        "Net Income Common Stockholders": 5218000.0,
        "Net Income": 5218000.0,
        "Net Income Including Noncontrolling Interests": 5218000.0,
        "Net Income Continuous Operations": 5218000.0,
        "Tax Provision": 1842000.0,
        "Pretax Income": 7060000.0,
        "Other Income Expense": 1630000.0,
        "Gain On Sale Of Security": 1630000.0,
        "Net Non Operating Interest Income Expense": -195000.0,
        "Interest Expense Non Operating": 195000.0,
        "Interest Income Non Operating": NaN,
        "Operating Income": 5625000.0,
        "Operating Expense": 13449000.0,
        "Selling General And Administration": 13449000.0,
        "Gross Profit": 19074000.0,
        "Cost Of Revenue": 42210000.0,
        "Total Revenue": 61284000.0,
        "Operating Revenue": 61284000.0
    }
}