{
    "2023-03-31": {
        "Tax Effect Of Unusual Items": 0.0,
        "Tax Rate For Calcs": 0.001645,
        "Normalized EBITDA": -23864000.0,
        "Total Unusual Items": NaN,
        "Total Unusual Items Excluding Goodwill": NaN,
        "Net Income From Continuing Operation Net Minority Interest": -38697000.0,
        "Reconciled Depreciation": 10678000.0,
        "Reconciled Cost Of Revenue": 137946000.0,
        "EBITDA": -23864000.0,
        "EBIT": -34542000.0,
        "Net Interest Income": -1637000.0,
        "Interest Expense": 4354000.0,
        "Interest Income": 2717000.0,
        "Normalized Income": -38697000.0,
        "Net Income From Continuing And Discontinued Operation": -38697000.0,
        "Total Expenses": 167595000.0,
        "Total Operating Income As Reported": -35412000.0,
        "Diluted Average Shares": 222717113.0,
        "Basic Average Shares": 222717113.0,
        "Diluted EPS": -0.17,
        "Basic EPS": -0.17,
        "Diluted NI Availto Com Stockholders": -38697000.0,
        "Net Income Common Stockholders": -38697000.0,
        "Net Income": -38697000.0,
        "Minority Interests": 135000.0,
        "Net Income Including Noncontrolling Interests": -38832000.0,
        "Net Income Continuous Operations": -38832000.0,
        "Tax Provision": -64000.0,
        "Pretax Income": -38896000.0,
        "Other Income Expense": -1847000.0,
        "Other Non Operating Income Expenses": 43000.0,
        "Special Income Charges": NaN,
        "Gain On Sale Of Business": NaN,
        "Earnings From Equity Interest": -1890000.0,
        "Net Non Operating Interest Income Expense": -1637000.0,
        "Interest Expense Non Operating": 4354000.0,
        "Interest Income Non Operating": 2717000.0,
        "Operating Income": -35412000.0,
        "Operating Expense": 29649000.0,
        "Selling General And Administration": 29649000.0,
        "Gross Profit": -5763000.0,
        "Cost Of Revenue": 137946000.0,
        "Total Revenue": 132183000.0,
        "Operating Revenue": 132183000.0
    },
    "2022-12-31": {
        "Tax Effect Of Unusual Items": 0.0,
        "Tax Rate For Calcs": 0.000239,
        "Normalized EBITDA": 1451000.0,
        "Total Unusual Items": 0.0,
        "Total Unusual Items Excluding Goodwill": 0.0,
        "Net Income From Continuing Operation Net Minority Interest": -12334000.0,
        "Reconciled Depreciation": 12189000.0,
        "Reconciled Cost Of Revenue": 96358000.0,
        "EBITDA": 1451000.0,
        "EBIT": -10738000.0,
        "Net Interest Income": -228000.0,
        "Interest Expense": 1829000.0,
        "Interest Income": 1601000.0,
        "Normalized Income": -12334000.0,
        "Net Income From Continuing And Discontinued Operation": -12334000.0,
        "Total Expenses": 124905000.0,
        "Total Operating Income As Reported": -11149000.0,
        "Diluted Average Shares": 222429591.0,
        "Basic Average Shares": 222429591.0,
        "Diluted EPS": -0.06,
        "Basic EPS": -0.06,
        "Diluted NI Availto Com Stockholders": -12334000.0,
        "Net Income Common Stockholders": -12334000.0,
        "Net Income": -12334000.0,
        "Minority Interests": 230000.0,
        "Net Income Including Noncontrolling Interests": -12564000.0,
        "Net Income Continuous Operations": -12564000.0,
        "Tax Provision": -3000.0,
        "Pretax Income": -12567000.0,
        "Other Income Expense": -1190000.0,
        "Other Non Operating Income Expenses": 36000.0,
        "Special Income Charges": 0.0,
        "Gain On Sale Of Business": 0.0,
        "Earnings From Equity Interest": -1226000.0,
        "Net Non Operating Interest Income Expense": -228000.0,
        "Interest Expense Non Operating": 1829000.0,
        "Interest Income Non Operating": 1601000.0,
        "Operating Income": -11149000.0,
        "Operating Expense": 28547000.0,
        "Selling General And Administration": 28547000.0,
        "Gross Profit": 17398000.0,
        "Cost Of Revenue": 96358000.0,
        "Total Revenue": 113756000.0,
        "Operating Revenue": 113756000.0
    },
    "2022-09-30": {
        "Tax Effect Of Unusual Items": 0.0,
        "Tax Rate For Calcs": 0.4,
        "Normalized EBITDA": 12227000.0,
        "Total Unusual Items": NaN,
        "Total Unusual Items Excluding Goodwill": NaN,
        "Net Income From Continuing Operation Net Minority Interest": -8973000.0,
        "Reconciled Depreciation": 20539000.0,
        "Reconciled Cost Of Revenue": 107814000.0,
        "EBITDA": 12227000.0,
        "EBIT": -8312000.0,
        "Net Interest Income": 349000.0,
        "Interest Expense": 670000.0,
        "Interest Income": 1019000.0,
        "Normalized Income": -8973000.0,
        "Net Income From Continuing And Discontinued Operation": -8973000.0,
        "Total Expenses": 134315000.0,
        "Total Operating Income As Reported": -8628000.0,
        "Diluted Average Shares": 222239376.0,
        "Basic Average Shares": 222239376.0,
        "Diluted EPS": -0.04,
        "Basic EPS": -0.04,
        "Diluted NI Availto Com Stockholders": -8973000.0,
        "Net Income Common Stockholders": -8973000.0,
        "Net Income": -8973000.0,
        "Minority Interests": 115000.0,
        "Net Income Including Noncontrolling Interests": -9088000.0,
        "Net Income Continuous Operations": -9088000.0,
        "Tax Provision": 106000.0,
        "Pretax Income": -8982000.0,
        "Other Income Expense": -703000.0,
        "Other Non Operating Income Expenses": 25000.0,
        "Special Income Charges": NaN,
        "Gain On Sale Of Business": NaN,
        "Earnings From Equity Interest": -728000.0,
        "Net Non Operating Interest Income Expense": 349000.0,
        "Interest Expense Non Operating": 670000.0,
        "Interest Income Non Operating": 1019000.0,
        "Operating Income": -8628000.0,
        "Operating Expense": 26501000.0,
        "Selling General And Administration": 26501000.0,
        "Gross Profit": 17873000.0,
        "Cost Of Revenue": 107814000.0,
        "Total Revenue": 125687000.0,
        "Operating Revenue": 125687000.0
    },
    "2022-06-30": {
        "Tax Effect Of Unusual Items": 0.0,
        "Tax Rate For Calcs": 0.4,
        "Normalized EBITDA": -2006000.0,
        "Total Unusual Items": NaN,
        "Total Unusual Items Excluding Goodwill": NaN,
        "Net Income From Continuing Operation Net Minority Interest": -13235000.0,
        "Reconciled Depreciation": 10556000.0,
        "Reconciled Cost Of Revenue": 82616000.0,
        "EBITDA": -2006000.0,
        "EBIT": -12562000.0,
        "Net Interest Income": -242000.0,
        "Interest Expense": 732000.0,
        "Interest Income": 490000.0,
        "Normalized Income": -13235000.0,
        "Net Income From Continuing And Discontinued Operation": -13235000.0,
        "Total Expenses": 109097000.0,
        "Total Operating Income As Reported": -11873000.0,
        "Diluted Average Shares": 222433900.0,
        "Basic Average Shares": 222433900.0,
        "Diluted EPS": -0.06,
        "Basic EPS": -0.06,
        "Diluted NI Availto Com Stockholders": -13235000.0,
        "Net Income Common Stockholders": -13235000.0,
        "Net Income": -13235000.0,
        "Minority Interests": 127000.0,
        "Net Income Including Noncontrolling Interests": -13362000.0,
        "Net Income Continuous Operations": -13362000.0,
        "Tax Provision": 68000.0,
        "Pretax Income": -13294000.0,
        "Other Income Expense": -1179000.0,
        "Other Non Operating Income Expenses": 14000.0,
        "Special Income Charges": NaN,
        "Gain On Sale Of Business": NaN,
        "Earnings From Equity Interest": -1193000.0,
        "Net Non Operating Interest Income Expense": -242000.0,
        "Interest Expense Non Operating": 732000.0,
        "Interest Income Non Operating": 490000.0,
        "Operating Income": -11873000.0,
        "Operating Expense": 26481000.0,
        "Selling General And Administration": 26481000.0,
        "Gross Profit": 14608000.0,
        "Cost Of Revenue": 82616000.0,
        "Total Revenue": 97224000.0,
        "Operating Revenue": 97224000.0
    },
    "2022-03-31": {
        "Diluted EPS": -0.11,
        "Total Revenue": 83,
        "Gross Profit": 19,
        "Operating Income": -20,
        "EBIT": -9,
        "Net Income": -24
    },
    "2021-12-31": {
        "Diluted EPS": 0.0,
        "Total Revenue": 92,
        "Gross Profit": 29,
        "Operating Income": -6,
        "EBIT": 5,
        "Net Income": -2
    },
    "2021-09-30": {
        "Diluted EPS": -0.02,
        "Total Revenue": 86,
        "Gross Profit": 30,
        "Operating Income": -3,
        "EBIT": 8,
        "Net Income": -4
    },
    "2021-06-30": {
        "Diluted EPS": -0.38,
        "Total Revenue": 0,
        "Gross Profit": -46,
        "Operating Income": -79,
        "EBIT": -68,
        "Net Income": -80
    },
    "2021-03-31": {
        "Diluted EPS": -0.04,
        "Total Revenue": 77,
        "Gross Profit": 27,
        "Operating Income": -6,
        "EBIT": 5,
        "Net Income": -7
    },
    "2020-12-31": {
        "Diluted EPS": -0.02,
        "Total Revenue": 75,
        "Gross Profit": 26,
        "Operating Income": -2,
        "EBIT": 10,
        "Net Income": -3
    },
    "2020-09-30": {
        "Diluted EPS": -0.01,
        "Total Revenue": 71,
        "Gross Profit": 26,
        "Operating Income": -3,
        "EBIT": 9,
        "Net Income": -2
    },
    "2020-06-30": {
        "Diluted EPS": -0.03,
        "Total Revenue": 60,
        "Gross Profit": 21,
        "Operating Income": -7,
        "EBIT": 5,
        "Net Income": -7
    },
    "2020-03-31": {
        "Diluted EPS": 0.01,
        "Total Revenue": 86,
        "Gross Profit": 33,
        "Operating Income": 2,
        "EBIT": 14,
        "Net Income": 2
    },
    "2019-12-31": {
        "Diluted EPS": 0.2,
        "Total Revenue": 120,
        "Gross Profit": 64,
        "Operating Income": 35,
        "EBIT": 47,
        "Net Income": 41
    },
    "2019-09-30": {
        "Diluted EPS": -0.02,
        "Total Revenue": 74,
        "Gross Profit": 25,
        "Operating Income": -5,
        "EBIT": 7,
        "Net Income": -4
    },
    "2019-06-30": {
        "Diluted EPS": -0.03,
        "Total Revenue": 72,
        "Gross Profit": 25,
        "Operating Income": -6,
        "EBIT": 7,
        "Net Income": -5
    },
    "2019-03-31": {
        "Diluted EPS": -0.05,
        "Total Revenue": 78,
        "Gross Profit": 19,
        "Operating Income": -14,
        "EBIT": -1,
        "Net Income": -11
    },
    "2018-12-31": {
        "Diluted EPS": 0.02,
        "Total Revenue": 96,
        "Gross Profit": 37,
        "Operating Income": 4,
        "EBIT": 15,
        "Net Income": 7
    },
    "2018-09-30": {
        "Diluted EPS": -0.05,
        "Total Revenue": 77,
        "Gross Profit": 25,
        "Operating Income": -7,
        "EBIT": 6,
        "Net Income": -11
    },
    "2018-06-30": {
        "Diluted EPS": -0.07,
        "Total Revenue": 70,
        "Gross Profit": 25,
        "Operating Income": -8,
        "EBIT": 5,
        "Net Income": -12
    },
    "2018-03-31": {
        "Diluted EPS": 0.08,
        "Total Revenue": 102,
        "Gross Profit": 48,
        "Operating Income": 16,
        "EBIT": 29,
        "Net Income": 12
    },
    "2017-12-31": {
        "Diluted EPS": -0.19,
        "Total Revenue": 89,
        "Gross Profit": 25,
        "Operating Income": -19,
        "EBIT": -6,
        "Net Income": -28
    },
    "2017-09-30": {
        "Diluted EPS": -0.62,
        "Total Revenue": 82,
        "Gross Profit": 8,
        "Operating Income": -91,
        "EBIT": -77,
        "Net Income": -94
    },
    "2017-06-30": {
        "Diluted EPS": -0.12,
        "Total Revenue": 81,
        "Gross Profit": 24,
        "Operating Income": -14,
        "EBIT": 1,
        "Net Income": -18
    },
    "2017-03-31": {
        "Diluted EPS": 0.4,
        "Total Revenue": 89,
        "Gross Profit": 29,
        "Operating Income": -10,
        "EBIT": 5,
        "Net Income": 61
    },
    "2016-12-31": {
        "Diluted EPS": -0.04,
        "Total Revenue": 102,
        "Gross Profit": 36,
        "Operating Income": -7,
        "EBIT": 8,
        "Net Income": -4
    },
    "2016-09-30": {
        "Diluted EPS": -0.1,
        "Total Revenue": 97,
        "Gross Profit": 35,
        "Operating Income": -6,
        "EBIT": 10,
        "Net Income": -13
    },
    "2016-06-30": {
        "Diluted EPS": 0.01,
        "Total Revenue": 108,
        "Gross Profit": 39,
        "Operating Income": -1,
        "EBIT": 14,
        "Net Income": 2
    },
    "2016-03-31": {
        "Diluted EPS": 0.03,
        "Total Revenue": 96,
        "Gross Profit": 37,
        "Operating Income": -4,
        "EBIT": 11,
        "Net Income": 3
    },
    "2015-12-31": {
        "Diluted EPS": -0.55,
        "Total Revenue": 119,
        "Gross Profit": 56,
        "Operating Income": 15,
        "EBIT": 30,
        "Net Income": -50
    },
    "2015-09-30": {
        "Diluted EPS": -0.25,
        "Total Revenue": 92,
        "Gross Profit": 26,
        "Operating Income": -16,
        "EBIT": -1,
        "Net Income": -23
    },
    "2015-06-30": {
        "Diluted EPS": -0.33,
        "Total Revenue": 87,
        "Gross Profit": 23,
        "Operating Income": -20,
        "EBIT": -5,
        "Net Income": -30
    },
    "2015-03-31": {
        "Diluted EPS": -0.34,
        "Total Revenue": 86,
        "Gross Profit": 21,
        "Operating Income": -21,
        "EBIT": -7,
        "Net Income": -31
    },
    "2014-12-31": {
        "Diluted EPS": 0.0,
        "Total Revenue": 132,
        "Gross Profit": 52,
        "Operating Income": 4,
        "EBIT": 19,
        "Net Income": 1
    },
    "2014-09-30": {
        "Diluted EPS": -0.32,
        "Total Revenue": 103,
        "Gross Profit": 19,
        "Operating Income": -18,
        "EBIT": -5,
        "Net Income": -30
    },
    "2014-06-30": {
        "Diluted EPS": -0.34,
        "Total Revenue": 98,
        "Gross Profit": 25,
        "Operating Income": -23,
        "EBIT": -11,
        "Net Income": -32
    },
    "2014-03-31": {
        "Diluted EPS": -0.3,
        "Total Revenue": 95,
        "Gross Profit": 24,
        "Operating Income": -17,
        "EBIT": -5,
        "Net Income": -29
    },
    "2013-12-31": {
        "Diluted EPS": -0.34,
        "Total Revenue": 85,
        "Gross Profit": 28,
        "Operating Income": -19,
        "EBIT": -8,
        "Net Income": -32
    },
    "2013-09-30": {
        "Diluted EPS": -0.2,
        "Total Revenue": 86,
        "Gross Profit": 32,
        "Operating Income": -12,
        "EBIT": 0,
        "Net Income": -19
    },
    "2013-06-30": {
        "Diluted EPS": -0.13,
        "Total Revenue": 88,
        "Gross Profit": 26,
        "Operating Income": -20,
        "EBIT": -9,
        "Net Income": -12
    },
    "2013-03-31": {
        "Diluted EPS": -0.04,
        "Total Revenue": 93,
        "Gross Profit": 42,
        "Operating Income": -1,
        "EBIT": 10,
        "Net Income": -4
    },
    "2012-12-31": {
        "Diluted EPS": -0.47,
        "Total Revenue": 99,
        "Gross Profit": 21,
        "Operating Income": -21,
        "EBIT": -11,
        "Net Income": -42
    },
    "2012-09-30": {
        "Diluted EPS": -0.19,
        "Total Revenue": 91,
        "Gross Profit": 20,
        "Operating Income": -14,
        "EBIT": -4,
        "Net Income": -16
    },
    "2012-06-30": {
        "Diluted EPS": -0.13,
        "Total Revenue": 70,
        "Gross Profit": 21,
        "Operating Income": -7,
        "EBIT": 3,
        "Net Income": -11
    },
    "2012-03-31": {
        "Diluted EPS": -0.37,
        "Total Revenue": 74,
        "Gross Profit": 18,
        "Operating Income": -29,
        "EBIT": -20,
        "Net Income": -32
    },
    "2011-12-31": {
        "Diluted EPS": -0.3,
        "Total Revenue": 86,
        "Gross Profit": 20,
        "Operating Income": -16,
        "EBIT": -7,
        "Net Income": -21
    },
    "2011-09-30": {
        "Diluted EPS": -0.16,
        "Total Revenue": 72,
        "Gross Profit": 19,
        "Operating Income": -7,
        "EBIT": 2,
        "Net Income": -11
    },
    "2011-06-30": {
        "Diluted EPS": -0.08,
        "Total Revenue": 69,
        "Gross Profit": 19,
        "Operating Income": -6,
        "EBIT": 3,
        "Net Income": -6
    },
    "2011-03-31": {
        "Diluted EPS": -0.14,
        "Total Revenue": 65,
        "Gross Profit": 18,
        "Operating Income": -10,
        "EBIT": -2,
        "Net Income": -10
    },
    "2010-12-31": {
        "Diluted EPS": 0.26,
        "Total Revenue": 83,
        "Gross Profit": 33,
        "Operating Income": 12,
        "EBIT": 20,
        "Net Income": 14
    },
    "2010-09-30": {
        "Diluted EPS": -0.03,
        "Total Revenue": 46,
        "Gross Profit": 12,
        "Operating Income": -1,
        "EBIT": 4,
        "Net Income": -2
    },
    "2010-06-30": {
        "Diluted EPS": 0.14,
        "Total Revenue": 44,
        "Gross Profit": 13,
        "Operating Income": 10,
        "EBIT": 15,
        "Net Income": 10
    },
    "2010-03-31": {
        "Diluted EPS": -0.41,
        "Total Revenue": 39,
        "Gross Profit": 11,
        "Operating Income": -26,
        "EBIT": -21,
        "Net Income": -24
    },
    "2009-12-31": {
        "Diluted EPS": -0.03,
        "Total Revenue": 42,
        "Gross Profit": 16,
        "Operating Income": -2,
        "EBIT": 2,
        "Net Income": -2
    },
    "2009-09-30": {
        "Diluted EPS": -0.31,
        "Total Revenue": 31,
        "Gross Profit": 12,
        "Operating Income": -18,
        "EBIT": -13,
        "Net Income": -18
    },
    "2009-06-30": {
        "Diluted EPS": -0.13,
        "Total Revenue": 28,
        "Gross Profit": 12,
        "Operating Income": -6,
        "EBIT": -2,
        "Net Income": -6
    },
    "2009-03-31": {
        "Diluted EPS": -0.13,
        "Total Revenue": 30,
        "Gross Profit": 9,
        "Operating Income": -7,
        "EBIT": -3,
        "Net Income": -6
    },
    "2023-06-30": {
        "Tax Effect Of Unusual Items": 0.0,
        "Tax Rate For Calcs": 0.003325,
        "Normalized EBITDA": -1283000.0,
        "Total Unusual Items": NaN,
        "Total Unusual Items Excluding Goodwill": NaN,
        "Net Income From Continuing Operation Net Minority Interest": -16301000.0,
        "Reconciled Depreciation": 10893000.0,
        "Reconciled Cost Of Revenue": 75055000.0,
        "EBITDA": -1283000.0,
        "EBIT": -12176000.0,
        "Net Interest Income": -1599000.0,
        "Interest Expense": 4365000.0,
        "Interest Income": 2766000.0,
        "Normalized Income": -16301000.0,
        "Net Income From Continuing And Discontinued Operation": -16301000.0,
        "Total Expenses": 103603000.0,
        "Total Operating Income As Reported": -13055000.0,
        "Diluted Average Shares": 222908402.0,
        "Basic Average Shares": 222908402.0,
        "Diluted EPS": -0.07,
        "Basic EPS": -0.07,
        "Diluted NI Availto Com Stockholders": -16301000.0,
        "Net Income Common Stockholders": -16301000.0,
        "Net Income": -16301000.0,
        "Minority Interests": 185000.0,
        "Net Income Including Noncontrolling Interests": -16486000.0,
        "Net Income Continuous Operations": -16486000.0,
        "Tax Provision": -55000.0,
        "Pretax Income": -16541000.0,
        "Other Income Expense": -1887000.0,
        "Other Non Operating Income Expenses": 28000.0,
        "Special Income Charges": NaN,
        "Gain On Sale Of Business": NaN,
        "Earnings From Equity Interest": -1915000.0,
        "Net Non Operating Interest Income Expense": -1599000.0,
        "Interest Expense Non Operating": 4365000.0,
        "Interest Income Non Operating": 2766000.0,
        "Operating Income": -13055000.0,
        "Operating Expense": 28548000.0,
        "Selling General And Administration": 28548000.0,
        "Gross Profit": 15493000.0,
        "Cost Of Revenue": 75055000.0,
        "Total Revenue": 90548000.0,
        "Operating Revenue": 90548000.0
    },
    "2023-09-30": {
        "Tax Effect Of Unusual Items": 0.0,
        "Tax Rate For Calcs": 0.001808,
        "Normalized EBITDA": -8714000.0,
        "Total Unusual Items": NaN,
        "Total Unusual Items Excluding Goodwill": NaN,
        "Net Income From Continuing Operation Net Minority Interest": -25812000.0,
        "Reconciled Depreciation": 13389000.0,
        "Reconciled Cost Of Revenue": 87818000.0,
        "EBITDA": -8714000.0,
        "EBIT": -22103000.0,
        "Net Interest Income": -1342000.0,
        "Interest Expense": 3893000.0,
        "Interest Income": 2551000.0,
        "Normalized Income": -25812000.0,
        "Net Income From Continuing And Discontinued Operation": -25812000.0,
        "Total Expenses": 116935000.0,
        "Total Operating Income As Reported": -21364000.0,
        "Diluted Average Shares": 222973575.0,
        "Basic Average Shares": 222973575.0,
        "Diluted EPS": -0.12,
        "Basic EPS": -0.12,
        "Diluted NI Availto Com Stockholders": -25812000.0,
        "Net Income Common Stockholders": -25812000.0,
        "Net Income": -25812000.0,
        "Minority Interests": 137000.0,
        "Net Income Including Noncontrolling Interests": -25949000.0,
        "Net Income Continuous Operations": -25949000.0,
        "Tax Provision": -47000.0,
        "Pretax Income": -25996000.0,
        "Other Income Expense": -3290000.0,
        "Other Non Operating Income Expenses": 14000.0,
        "Special Income Charges": NaN,
        "Gain On Sale Of Business": NaN,
        "Earnings From Equity Interest": -3304000.0,
        "Net Non Operating Interest Income Expense": -1342000.0,
        "Interest Expense Non Operating": 3893000.0,
        "Interest Income Non Operating": 2551000.0,
        "Operating Income": -21364000.0,
        "Operating Expense": 29117000.0,
        "Selling General And Administration": 29117000.0,
        "Gross Profit": 7753000.0,
        "Cost Of Revenue": 87818000.0,
        "Total Revenue": 95571000.0,
        "Operating Revenue": 95571000.0
    }
}