{
    "2023-03-31": {
        "Tax Effect Of Unusual Items": 0.0,
        "Tax Rate For Calcs": 0.4,
        "Normalized EBITDA": -173000.0,
        "Net Income From Continuing Operation Net Minority Interest": -832000.0,
        "Reconciled Depreciation": 350000.0,
        "Reconciled Cost Of Revenue": 2863000.0,
        "EBITDA": -173000.0,
        "EBIT": -523000.0,
        "Net Interest Income": -292000.0,
        "Interest Expense": 292000.0,
        "Normalized Income": -832000.0,
        "Net Income From Continuing And Discontinued Operation": -832000.0,
        "Total Expenses": 6367000.0,
        "Total Operating Income As Reported": -2189000.0,
        "Diluted Average Shares": 23955767.0,
        "Basic Average Shares": 23955767.0,
        "Diluted EPS": -0.03,
        "Basic EPS": -0.03,
        "Diluted NI Availto Com Stockholders": -832000.0,
        "Net Income Common Stockholders": -832000.0,
        "Net Income": -832000.0,
        "Net Income Including Noncontrolling Interests": -832000.0,
        "Net Income Continuous Operations": -832000.0,
        "Tax Provision": 17000.0,
        "Pretax Income": -815000.0,
        "Other Income Expense": 1666000.0,
        "Other Non Operating Income Expenses": 1666000.0,
        "Net Non Operating Interest Income Expense": -292000.0,
        "Interest Expense Non Operating": 292000.0,
        "Operating Income": -2189000.0,
        "Operating Expense": 3504000.0,
        "Research And Development": 1043000.0,
        "Selling General And Administration": 2461000.0,
        "Selling And Marketing Expense": 1192000.0,
        "General And Administrative Expense": 1269000.0,
        "Other Gand A": 1269000.0,
        "Gross Profit": 1315000.0,
        "Cost Of Revenue": 2863000.0,
        "Total Revenue": 4178000.0,
        "Operating Revenue": 4178000.0
    },
    "2022-12-31": {
        "Tax Effect Of Unusual Items": 0.0,
        "Tax Rate For Calcs": 0.22169,
        "Normalized EBITDA": 31007000.0,
        "Net Income From Continuing Operation Net Minority Interest": 24028000.0,
        "Reconciled Depreciation": 728000.0,
        "Reconciled Cost Of Revenue": 2757000.0,
        "EBITDA": 31007000.0,
        "EBIT": 31007000.0,
        "Net Interest Income": -135000.0,
        "Interest Expense": 135000.0,
        "Normalized Income": 24028000.0,
        "Net Income From Continuing And Discontinued Operation": 24028000.0,
        "Total Expenses": 6611000.0,
        "Total Operating Income As Reported": -2590000.0,
        "Diluted Average Shares": 24947851.0,
        "Basic Average Shares": 23952590.0,
        "Diluted EPS": 0.97,
        "Basic EPS": 1.0,
        "Diluted NI Availto Com Stockholders": 24028000.0,
        "Net Income Common Stockholders": 24028000.0,
        "Net Income": 24028000.0,
        "Net Income Including Noncontrolling Interests": 24028000.0,
        "Net Income Continuous Operations": 24028000.0,
        "Tax Provision": 6844000.0,
        "Pretax Income": 30872000.0,
        "Other Income Expense": 33597000.0,
        "Other Non Operating Income Expenses": 33597000.0,
        "Net Non Operating Interest Income Expense": -135000.0,
        "Interest Expense Non Operating": 135000.0,
        "Operating Income": -2590000.0,
        "Operating Expense": 3854000.0,
        "Research And Development": 984000.0,
        "Selling General And Administration": 2870000.0,
        "Selling And Marketing Expense": 1244000.0,
        "General And Administrative Expense": 1626000.0,
        "Other Gand A": 1626000.0,
        "Gross Profit": 1264000.0,
        "Cost Of Revenue": 2757000.0,
        "Total Revenue": 4021000.0,
        "Operating Revenue": 4021000.0
    },
    "2022-09-30": {
        "Tax Effect Of Unusual Items": 0.0,
        "Tax Rate For Calcs": 0.4,
        "Normalized EBITDA": -187000.0,
        "Net Income From Continuing Operation Net Minority Interest": -1248000.0,
        "Reconciled Depreciation": 946000.0,
        "Reconciled Cost Of Revenue": 3694000.0,
        "EBITDA": -187000.0,
        "EBIT": -1133000.0,
        "Net Interest Income": -90000.0,
        "Interest Expense": 90000.0,
        "Normalized Income": -1248000.0,
        "Net Income From Continuing And Discontinued Operation": -1248000.0,
        "Total Expenses": 7394000.0,
        "Total Operating Income As Reported": -1130000.0,
        "Diluted Average Shares": 23952555.0,
        "Basic Average Shares": 23952555.0,
        "Diluted EPS": -0.05,
        "Basic EPS": -0.05,
        "Diluted NI Availto Com Stockholders": -1248000.0,
        "Net Income Common Stockholders": -1248000.0,
        "Net Income": -1248000.0,
        "Net Income Including Noncontrolling Interests": -1248000.0,
        "Net Income Continuous Operations": -1248000.0,
        "Tax Provision": 25000.0,
        "Pretax Income": -1223000.0,
        "Other Income Expense": -3000.0,
        "Other Non Operating Income Expenses": -3000.0,
        "Net Non Operating Interest Income Expense": -90000.0,
        "Interest Expense Non Operating": 90000.0,
        "Operating Income": -1130000.0,
        "Operating Expense": 3700000.0,
        "Research And Development": 876000.0,
        "Selling General And Administration": 2824000.0,
        "Selling And Marketing Expense": 1151000.0,
        "General And Administrative Expense": 1673000.0,
        "Other Gand A": 1673000.0,
        "Gross Profit": 2570000.0,
        "Cost Of Revenue": 3694000.0,
        "Total Revenue": 6264000.0,
        "Operating Revenue": 6264000.0
    },
    "2022-06-30": {
        "Tax Effect Of Unusual Items": 0.0,
        "Tax Rate For Calcs": 0.4,
        "Normalized EBITDA": -144000.0,
        "Net Income From Continuing Operation Net Minority Interest": -257000.0,
        "Reconciled Depreciation": 945000.0,
        "Reconciled Cost Of Revenue": 4568000.0,
        "EBITDA": -144000.0,
        "EBIT": -144000.0,
        "Net Interest Income": -94000.0,
        "Interest Expense": 94000.0,
        "Normalized Income": -257000.0,
        "Net Income From Continuing And Discontinued Operation": -257000.0,
        "Total Expenses": 9024000.0,
        "Total Operating Income As Reported": -1649000.0,
        "Diluted Average Shares": 23948631.0,
        "Basic Average Shares": 23948631.0,
        "Diluted EPS": -0.01,
        "Basic EPS": -0.01,
        "Diluted NI Availto Com Stockholders": -257000.0,
        "Net Income Common Stockholders": -257000.0,
        "Net Income": -257000.0,
        "Net Income Including Noncontrolling Interests": -257000.0,
        "Net Income Continuous Operations": -257000.0,
        "Tax Provision": 19000.0,
        "Pretax Income": -238000.0,
        "Other Income Expense": 1505000.0,
        "Other Non Operating Income Expenses": 1505000.0,
        "Net Non Operating Interest Income Expense": -94000.0,
        "Interest Expense Non Operating": 94000.0,
        "Operating Income": -1649000.0,
        "Operating Expense": 4456000.0,
        "Research And Development": 1177000.0,
        "Selling General And Administration": 3279000.0,
        "Selling And Marketing Expense": 1562000.0,
        "General And Administrative Expense": 1717000.0,
        "Other Gand A": 1717000.0,
        "Gross Profit": 2807000.0,
        "Cost Of Revenue": 4568000.0,
        "Total Revenue": 7375000.0,
        "Operating Revenue": 7375000.0
    },
    "2022-03-31": {
        "Diluted EPS": -0.08,
        "Total Revenue": 8,
        "Gross Profit": 3,
        "Operating Income": -2,
        "EBIT": -1,
        "Net Income": -2
    },
    "2021-12-31": {
        "Diluted EPS": -0.11,
        "Total Revenue": 7,
        "Gross Profit": 3,
        "Operating Income": -2,
        "EBIT": -1,
        "Net Income": -2
    },
    "2021-09-30": {
        "Diluted EPS": -0.11,
        "Total Revenue": 7,
        "Gross Profit": 3,
        "Operating Income": -2,
        "EBIT": -1,
        "Net Income": -2
    },
    "2021-06-30": {
        "Diluted EPS": -0.08,
        "Total Revenue": 8,
        "Gross Profit": 3,
        "Operating Income": -1,
        "EBIT": -1,
        "Net Income": -2
    },
    "2021-03-31": {
        "Diluted EPS": -0.09,
        "Total Revenue": 7,
        "Gross Profit": 3,
        "Operating Income": -2,
        "EBIT": -1,
        "Net Income": -2
    },
    "2020-12-31": {
        "Diluted EPS": 0.33,
        "Total Revenue": 9,
        "Gross Profit": 4,
        "Operating Income": -1,
        "EBIT": 0,
        "Net Income": 6
    },
    "2020-09-30": {
        "Diluted EPS": -0.07,
        "Total Revenue": 8,
        "Gross Profit": 4,
        "Operating Income": -1,
        "EBIT": 0,
        "Net Income": -1
    },
    "2020-06-30": {
        "Diluted EPS": -0.12,
        "Total Revenue": 6,
        "Gross Profit": 3,
        "Operating Income": -2,
        "EBIT": -1,
        "Net Income": -2
    },
    "2020-03-31": {
        "Diluted EPS": -0.11,
        "Total Revenue": 6,
        "Gross Profit": 3,
        "Operating Income": -2,
        "EBIT": -1,
        "Net Income": -2
    },
    "2019-12-31": {
        "Diluted EPS": -0.12,
        "Total Revenue": 6,
        "Gross Profit": 3,
        "Operating Income": -2,
        "EBIT": -1,
        "Net Income": -2
    },
    "2019-09-30": {
        "Diluted EPS": -0.12,
        "Total Revenue": 6,
        "Gross Profit": 3,
        "Operating Income": -2,
        "EBIT": -1,
        "Net Income": -2
    },
    "2019-06-30": {
        "Diluted EPS": -0.13,
        "Total Revenue": 6,
        "Gross Profit": 3,
        "Operating Income": -2,
        "EBIT": -2,
        "Net Income": -2
    },
    "2019-03-31": {
        "Diluted EPS": -0.14,
        "Total Revenue": 6,
        "Gross Profit": 3,
        "Operating Income": -2,
        "EBIT": -2,
        "Net Income": -2
    },
    "2018-12-31": {
        "Diluted EPS": -0.17,
        "Total Revenue": 7,
        "Gross Profit": 3,
        "Operating Income": -3,
        "EBIT": -2,
        "Net Income": -3
    },
    "2018-09-30": {
        "Diluted EPS": -1.22,
        "Total Revenue": 7,
        "Gross Profit": 3,
        "Operating Income": -2,
        "EBIT": -2,
        "Net Income": -10
    },
    "2018-06-30": {
        "Diluted EPS": -0.26,
        "Total Revenue": 7,
        "Gross Profit": 3,
        "Operating Income": -3,
        "EBIT": -3,
        "Net Income": -2
    },
    "2018-03-31": {
        "Diluted EPS": -0.22,
        "Total Revenue": 7,
        "Gross Profit": 4,
        "Operating Income": -2,
        "EBIT": -2,
        "Net Income": -2
    },
    "2017-12-31": {
        "Diluted EPS": -0.42,
        "Total Revenue": 9,
        "Gross Profit": 5,
        "Operating Income": -1,
        "EBIT": -14,
        "Net Income": -4
    },
    "2017-09-30": {
        "Diluted EPS": -1.09,
        "Total Revenue": 11,
        "Gross Profit": 7,
        "Operating Income": -14,
        "EBIT": 0,
        "Net Income": -9
    },
    "2017-06-30": {
        "Diluted EPS": -0.09,
        "Total Revenue": 10,
        "Gross Profit": 6,
        "Operating Income": -1,
        "EBIT": -1,
        "Net Income": -1
    },
    "2017-03-31": {
        "Diluted EPS": -0.05,
        "Total Revenue": 12,
        "Gross Profit": 7,
        "Operating Income": -1,
        "EBIT": 0,
        "Net Income": 0
    },
    "2016-12-31": {
        "Diluted EPS": -0.11,
        "Total Revenue": 11,
        "Gross Profit": 6,
        "Operating Income": -1,
        "EBIT": -1,
        "Net Income": -1
    },
    "2016-09-30": {
        "Diluted EPS": 0.13,
        "Total Revenue": 13,
        "Gross Profit": 8,
        "Operating Income": 1,
        "EBIT": 2,
        "Net Income": 1
    },
    "2016-06-30": {
        "Diluted EPS": 0.1,
        "Total Revenue": 12,
        "Gross Profit": 8,
        "Operating Income": 1,
        "EBIT": 2,
        "Net Income": 1
    },
    "2016-03-31": {
        "Diluted EPS": 0.14,
        "Total Revenue": 13,
        "Gross Profit": 8,
        "Operating Income": 2,
        "EBIT": 2,
        "Net Income": 1
    },
    "2015-12-31": {
        "Diluted EPS": 0.17,
        "Total Revenue": 14,
        "Gross Profit": 9,
        "Operating Income": 3,
        "EBIT": 3,
        "Net Income": 2
    },
    "2015-09-30": {
        "Diluted EPS": 0.25,
        "Total Revenue": 16,
        "Gross Profit": 10,
        "Operating Income": 4,
        "EBIT": 4,
        "Net Income": 2
    },
    "2015-06-30": {
        "Diluted EPS": 0.16,
        "Total Revenue": 14,
        "Gross Profit": 9,
        "Operating Income": 2,
        "EBIT": 3,
        "Net Income": 2
    },
    "2015-03-31": {
        "Diluted EPS": 0.13,
        "Total Revenue": 14,
        "Gross Profit": 8,
        "Operating Income": 2,
        "EBIT": 2,
        "Net Income": 1
    },
    "2014-12-31": {
        "Diluted EPS": 0.27,
        "Total Revenue": 15,
        "Gross Profit": 10,
        "Operating Income": 3,
        "EBIT": 4,
        "Net Income": 3
    },
    "2014-09-30": {
        "Diluted EPS": 0.17,
        "Total Revenue": 16,
        "Gross Profit": 10,
        "Operating Income": 3,
        "EBIT": 3,
        "Net Income": 2
    },
    "2014-06-30": {
        "Diluted EPS": 0.09,
        "Total Revenue": 14,
        "Gross Profit": 8,
        "Operating Income": 1,
        "EBIT": 2,
        "Net Income": 1
    },
    "2014-03-31": {
        "Diluted EPS": 0.05,
        "Total Revenue": 13,
        "Gross Profit": 8,
        "Operating Income": 1,
        "EBIT": 1,
        "Net Income": 0
    },
    "2013-12-31": {
        "Diluted EPS": 0.18,
        "Total Revenue": 14,
        "Gross Profit": 9,
        "Operating Income": 3,
        "EBIT": 3,
        "Net Income": 2
    },
    "2013-09-30": {
        "Diluted EPS": 0.18,
        "Total Revenue": 12,
        "Gross Profit": 7,
        "Operating Income": 2,
        "EBIT": 3,
        "Net Income": 2
    },
    "2013-06-30": {
        "Diluted EPS": 0.11,
        "Total Revenue": 12,
        "Gross Profit": 7,
        "Operating Income": 1,
        "EBIT": 2,
        "Net Income": 1
    },
    "2013-03-31": {
        "Diluted EPS": 0.08,
        "Total Revenue": 11,
        "Gross Profit": 7,
        "Operating Income": 1,
        "EBIT": 1,
        "Net Income": 1
    },
    "2012-12-31": {
        "Diluted EPS": 2.66,
        "Total Revenue": 13,
        "Gross Profit": 7,
        "Operating Income": 39,
        "EBIT": 40,
        "Net Income": 25
    },
    "2012-09-30": {
        "Diluted EPS": 0.11,
        "Total Revenue": 12,
        "Gross Profit": 7,
        "Operating Income": 1,
        "EBIT": 2,
        "Net Income": 1
    },
    "2012-06-30": {
        "Diluted EPS": 0.07,
        "Total Revenue": 12,
        "Gross Profit": 7,
        "Operating Income": 1,
        "EBIT": 2,
        "Net Income": 1
    },
    "2012-03-31": {
        "Diluted EPS": 0.05,
        "Total Revenue": 10,
        "Gross Profit": 6,
        "Operating Income": 1,
        "EBIT": 1,
        "Net Income": 0
    },
    "2011-12-31": {
        "Diluted EPS": 0.16,
        "Total Revenue": 12,
        "Gross Profit": 7,
        "Operating Income": 2,
        "EBIT": 2,
        "Net Income": 1
    },
    "2011-09-30": {
        "Diluted EPS": 0.36,
        "Total Revenue": 12,
        "Gross Profit": 7,
        "Operating Income": 5,
        "EBIT": 6,
        "Net Income": 3
    },
    "2011-06-30": {
        "Diluted EPS": 0.14,
        "Total Revenue": 12,
        "Gross Profit": 7,
        "Operating Income": 2,
        "EBIT": 2,
        "Net Income": 1
    },
    "2011-03-31": {
        "Diluted EPS": 0.09,
        "Total Revenue": 11,
        "Gross Profit": 6,
        "Operating Income": 1,
        "EBIT": 2,
        "Net Income": 1
    },
    "2010-12-31": {
        "Diluted EPS": 0.1,
        "Total Revenue": 13,
        "Gross Profit": 8,
        "Operating Income": 0,
        "EBIT": 0,
        "Net Income": 1
    },
    "2010-09-30": {
        "Diluted EPS": 0.11,
        "Total Revenue": 10,
        "Gross Profit": 6,
        "Operating Income": 1,
        "EBIT": 1,
        "Net Income": 1
    },
    "2010-06-30": {
        "Diluted EPS": 0.04,
        "Total Revenue": 10,
        "Gross Profit": 6,
        "Operating Income": 1,
        "EBIT": 1,
        "Net Income": 0
    },
    "2010-03-31": {
        "Diluted EPS": 0.02,
        "Total Revenue": 8,
        "Gross Profit": 5,
        "Operating Income": 0,
        "EBIT": 1,
        "Net Income": 0
    },
    "2009-12-31": {
        "Diluted EPS": 0.0,
        "Total Revenue": NaN,
        "Gross Profit": NaN,
        "Operating Income": NaN,
        "EBIT": NaN,
        "Net Income": NaN
    },
    "2009-09-30": {
        "Diluted EPS": -0.03,
        "Total Revenue": 8,
        "Gross Profit": 4,
        "Operating Income": -1,
        "EBIT": 0,
        "Net Income": 0
    },
    "2009-06-30": {
        "Diluted EPS": -0.04,
        "Total Revenue": 7,
        "Gross Profit": 3,
        "Operating Income": -1,
        "EBIT": -1,
        "Net Income": 0
    },
    "2009-03-31": {
        "Diluted EPS": 0.04,
        "Total Revenue": 8,
        "Gross Profit": 4,
        "Operating Income": 0,
        "EBIT": 1,
        "Net Income": 0
    },
    "2023-06-30": {
        "Tax Effect Of Unusual Items": 0.0,
        "Tax Rate For Calcs": 0.4,
        "Normalized EBITDA": -602000.0,
        "Net Income From Continuing Operation Net Minority Interest": -1019000.0,
        "Reconciled Depreciation": 316000.0,
        "Reconciled Cost Of Revenue": 3635000.0,
        "EBITDA": -602000.0,
        "EBIT": -918000.0,
        "Net Interest Income": -91000.0,
        "Interest Expense": 91000.0,
        "Normalized Income": -1019000.0,
        "Net Income From Continuing And Discontinued Operation": -1019000.0,
        "Total Expenses": 6838000.0,
        "Total Operating Income As Reported": -1355000.0,
        "Diluted Average Shares": 23955802.0,
        "Basic Average Shares": 23955802.0,
        "Diluted EPS": -0.04,
        "Basic EPS": -0.04,
        "Diluted NI Availto Com Stockholders": -1019000.0,
        "Net Income Common Stockholders": -1019000.0,
        "Net Income": -1019000.0,
        "Net Income Including Noncontrolling Interests": -1019000.0,
        "Net Income Continuous Operations": -1019000.0,
        "Tax Provision": 10000.0,
        "Pretax Income": -1009000.0,
        "Other Income Expense": 437000.0,
        "Other Non Operating Income Expenses": 437000.0,
        "Net Non Operating Interest Income Expense": -91000.0,
        "Interest Expense Non Operating": 91000.0,
        "Operating Income": -1355000.0,
        "Operating Expense": 3203000.0,
        "Research And Development": 873000.0,
        "Selling General And Administration": 2330000.0,
        "Selling And Marketing Expense": 1323000.0,
        "General And Administrative Expense": 1007000.0,
        "Other Gand A": 1007000.0,
        "Gross Profit": 1848000.0,
        "Cost Of Revenue": 3635000.0,
        "Total Revenue": 5483000.0,
        "Operating Revenue": 5483000.0
    }
}