{
    "2023-03-31": {
        "Tax Effect Of Unusual Items": NaN,
        "Tax Rate For Calcs": NaN,
        "Normalized EBITDA": NaN,
        "Total Unusual Items": NaN,
        "Total Unusual Items Excluding Goodwill": NaN,
        "Net Income From Continuing Operation Net Minority Interest": NaN,
        "Reconciled Depreciation": NaN,
        "Reconciled Cost Of Revenue": NaN,
        "EBITDA": NaN,
        "EBIT": NaN,
        "Net Interest Income": NaN,
        "Interest Expense": NaN,
        "Normalized Income": NaN,
        "Net Income From Continuing And Discontinued Operation": NaN,
        "Total Expenses": NaN,
        "Total Operating Income As Reported": NaN,
        "Diluted Average Shares": NaN,
        "Basic Average Shares": NaN,
        "Diluted EPS": NaN,
        "Basic EPS": NaN,
        "Diluted NI Availto Com Stockholders": NaN,
        "Average Dilution Earnings": 0.0,
        "Net Income Common Stockholders": NaN,
        "Preferred Stock Dividends": NaN,
        "Net Income": NaN,
        "Net Income Including Noncontrolling Interests": NaN,
        "Net Income Continuous Operations": NaN,
        "Tax Provision": NaN,
        "Pretax Income": NaN,
        "Other Income Expense": NaN,
        "Special Income Charges": NaN,
        "Gain On Sale Of Business": NaN,
        "Other Special Charges": -49400000.0,
        "Impairment Of Capital Assets": NaN,
        "Restructuring And Mergern Acquisition": NaN,
        "Gain On Sale Of Security": NaN,
        "Net Non Operating Interest Income Expense": NaN,
        "Interest Expense Non Operating": NaN,
        "Operating Income": NaN,
        "Operating Expense": NaN,
        "Other Operating Expenses": NaN,
        "Depreciation Amortization Depletion Income Statement": NaN,
        "Depreciation And Amortization In Income Statement": NaN,
        "Selling General And Administration": NaN,
        "Gross Profit": NaN,
        "Cost Of Revenue": NaN,
        "Total Revenue": NaN,
        "Operating Revenue": NaN
    },
    "2022-12-31": {
        "Tax Effect Of Unusual Items": NaN,
        "Tax Rate For Calcs": NaN,
        "Normalized EBITDA": NaN,
        "Total Unusual Items": NaN,
        "Total Unusual Items Excluding Goodwill": NaN,
        "Net Income From Continuing Operation Net Minority Interest": NaN,
        "Reconciled Depreciation": NaN,
        "Reconciled Cost Of Revenue": NaN,
        "EBITDA": NaN,
        "EBIT": NaN,
        "Net Interest Income": NaN,
        "Interest Expense": NaN,
        "Normalized Income": NaN,
        "Net Income From Continuing And Discontinued Operation": NaN,
        "Total Expenses": NaN,
        "Total Operating Income As Reported": NaN,
        "Diluted Average Shares": NaN,
        "Basic Average Shares": NaN,
        "Diluted EPS": NaN,
        "Basic EPS": NaN,
        "Diluted NI Availto Com Stockholders": NaN,
        "Average Dilution Earnings": -6900000.0,
        "Net Income Common Stockholders": NaN,
        "Preferred Stock Dividends": NaN,
        "Net Income": NaN,
        "Net Income Including Noncontrolling Interests": NaN,
        "Net Income Continuous Operations": NaN,
        "Tax Provision": NaN,
        "Pretax Income": NaN,
        "Other Income Expense": NaN,
        "Special Income Charges": NaN,
        "Gain On Sale Of Business": NaN,
        "Other Special Charges": NaN,
        "Impairment Of Capital Assets": 500000.0,
        "Restructuring And Mergern Acquisition": NaN,
        "Gain On Sale Of Security": NaN,
        "Net Non Operating Interest Income Expense": NaN,
        "Interest Expense Non Operating": NaN,
        "Operating Income": NaN,
        "Operating Expense": NaN,
        "Other Operating Expenses": NaN,
        "Depreciation Amortization Depletion Income Statement": NaN,
        "Depreciation And Amortization In Income Statement": NaN,
        "Selling General And Administration": NaN,
        "Gross Profit": NaN,
        "Cost Of Revenue": NaN,
        "Total Revenue": NaN,
        "Operating Revenue": NaN
    },
    "2022-09-30": {
        "Tax Effect Of Unusual Items": NaN,
        "Tax Rate For Calcs": NaN,
        "Normalized EBITDA": NaN,
        "Total Unusual Items": NaN,
        "Total Unusual Items Excluding Goodwill": NaN,
        "Net Income From Continuing Operation Net Minority Interest": NaN,
        "Reconciled Depreciation": NaN,
        "Reconciled Cost Of Revenue": NaN,
        "EBITDA": NaN,
        "EBIT": NaN,
        "Net Interest Income": NaN,
        "Interest Expense": NaN,
        "Normalized Income": NaN,
        "Net Income From Continuing And Discontinued Operation": NaN,
        "Total Expenses": NaN,
        "Total Operating Income As Reported": NaN,
        "Diluted Average Shares": NaN,
        "Basic Average Shares": NaN,
        "Diluted EPS": NaN,
        "Basic EPS": NaN,
        "Diluted NI Availto Com Stockholders": NaN,
        "Average Dilution Earnings": NaN,
        "Net Income Common Stockholders": NaN,
        "Preferred Stock Dividends": NaN,
        "Net Income": NaN,
        "Net Income Including Noncontrolling Interests": NaN,
        "Net Income Continuous Operations": NaN,
        "Tax Provision": NaN,
        "Pretax Income": NaN,
        "Other Income Expense": NaN,
        "Special Income Charges": NaN,
        "Gain On Sale Of Business": NaN,
        "Other Special Charges": NaN,
        "Impairment Of Capital Assets": 4448600000.0,
        "Restructuring And Mergern Acquisition": NaN,
        "Gain On Sale Of Security": NaN,
        "Net Non Operating Interest Income Expense": NaN,
        "Interest Expense Non Operating": NaN,
        "Operating Income": NaN,
        "Operating Expense": NaN,
        "Other Operating Expenses": NaN,
        "Depreciation Amortization Depletion Income Statement": NaN,
        "Depreciation And Amortization In Income Statement": NaN,
        "Selling General And Administration": NaN,
        "Gross Profit": NaN,
        "Cost Of Revenue": NaN,
        "Total Revenue": NaN,
        "Operating Revenue": NaN
    },
    "2022-06-30": {
        "Tax Effect Of Unusual Items": 7675200.0,
        "Tax Rate For Calcs": 0.144,
        "Normalized EBITDA": 257500000.0,
        "Total Unusual Items": 53300000.0,
        "Total Unusual Items Excluding Goodwill": 53300000.0,
        "Net Income From Continuing Operation Net Minority Interest": 62400000.0,
        "Reconciled Depreciation": 175600000.0,
        "Reconciled Cost Of Revenue": 244100000.0,
        "EBITDA": 310800000.0,
        "EBIT": 135200000.0,
        "Net Interest Income": -62300000.0,
        "Interest Expense": 62300000.0,
        "Normalized Income": 16775200.0,
        "Net Income From Continuing And Discontinued Operation": 62400000.0,
        "Total Expenses": 604700000.0,
        "Total Operating Income As Reported": 86200000.0,
        "Diluted Average Shares": 678400000.0,
        "Basic Average Shares": 674300000.0,
        "Diluted EPS": 0.06,
        "Basic EPS": 0.06,
        "Diluted NI Availto Com Stockholders": 43700000.0,
        "Average Dilution Earnings": NaN,
        "Net Income Common Stockholders": 43700000.0,
        "Preferred Stock Dividends": 18700000.0,
        "Net Income": 62400000.0,
        "Net Income Including Noncontrolling Interests": 62400000.0,
        "Net Income Continuous Operations": 62400000.0,
        "Tax Provision": 10500000.0,
        "Pretax Income": 72900000.0,
        "Other Income Expense": 53300000.0,
        "Special Income Charges": -19200000.0,
        "Other Special Charges": NaN,
        "Impairment Of Capital Assets": NaN,
        "Restructuring And Mergern Acquisition": 19200000.0,
        "Gain On Sale Of Security": 72500000.0,
        "Net Non Operating Interest Income Expense": -62300000.0,
        "Interest Expense Non Operating": 62300000.0,
        "Operating Income": 81900000.0,
        "Operating Expense": 360600000.0,
        "Other Operating Expenses": -1100000.0,
        "Depreciation Amortization Depletion Income Statement": 175600000.0,
        "Depreciation And Amortization In Income Statement": 175600000.0,
        "Selling General And Administration": 186100000.0,
        "Gross Profit": 442500000.0,
        "Cost Of Revenue": 244100000.0,
        "Total Revenue": 686600000.0,
        "Operating Revenue": 686600000.0
    },
    "2023-06-30": {
        "Tax Effect Of Unusual Items": NaN,
        "Tax Rate For Calcs": NaN,
        "Normalized EBITDA": NaN,
        "Total Unusual Items": NaN,
        "Total Unusual Items Excluding Goodwill": NaN,
        "Net Income From Continuing Operation Net Minority Interest": NaN,
        "Reconciled Depreciation": NaN,
        "Reconciled Cost Of Revenue": NaN,
        "EBITDA": NaN,
        "EBIT": NaN,
        "Net Interest Income": NaN,
        "Interest Expense": NaN,
        "Normalized Income": NaN,
        "Net Income From Continuing And Discontinued Operation": NaN,
        "Total Expenses": NaN,
        "Total Operating Income As Reported": NaN,
        "Diluted Average Shares": 675900000.0,
        "Basic Average Shares": 675900000.0,
        "Diluted EPS": -0.21,
        "Basic EPS": -0.21,
        "Diluted NI Availto Com Stockholders": NaN,
        "Average Dilution Earnings": NaN,
        "Net Income Common Stockholders": NaN,
        "Preferred Stock Dividends": 18600000.0,
        "Net Income": NaN,
        "Net Income Including Noncontrolling Interests": NaN,
        "Net Income Continuous Operations": NaN,
        "Tax Provision": NaN,
        "Pretax Income": NaN,
        "Other Income Expense": NaN,
        "Special Income Charges": NaN,
        "Gain On Sale Of Business": 0.0,
        "Other Special Charges": NaN,
        "Impairment Of Capital Assets": 135200000.0,
        "Restructuring And Mergern Acquisition": NaN,
        "Gain On Sale Of Security": NaN,
        "Net Non Operating Interest Income Expense": NaN,
        "Interest Expense Non Operating": NaN,
        "Operating Income": NaN,
        "Operating Expense": NaN,
        "Other Operating Expenses": NaN,
        "Depreciation Amortization Depletion Income Statement": NaN,
        "Depreciation And Amortization In Income Statement": NaN,
        "Selling General And Administration": NaN,
        "Gross Profit": NaN,
        "Cost Of Revenue": NaN,
        "Total Revenue": NaN,
        "Operating Revenue": NaN
    },
    "2022-03-31": {
        "Diluted EPS": -0.06,
        "Total Revenue": 662,
        "Gross Profit": 413,
        "Operating Income": 45,
        "EBIT": 221,
        "Net Income": 51
    },
    "2021-12-31": {
        "Diluted EPS": -0.1,
        "Total Revenue": 561,
        "Gross Profit": 373,
        "Operating Income": 32,
        "EBIT": 177,
        "Net Income": -131
    },
    "2021-09-30": {
        "Diluted EPS": -0.12,
        "Total Revenue": 442,
        "Gross Profit": 301,
        "Operating Income": 14,
        "EBIT": 145,
        "Net Income": 6
    },
    "2021-06-30": {
        "Diluted EPS": -0.22,
        "Total Revenue": 446,
        "Gross Profit": 296,
        "Operating Income": -64,
        "EBIT": 67,
        "Net Income": -132
    },
    "2021-03-31": {
        "Diluted EPS": -0.17,
        "Total Revenue": 428,
        "Gross Profit": 281,
        "Operating Income": -70,
        "EBIT": 62,
        "Net Income": -56
    },
    "2020-12-31": {
        "Diluted EPS": 0.1,
        "Total Revenue": 456,
        "Gross Profit": 285,
        "Operating Income": -10,
        "EBIT": 117,
        "Net Income": -14
    },
    "2020-09-30": {
        "Diluted EPS": -0.47,
        "Total Revenue": 284,
        "Gross Profit": 191,
        "Operating Income": -13,
        "EBIT": 56,
        "Net Income": -182
    },
    "2020-06-30": {
        "Diluted EPS": -0.07,
        "Total Revenue": 274,
        "Gross Profit": 181,
        "Operating Income": 14,
        "EBIT": 70,
        "Net Income": -25
    },
    "2020-03-31": {
        "Diluted EPS": -0.38,
        "Total Revenue": 241,
        "Gross Profit": 158,
        "Operating Income": -28,
        "EBIT": 23,
        "Net Income": -130
    },
    "2019-12-31": {
        "Diluted EPS": -0.41,
        "Total Revenue": 255,
        "Gross Profit": 167,
        "Operating Income": -56,
        "EBIT": 0,
        "Net Income": -132
    },
    "2019-09-30": {
        "Diluted EPS": 0.03,
        "Total Revenue": 243,
        "Gross Profit": 156,
        "Operating Income": 36,
        "EBIT": 80,
        "Net Income": 11
    },
    "2019-06-30": {
        "Diluted EPS": -0.29,
        "Total Revenue": 242,
        "Gross Profit": 155,
        "Operating Income": -37,
        "EBIT": 6,
        "Net Income": -78
    },
    "2019-03-31": {
        "Diluted EPS": -0.27,
        "Total Revenue": 234,
        "Gross Profit": 145,
        "Operating Income": -26,
        "EBIT": 32,
        "Net Income": -59
    },
    "2018-12-31": {
        "Diluted EPS": 46.29,
        "Total Revenue": 245,
        "Gross Profit": 116,
        "Operating Income": -6,
        "EBIT": 51,
        "Net Income": -43
    },
    "2018-09-30": {
        "Diluted EPS": -0.25,
        "Total Revenue": 243,
        "Gross Profit": 149,
        "Operating Income": -19,
        "EBIT": 42,
        "Net Income": -55
    },
    "2018-06-30": {
        "Diluted EPS": -0.31,
        "Total Revenue": 243,
        "Gross Profit": 141,
        "Operating Income": -34,
        "EBIT": 26,
        "Net Income": -67
    },
    "2018-03-31": {
        "Diluted EPS": -46.84,
        "Total Revenue": 237,
        "Gross Profit": 132,
        "Operating Income": -46,
        "EBIT": 13,
        "Net Income": -77
    },
    "2017-12-31": {
        "Diluted EPS": 0.0,
        "Total Revenue": NaN,
        "Gross Profit": NaN,
        "Operating Income": NaN,
        "EBIT": NaN,
        "Net Income": NaN
    },
    "2023-09-30": {
        "Tax Effect Of Unusual Items": 4921000.0,
        "Tax Rate For Calcs": 0.19,
        "Normalized EBITDA": 250700000.0,
        "Total Unusual Items": 25900000.0,
        "Total Unusual Items Excluding Goodwill": 25900000.0,
        "Net Income From Continuing Operation Net Minority Interest": 12300000.0,
        "Reconciled Depreciation": 176800000.0,
        "Reconciled Cost Of Revenue": 220600000.0,
        "EBITDA": 276600000.0,
        "EBIT": 99800000.0,
        "Net Interest Income": -71900000.0,
        "Interest Expense": 71900000.0,
        "Normalized Income": -8679000.0,
        "Net Income From Continuing And Discontinued Operation": 12300000.0,
        "Total Expenses": 573300000.0,
        "Total Operating Income As Reported": 87200000.0,
        "Diluted Average Shares": 670900000.0,
        "Basic Average Shares": 670900000.0,
        "Diluted EPS": -0.01,
        "Basic EPS": -0.01,
        "Diluted NI Availto Com Stockholders": -6600000.0,
        "Average Dilution Earnings": 0.0,
        "Net Income Common Stockholders": -6600000.0,
        "Preferred Stock Dividends": 18900000.0,
        "Net Income": 12300000.0,
        "Net Income Including Noncontrolling Interests": 12300000.0,
        "Net Income Continuous Operations": 12300000.0,
        "Tax Provision": 15600000.0,
        "Pretax Income": 27900000.0,
        "Other Income Expense": 25900000.0,
        "Special Income Charges": -3700000.0,
        "Gain On Sale Of Business": 0.0,
        "Other Special Charges": NaN,
        "Impairment Of Capital Assets": 0.0,
        "Restructuring And Mergern Acquisition": 3700000.0,
        "Gain On Sale Of Security": 29600000.0,
        "Net Non Operating Interest Income Expense": -71900000.0,
        "Interest Expense Non Operating": 71900000.0,
        "Operating Income": 73900000.0,
        "Operating Expense": 352700000.0,
        "Other Operating Expenses": 4000000.0,
        "Depreciation Amortization Depletion Income Statement": 176800000.0,
        "Depreciation And Amortization In Income Statement": 176800000.0,
        "Selling General And Administration": 171900000.0,
        "Gross Profit": 426600000.0,
        "Cost Of Revenue": 220600000.0,
        "Total Revenue": 647200000.0,
        "Operating Revenue": 647200000.0
    },
    "2023-12-31": {
        "Tax Effect Of Unusual Items": -18409328.228333,
        "Tax Rate For Calcs": 0.020884,
        "Normalized EBITDA": 275600000.0,
        "Total Unusual Items": -881500000.0,
        "Total Unusual Items Excluding Goodwill": -881500000.0,
        "Net Income From Continuing Operation Net Minority Interest": -843900000.0,
        "Reconciled Depreciation": 180800000.0,
        "Reconciled Cost Of Revenue": 231600000.0,
        "EBITDA": -605900000.0,
        "EBIT": -786700000.0,
        "Net Interest Income": -75200000.0,
        "Interest Expense": 75200000.0,
        "Normalized Income": 19190671.771667,
        "Net Income From Continuing And Discontinued Operation": -843900000.0,
        "Total Expenses": 588900000.0,
        "Total Operating Income As Reported": -788200000.0,
        "Diluted Average Shares": NaN,
        "Basic Average Shares": NaN,
        "Diluted EPS": NaN,
        "Basic EPS": NaN,
        "Diluted NI Availto Com Stockholders": -863000000.0,
        "Average Dilution Earnings": 0.0,
        "Net Income Common Stockholders": -863000000.0,
        "Preferred Stock Dividends": 19100000.0,
        "Net Income": -843900000.0,
        "Net Income Including Noncontrolling Interests": -843900000.0,
        "Net Income Continuous Operations": -843900000.0,
        "Tax Provision": -18000000.0,
        "Pretax Income": -861900000.0,
        "Other Income Expense": -881500000.0,
        "Special Income Charges": -859400000.0,
        "Gain On Sale Of Business": NaN,
        "Other Special Charges": 0.0,
        "Impairment Of Capital Assets": 844700000.0,
        "Restructuring And Mergern Acquisition": 14700000.0,
        "Gain On Sale Of Security": -22100000.0,
        "Net Non Operating Interest Income Expense": -75200000.0,
        "Interest Expense Non Operating": 75200000.0,
        "Operating Income": 94800000.0,
        "Operating Expense": 357300000.0,
        "Other Operating Expenses": -3900000.0,
        "Depreciation Amortization Depletion Income Statement": 180800000.0,
        "Depreciation And Amortization In Income Statement": 180800000.0,
        "Selling General And Administration": 180400000.0,
        "Gross Profit": 452100000.0,
        "Cost Of Revenue": 231600000.0,
        "Total Revenue": 683700000.0,
        "Operating Revenue": 683700000.0
    },
    "2024-03-31": {
        "Tax Effect Of Unusual Items": -5075000.0,
        "Tax Rate For Calcs": 0.25,
        "Normalized EBITDA": 209900000.0,
        "Total Unusual Items": -20300000.0,
        "Total Unusual Items Excluding Goodwill": -20300000.0,
        "Net Income From Continuing Operation Net Minority Interest": -75000000.0,
        "Reconciled Depreciation": 179400000.0,
        "Reconciled Cost Of Revenue": 217800000.0,
        "EBITDA": 189600000.0,
        "EBIT": 10200000.0,
        "Net Interest Income": -70200000.0,
        "Interest Expense": 70200000.0,
        "Normalized Income": -59775000.0,
        "Net Income From Continuing And Discontinued Operation": -75000000.0,
        "Total Expenses": 590700000.0,
        "Total Operating Income As Reported": 5000000.0,
        "Diluted Average Shares": 666900000.0,
        "Basic Average Shares": 666900000.0,
        "Diluted EPS": -0.14,
        "Basic EPS": -0.14,
        "Diluted NI Availto Com Stockholders": -93800000.0,
        "Average Dilution Earnings": 0.0,
        "Net Income Common Stockholders": -93800000.0,
        "Preferred Stock Dividends": 18800000.0,
        "Net Income": -75000000.0,
        "Net Income Including Noncontrolling Interests": -75000000.0,
        "Net Income Continuous Operations": -75000000.0,
        "Tax Provision": 15000000.0,
        "Pretax Income": -60000000.0,
        "Other Income Expense": -20300000.0,
        "Special Income Charges": -25300000.0,
        "Gain On Sale Of Business": -15800000.0,
        "Other Special Charges": NaN,
        "Impairment Of Capital Assets": NaN,
        "Restructuring And Mergern Acquisition": 9500000.0,
        "Gain On Sale Of Security": 5000000.0,
        "Net Non Operating Interest Income Expense": -70200000.0,
        "Interest Expense Non Operating": 70200000.0,
        "Operating Income": 30500000.0,
        "Operating Expense": 372900000.0,
        "Other Operating Expenses": 1600000.0,
        "Depreciation Amortization Depletion Income Statement": 179400000.0,
        "Depreciation And Amortization In Income Statement": 179400000.0,
        "Selling General And Administration": 191900000.0,
        "Gross Profit": 403400000.0,
        "Cost Of Revenue": 217800000.0,
        "Total Revenue": 621200000.0,
        "Operating Revenue": 621200000.0
    },
    "2024-06-30": {
        "Tax Effect Of Unusual Items": -6708196.721311,
        "Tax Rate For Calcs": 0.021858,
        "Normalized EBITDA": 251300000.0,
        "Total Unusual Items": -306900000.0,
        "Total Unusual Items Excluding Goodwill": -306900000.0,
        "Net Income From Continuing Operation Net Minority Interest": -304300000.0,
        "Reconciled Depreciation": 184400000.0,
        "Reconciled Cost Of Revenue": 213600000.0,
        "EBITDA": -55600000.0,
        "EBIT": -240000000.0,
        "Net Interest Income": -71100000.0,
        "Interest Expense": 71100000.0,
        "Normalized Income": -4108196.721311,
        "Net Income From Continuing And Discontinued Operation": -304300000.0,
        "Total Expenses": 583400000.0,
        "Total Operating Income As Reported": -240000000.0,
        "Diluted Average Shares": 685600000.0,
        "Basic Average Shares": 685600000.0,
        "Diluted EPS": -0.46,
        "Basic EPS": -0.46,
        "Diluted NI Availto Com Stockholders": -316800000.0,
        "Average Dilution Earnings": NaN,
        "Net Income Common Stockholders": -316800000.0,
        "Preferred Stock Dividends": 12500000.0,
        "Net Income": -304300000.0,
        "Net Income Including Noncontrolling Interests": -304300000.0,
        "Net Income Continuous Operations": -304300000.0,
        "Tax Provision": -6800000.0,
        "Pretax Income": -311100000.0,
        "Other Income Expense": -306900000.0,
        "Special Income Charges": -302500000.0,
        "Gain On Sale Of Business": 1000000.0,
        "Other Special Charges": NaN,
        "Impairment Of Capital Assets": 302800000.0,
        "Restructuring And Mergern Acquisition": 700000.0,
        "Gain On Sale Of Security": -4400000.0,
        "Net Non Operating Interest Income Expense": -71100000.0,
        "Interest Expense Non Operating": 71100000.0,
        "Operating Income": 66900000.0,
        "Operating Expense": 369800000.0,
        "Other Operating Expenses": 200000.0,
        "Depreciation Amortization Depletion Income Statement": 184400000.0,
        "Depreciation And Amortization In Income Statement": 184400000.0,
        "Selling General And Administration": 185200000.0,
        "Gross Profit": 436700000.0,
        "Cost Of Revenue": 213600000.0,
        "Total Revenue": 650300000.0,
        "Operating Revenue": 650300000.0
    },
    "2024-09-30": {
        "Tax Effect Of Unusual Items": -12325000.0,
        "Tax Rate For Calcs": 0.25,
        "Normalized EBITDA": 248200000.0,
        "Total Unusual Items": -49300000.0,
        "Total Unusual Items Excluding Goodwill": -49300000.0,
        "Net Income From Continuing Operation Net Minority Interest": -65600000.0,
        "Reconciled Depreciation": 177200000.0,
        "Reconciled Cost Of Revenue": 210100000.0,
        "EBITDA": 198900000.0,
        "EBIT": 21700000.0,
        "Net Interest Income": -72200000.0,
        "Interest Expense": 72200000.0,
        "Normalized Income": -28625000.0,
        "Net Income From Continuing And Discontinued Operation": -65600000.0,
        "Total Expenses": 551200000.0,
        "Total Operating Income As Reported": 21700000.0,
        "Diluted Average Shares": 718700000.0,
        "Basic Average Shares": 718700000.0,
        "Diluted EPS": -0.09,
        "Basic EPS": -0.09,
        "Diluted NI Availto Com Stockholders": -65600000.0,
        "Average Dilution Earnings": 0.0,
        "Net Income Common Stockholders": -65600000.0,
        "Preferred Stock Dividends": NaN,
        "Net Income": -65600000.0,
        "Net Income Including Noncontrolling Interests": -65600000.0,
        "Net Income Continuous Operations": -65600000.0,
        "Tax Provision": 15100000.0,
        "Pretax Income": -50500000.0,
        "Other Income Expense": -49300000.0,
        "Special Income Charges": -17800000.0,
        "Gain On Sale Of Business": 0.0,
        "Other Special Charges": NaN,
        "Impairment Of Capital Assets": 13800000.0,
        "Restructuring And Mergern Acquisition": 4000000.0,
        "Gain On Sale Of Security": -31500000.0,
        "Net Non Operating Interest Income Expense": -72200000.0,
        "Interest Expense Non Operating": 72200000.0,
        "Operating Income": 71000000.0,
        "Operating Expense": 341100000.0,
        "Other Operating Expenses": -5800000.0,
        "Depreciation Amortization Depletion Income Statement": 177200000.0,
        "Depreciation And Amortization In Income Statement": 177200000.0,
        "Selling General And Administration": 169700000.0,
        "Gross Profit": 412100000.0,
        "Cost Of Revenue": 210100000.0,
        "Total Revenue": 622200000.0,
        "Operating Revenue": 622200000.0
    }
}