{
    "2023-03-31": {
        "Tax Effect Of Unusual Items": 0.0,
        "Tax Rate For Calcs": 0.112,
        "Normalized EBITDA": 7506000.0,
        "Net Income From Continuing Operation Net Minority Interest": 4276000.0,
        "Reconciled Depreciation": 2095000.0,
        "Reconciled Cost Of Revenue": 37142000.0,
        "EBITDA": 7506000.0,
        "EBIT": 5411000.0,
        "Net Interest Income": -597000.0,
        "Interest Expense": 597000.0,
        "Normalized Income": 4276000.0,
        "Net Income From Continuing And Discontinued Operation": 4276000.0,
        "Total Expenses": 71836000.0,
        "Total Operating Income As Reported": 5565000.0,
        "Diluted NI Availto Com Stockholders": 4276000.0,
        "Net Income Common Stockholders": 4276000.0,
        "Net Income": 4276000.0,
        "Net Income Including Noncontrolling Interests": 4276000.0,
        "Net Income Continuous Operations": 4276000.0,
        "Tax Provision": 538000.0,
        "Pretax Income": 4814000.0,
        "Other Income Expense": -154000.0,
        "Other Non Operating Income Expenses": -154000.0,
        "Net Non Operating Interest Income Expense": -597000.0,
        "Interest Expense Non Operating": 597000.0,
        "Operating Income": 5565000.0,
        "Operating Expense": 34095000.0,
        "Depreciation Amortization Depletion Income Statement": 1496000.0,
        "Depreciation And Amortization In Income Statement": 1496000.0,
        "Research And Development": 14262000.0,
        "Selling General And Administration": 18337000.0,
        "Selling And Marketing Expense": 11670000.0,
        "General And Administrative Expense": 6667000.0,
        "Other Gand A": 6667000.0,
        "Gross Profit": 39660000.0,
        "Cost Of Revenue": 37741000.0,
        "Total Revenue": 77401000.0,
        "Operating Revenue": 77401000.0
    },
    "2022-12-31": {
        "Tax Effect Of Unusual Items": 0.0,
        "Tax Rate For Calcs": 0.21,
        "Normalized EBITDA": 11407000.0,
        "Net Income From Continuing Operation Net Minority Interest": 10011000.0,
        "Reconciled Depreciation": 1972000.0,
        "Reconciled Cost Of Revenue": 42641000.0,
        "EBITDA": 11407000.0,
        "EBIT": 9435000.0,
        "Net Interest Income": -559000.0,
        "Interest Expense": 559000.0,
        "Normalized Income": 10011000.0,
        "Net Income From Continuing And Discontinued Operation": 10011000.0,
        "Total Expenses": 75057000.0,
        "Total Operating Income As Reported": 9450000.0,
        "Diluted NI Availto Com Stockholders": 10011000.0,
        "Net Income Common Stockholders": 10011000.0,
        "Net Income": 10011000.0,
        "Net Income Including Noncontrolling Interests": 10011000.0,
        "Net Income Continuous Operations": 10011000.0,
        "Tax Provision": -1135000.0,
        "Pretax Income": 8876000.0,
        "Other Income Expense": -15000.0,
        "Other Non Operating Income Expenses": -15000.0,
        "Net Non Operating Interest Income Expense": -559000.0,
        "Interest Expense Non Operating": 559000.0,
        "Operating Income": 9450000.0,
        "Operating Expense": 31919000.0,
        "Depreciation Amortization Depletion Income Statement": 1475000.0,
        "Depreciation And Amortization In Income Statement": 1475000.0,
        "Research And Development": 15440000.0,
        "Selling General And Administration": 15004000.0,
        "Selling And Marketing Expense": 12958000.0,
        "General And Administrative Expense": 2046000.0,
        "Other Gand A": 2046000.0,
        "Gross Profit": 41369000.0,
        "Cost Of Revenue": 43138000.0,
        "Total Revenue": 84507000.0,
        "Operating Revenue": 84507000.0
    },
    "2022-09-30": {
        "Tax Effect Of Unusual Items": 0.0,
        "Tax Rate For Calcs": 0.4,
        "Normalized EBITDA": 11725000.0,
        "Net Income From Continuing Operation Net Minority Interest": 9435000.0,
        "Reconciled Depreciation": 1930000.0,
        "Reconciled Cost Of Revenue": 39610000.0,
        "EBITDA": 11725000.0,
        "EBIT": 9795000.0,
        "Net Interest Income": -514000.0,
        "Interest Expense": 514000.0,
        "Normalized Income": 9435000.0,
        "Net Income From Continuing And Discontinued Operation": 9435000.0,
        "Total Expenses": 71240000.0,
        "Total Operating Income As Reported": 9960000.0,
        "Diluted Average Shares": 27979575.0,
        "Basic Average Shares": 26977155.0,
        "Diluted EPS": 0.34,
        "Basic EPS": 0.35,
        "Diluted NI Availto Com Stockholders": 9435000.0,
        "Net Income Common Stockholders": 9435000.0,
        "Net Income": 9435000.0,
        "Net Income Including Noncontrolling Interests": 9435000.0,
        "Net Income Continuous Operations": 9435000.0,
        "Tax Provision": -154000.0,
        "Pretax Income": 9281000.0,
        "Other Income Expense": -165000.0,
        "Other Non Operating Income Expenses": -165000.0,
        "Net Non Operating Interest Income Expense": -514000.0,
        "Interest Expense Non Operating": 514000.0,
        "Operating Income": 9960000.0,
        "Operating Expense": 31206000.0,
        "Depreciation Amortization Depletion Income Statement": 1506000.0,
        "Depreciation And Amortization In Income Statement": 1506000.0,
        "Research And Development": 11747000.0,
        "Selling General And Administration": 17953000.0,
        "Selling And Marketing Expense": 10071000.0,
        "General And Administrative Expense": 7882000.0,
        "Other Gand A": 6331000.0,
        "Salaries And Wages": 1551000.0,
        "Gross Profit": 41166000.0,
        "Cost Of Revenue": 40034000.0,
        "Total Revenue": 81200000.0,
        "Operating Revenue": 81200000.0
    },
    "2022-06-30": {
        "Tax Effect Of Unusual Items": 0.0,
        "Tax Rate For Calcs": 0.189,
        "Normalized EBITDA": 4940000.0,
        "Net Income From Continuing Operation Net Minority Interest": 2322000.0,
        "Reconciled Depreciation": 1904000.0,
        "Reconciled Cost Of Revenue": 35487000.0,
        "EBITDA": 4940000.0,
        "EBIT": 3036000.0,
        "Net Interest Income": -407000.0,
        "Interest Expense": 407000.0,
        "Normalized Income": 2322000.0,
        "Net Income From Continuing And Discontinued Operation": 2322000.0,
        "Total Expenses": 66631000.0,
        "Total Operating Income As Reported": 2665000.0,
        "Diluted Average Shares": 27588772.0,
        "Basic Average Shares": 26836853.0,
        "Diluted EPS": 0.08,
        "Basic EPS": 0.09,
        "Diluted NI Availto Com Stockholders": 2322000.0,
        "Net Income Common Stockholders": 2322000.0,
        "Net Income": 2322000.0,
        "Net Income Including Noncontrolling Interests": 2322000.0,
        "Net Income Continuous Operations": 2322000.0,
        "Tax Provision": 307000.0,
        "Pretax Income": 2629000.0,
        "Other Income Expense": 371000.0,
        "Other Non Operating Income Expenses": 371000.0,
        "Net Non Operating Interest Income Expense": -407000.0,
        "Interest Expense Non Operating": 407000.0,
        "Operating Income": 2665000.0,
        "Operating Expense": 30774000.0,
        "Depreciation Amortization Depletion Income Statement": 1534000.0,
        "Depreciation And Amortization In Income Statement": 1534000.0,
        "Research And Development": 10576000.0,
        "Selling General And Administration": 18664000.0,
        "Selling And Marketing Expense": 10579000.0,
        "General And Administrative Expense": 8085000.0,
        "Other Gand A": 8085000.0,
        "Salaries And Wages": NaN,
        "Gross Profit": 33439000.0,
        "Cost Of Revenue": 35857000.0,
        "Total Revenue": 69296000.0,
        "Operating Revenue": 69296000.0
    },
    "2023-06-30": {
        "Tax Effect Of Unusual Items": 0.0,
        "Tax Rate For Calcs": 0.21,
        "Normalized EBITDA": -545000.0,
        "Net Income From Continuing Operation Net Minority Interest": -2642000.0,
        "Reconciled Depreciation": 2222000.0,
        "Reconciled Cost Of Revenue": 29651000.0,
        "EBITDA": -545000.0,
        "EBIT": -2767000.0,
        "Net Interest Income": -579000.0,
        "Interest Expense": 579000.0,
        "Normalized Income": -2642000.0,
        "Net Income From Continuing And Discontinued Operation": -2642000.0,
        "Total Expenses": 62245000.0,
        "Total Operating Income As Reported": -2703000.0,
        "Diluted NI Availto Com Stockholders": -2642000.0,
        "Net Income Common Stockholders": -2642000.0,
        "Net Income": -2642000.0,
        "Net Income Including Noncontrolling Interests": -2642000.0,
        "Net Income Continuous Operations": -2642000.0,
        "Tax Provision": -704000.0,
        "Pretax Income": -3346000.0,
        "Other Income Expense": -64000.0,
        "Other Non Operating Income Expenses": -64000.0,
        "Net Non Operating Interest Income Expense": -579000.0,
        "Interest Expense Non Operating": 579000.0,
        "Operating Income": -2703000.0,
        "Operating Expense": 31945000.0,
        "Depreciation Amortization Depletion Income Statement": 1573000.0,
        "Depreciation And Amortization In Income Statement": 1573000.0,
        "Research And Development": 13008000.0,
        "Selling General And Administration": 17364000.0,
        "Selling And Marketing Expense": 11528000.0,
        "General And Administrative Expense": 5836000.0,
        "Other Gand A": 5836000.0,
        "Gross Profit": 29242000.0,
        "Cost Of Revenue": 30300000.0,
        "Total Revenue": 59542000.0,
        "Operating Revenue": 59542000.0
    },
    "2022-03-31": {
        "Diluted EPS": -0.06,
        "Total Revenue": 62,
        "Gross Profit": 29,
        "Operating Income": -2,
        "EBIT": 0,
        "Net Income": -2
    },
    "2021-12-31": {
        "Diluted EPS": 0.05,
        "Total Revenue": 79,
        "Gross Profit": 35,
        "Operating Income": 3,
        "EBIT": 5,
        "Net Income": 1
    },
    "2021-09-30": {
        "Diluted EPS": 0.16,
        "Total Revenue": 76,
        "Gross Profit": 36,
        "Operating Income": 6,
        "EBIT": 8,
        "Net Income": 5
    },
    "2021-06-30": {
        "Diluted EPS": 0.4,
        "Total Revenue": 93,
        "Gross Profit": 46,
        "Operating Income": 14,
        "EBIT": 16,
        "Net Income": 12
    },
    "2021-03-31": {
        "Diluted EPS": 0.7,
        "Total Revenue": 89,
        "Gross Profit": 44,
        "Operating Income": 13,
        "EBIT": 15,
        "Net Income": 20
    },
    "2020-12-31": {
        "Diluted EPS": 0.39,
        "Total Revenue": 83,
        "Gross Profit": 42,
        "Operating Income": 11,
        "EBIT": 13,
        "Net Income": 11
    },
    "2020-09-30": {
        "Diluted EPS": 0.21,
        "Total Revenue": 73,
        "Gross Profit": 36,
        "Operating Income": 7,
        "EBIT": 9,
        "Net Income": 6
    },
    "2020-06-30": {
        "Diluted EPS": 0.13,
        "Total Revenue": 62,
        "Gross Profit": 30,
        "Operating Income": 5,
        "EBIT": 7,
        "Net Income": 3
    },
    "2020-03-31": {
        "Diluted EPS": -0.03,
        "Total Revenue": 60,
        "Gross Profit": 31,
        "Operating Income": 0,
        "EBIT": 2,
        "Net Income": -1
    },
    "2019-12-31": {
        "Diluted EPS": 0.36,
        "Total Revenue": 64,
        "Gross Profit": 33,
        "Operating Income": 2,
        "EBIT": 4,
        "Net Income": -1
    },
    "2019-09-30": {
        "Diluted EPS": 0.08,
        "Total Revenue": 66,
        "Gross Profit": 32,
        "Operating Income": 4,
        "EBIT": 6,
        "Net Income": 2
    },
    "2019-06-30": {
        "Diluted EPS": -1.47,
        "Total Revenue": 69,
        "Gross Profit": 34,
        "Operating Income": -9,
        "EBIT": -8,
        "Net Income": -20
    },
    "2019-03-31": {
        "Diluted EPS": 0.14,
        "Total Revenue": 68,
        "Gross Profit": 32,
        "Operating Income": 5,
        "EBIT": 6,
        "Net Income": 2
    },
    "2018-12-31": {
        "Diluted EPS": 0.0,
        "Total Revenue": NaN,
        "Gross Profit": NaN,
        "Operating Income": NaN,
        "EBIT": NaN,
        "Net Income": NaN
    },
    "2018-09-30": {
        "Diluted EPS": -0.19,
        "Total Revenue": 59,
        "Gross Profit": 28,
        "Operating Income": -1,
        "EBIT": 2,
        "Net Income": -3
    },
    "2018-06-30": {
        "Diluted EPS": 0.04,
        "Total Revenue": 61,
        "Gross Profit": 29,
        "Operating Income": 3,
        "EBIT": 3,
        "Net Income": 1
    },
    "2017-12-31": {
        "Diluted EPS": 0.0,
        "Total Revenue": NaN,
        "Gross Profit": NaN,
        "Operating Income": NaN,
        "EBIT": NaN,
        "Net Income": NaN
    },
    "2023-09-30": {
        "Tax Effect Of Unusual Items": 0.0,
        "Tax Rate For Calcs": 0.21,
        "Normalized EBITDA": -19869000.0,
        "Net Income From Continuing Operation Net Minority Interest": -26200000.0,
        "Reconciled Depreciation": 2294000.0,
        "Reconciled Cost Of Revenue": 31338000.0,
        "EBITDA": -19869000.0,
        "EBIT": -22163000.0,
        "Net Interest Income": -620000.0,
        "Interest Expense": 620000.0,
        "Normalized Income": -26200000.0,
        "Net Income From Continuing And Discontinued Operation": -26200000.0,
        "Total Expenses": 65146000.0,
        "Total Operating Income As Reported": -22100000.0,
        "Diluted NI Availto Com Stockholders": -26200000.0,
        "Net Income Common Stockholders": -26200000.0,
        "Net Income": -26200000.0,
        "Net Income Including Noncontrolling Interests": -26200000.0,
        "Net Income Continuous Operations": -26200000.0,
        "Tax Provision": 3417000.0,
        "Pretax Income": -22783000.0,
        "Other Income Expense": -63000.0,
        "Other Non Operating Income Expenses": -63000.0,
        "Net Non Operating Interest Income Expense": -620000.0,
        "Interest Expense Non Operating": 620000.0,
        "Operating Income": -22100000.0,
        "Operating Expense": 33059000.0,
        "Depreciation Amortization Depletion Income Statement": 1545000.0,
        "Depreciation And Amortization In Income Statement": 1545000.0,
        "Research And Development": 13151000.0,
        "Selling General And Administration": 18363000.0,
        "Selling And Marketing Expense": 9675000.0,
        "General And Administrative Expense": 8688000.0,
        "Other Gand A": 8688000.0,
        "Gross Profit": 10959000.0,
        "Cost Of Revenue": 32087000.0,
        "Total Revenue": 43046000.0,
        "Operating Revenue": 43046000.0
    }
}