{
    "2023-06-30": {
        "Tax Effect Of Unusual Items": NaN,
        "Tax Rate For Calcs": NaN,
        "Normalized EBITDA": NaN,
        "Total Unusual Items": NaN,
        "Total Unusual Items Excluding Goodwill": NaN,
        "Net Income From Continuing Operation Net Minority Interest": NaN,
        "Reconciled Depreciation": NaN,
        "Reconciled Cost Of Revenue": NaN,
        "EBITDA": NaN,
        "EBIT": NaN,
        "Net Interest Income": NaN,
        "Interest Income": NaN,
        "Normalized Income": NaN,
        "Net Income From Continuing And Discontinued Operation": NaN,
        "Total Expenses": NaN,
        "Rent Expense Supplemental": NaN,
        "Total Operating Income As Reported": NaN,
        "Diluted Average Shares": NaN,
        "Basic Average Shares": NaN,
        "Diluted EPS": NaN,
        "Basic EPS": NaN,
        "Diluted NI Availto Com Stockholders": NaN,
        "Net Income Common Stockholders": NaN,
        "Net Income": NaN,
        "Net Income Including Noncontrolling Interests": NaN,
        "Net Income Continuous Operations": NaN,
        "Tax Provision": NaN,
        "Pretax Income": NaN,
        "Other Income Expense": NaN,
        "Special Income Charges": NaN,
        "Other Special Charges": NaN,
        "Impairment Of Capital Assets": NaN,
        "Net Non Operating Interest Income Expense": NaN,
        "Total Other Finance Cost": -16446000.0,
        "Interest Income Non Operating": NaN,
        "Operating Income": NaN,
        "Operating Expense": NaN,
        "Other Operating Expenses": 7538000.0,
        "Depreciation Amortization Depletion Income Statement": NaN,
        "Depreciation And Amortization In Income Statement": NaN,
        "Selling General And Administration": NaN,
        "General And Administrative Expense": NaN,
        "Other Gand A": NaN,
        "Gross Profit": NaN,
        "Cost Of Revenue": NaN,
        "Total Revenue": NaN,
        "Operating Revenue": NaN
    },
    "2023-03-31": {
        "Tax Effect Of Unusual Items": NaN,
        "Tax Rate For Calcs": NaN,
        "Normalized EBITDA": NaN,
        "Total Unusual Items": NaN,
        "Total Unusual Items Excluding Goodwill": NaN,
        "Net Income From Continuing Operation Net Minority Interest": NaN,
        "Reconciled Depreciation": NaN,
        "Reconciled Cost Of Revenue": NaN,
        "EBITDA": NaN,
        "EBIT": NaN,
        "Net Interest Income": NaN,
        "Interest Income": NaN,
        "Normalized Income": NaN,
        "Net Income From Continuing And Discontinued Operation": NaN,
        "Total Expenses": NaN,
        "Rent Expense Supplemental": NaN,
        "Total Operating Income As Reported": NaN,
        "Diluted Average Shares": NaN,
        "Basic Average Shares": NaN,
        "Diluted EPS": NaN,
        "Basic EPS": NaN,
        "Diluted NI Availto Com Stockholders": NaN,
        "Net Income Common Stockholders": NaN,
        "Net Income": NaN,
        "Net Income Including Noncontrolling Interests": NaN,
        "Net Income Continuous Operations": NaN,
        "Tax Provision": NaN,
        "Pretax Income": NaN,
        "Other Income Expense": NaN,
        "Special Income Charges": NaN,
        "Other Special Charges": NaN,
        "Impairment Of Capital Assets": NaN,
        "Net Non Operating Interest Income Expense": NaN,
        "Total Other Finance Cost": -8949000.0,
        "Interest Income Non Operating": NaN,
        "Operating Income": NaN,
        "Operating Expense": NaN,
        "Other Operating Expenses": 6198000.0,
        "Depreciation Amortization Depletion Income Statement": NaN,
        "Depreciation And Amortization In Income Statement": NaN,
        "Selling General And Administration": NaN,
        "General And Administrative Expense": NaN,
        "Other Gand A": NaN,
        "Gross Profit": NaN,
        "Cost Of Revenue": NaN,
        "Total Revenue": NaN,
        "Operating Revenue": NaN
    },
    "2022-12-31": {
        "Tax Effect Of Unusual Items": NaN,
        "Tax Rate For Calcs": NaN,
        "Normalized EBITDA": NaN,
        "Total Unusual Items": NaN,
        "Total Unusual Items Excluding Goodwill": NaN,
        "Net Income From Continuing Operation Net Minority Interest": NaN,
        "Reconciled Depreciation": NaN,
        "Reconciled Cost Of Revenue": NaN,
        "EBITDA": NaN,
        "EBIT": NaN,
        "Net Interest Income": NaN,
        "Interest Income": NaN,
        "Normalized Income": NaN,
        "Net Income From Continuing And Discontinued Operation": NaN,
        "Total Expenses": NaN,
        "Rent Expense Supplemental": NaN,
        "Total Operating Income As Reported": NaN,
        "Diluted Average Shares": NaN,
        "Basic Average Shares": NaN,
        "Diluted EPS": NaN,
        "Basic EPS": NaN,
        "Diluted NI Availto Com Stockholders": NaN,
        "Net Income Common Stockholders": NaN,
        "Net Income": NaN,
        "Net Income Including Noncontrolling Interests": NaN,
        "Net Income Continuous Operations": NaN,
        "Tax Provision": NaN,
        "Pretax Income": NaN,
        "Other Income Expense": NaN,
        "Special Income Charges": NaN,
        "Other Special Charges": NaN,
        "Impairment Of Capital Assets": NaN,
        "Net Non Operating Interest Income Expense": NaN,
        "Total Other Finance Cost": NaN,
        "Interest Income Non Operating": NaN,
        "Operating Income": NaN,
        "Operating Expense": NaN,
        "Other Operating Expenses": 11341000.0,
        "Depreciation Amortization Depletion Income Statement": NaN,
        "Depreciation And Amortization In Income Statement": NaN,
        "Selling General And Administration": NaN,
        "General And Administrative Expense": NaN,
        "Other Gand A": NaN,
        "Gross Profit": NaN,
        "Cost Of Revenue": NaN,
        "Total Revenue": NaN,
        "Operating Revenue": NaN
    },
    "2022-09-30": {
        "Tax Effect Of Unusual Items": NaN,
        "Tax Rate For Calcs": NaN,
        "Normalized EBITDA": NaN,
        "Total Unusual Items": NaN,
        "Total Unusual Items Excluding Goodwill": NaN,
        "Net Income From Continuing Operation Net Minority Interest": NaN,
        "Reconciled Depreciation": NaN,
        "Reconciled Cost Of Revenue": NaN,
        "EBITDA": NaN,
        "EBIT": NaN,
        "Net Interest Income": NaN,
        "Interest Income": 3712000.0,
        "Normalized Income": NaN,
        "Net Income From Continuing And Discontinued Operation": NaN,
        "Total Expenses": NaN,
        "Rent Expense Supplemental": NaN,
        "Total Operating Income As Reported": NaN,
        "Diluted Average Shares": NaN,
        "Basic Average Shares": NaN,
        "Diluted EPS": NaN,
        "Basic EPS": NaN,
        "Diluted NI Availto Com Stockholders": NaN,
        "Net Income Common Stockholders": NaN,
        "Net Income": NaN,
        "Net Income Including Noncontrolling Interests": NaN,
        "Net Income Continuous Operations": NaN,
        "Tax Provision": NaN,
        "Pretax Income": NaN,
        "Other Income Expense": NaN,
        "Special Income Charges": NaN,
        "Other Special Charges": NaN,
        "Impairment Of Capital Assets": NaN,
        "Net Non Operating Interest Income Expense": NaN,
        "Total Other Finance Cost": -3712000.0,
        "Interest Income Non Operating": 3712000.0,
        "Operating Income": NaN,
        "Operating Expense": NaN,
        "Other Operating Expenses": 7618000.0,
        "Depreciation Amortization Depletion Income Statement": NaN,
        "Depreciation And Amortization In Income Statement": NaN,
        "Selling General And Administration": NaN,
        "General And Administrative Expense": NaN,
        "Other Gand A": NaN,
        "Gross Profit": NaN,
        "Cost Of Revenue": NaN,
        "Total Revenue": NaN,
        "Operating Revenue": NaN
    },
    "2022-06-30": {
        "Tax Effect Of Unusual Items": -1184293.0,
        "Tax Rate For Calcs": 0.253,
        "Normalized EBITDA": 416693000.0,
        "Total Unusual Items": -4681000.0,
        "Total Unusual Items Excluding Goodwill": -4681000.0,
        "Net Income From Continuing Operation Net Minority Interest": 259942000.0,
        "Reconciled Depreciation": 69733000.0,
        "Reconciled Cost Of Revenue": 1655254000.0,
        "EBITDA": 412012000.0,
        "EBIT": 342279000.0,
        "Net Interest Income": 10572000.0,
        "Normalized Income": 263438707.0,
        "Net Income From Continuing And Discontinued Operation": 259942000.0,
        "Total Expenses": 1871060000.0,
        "Rent Expense Supplemental": 113919000.0,
        "Total Operating Income As Reported": 337598000.0,
        "Diluted Average Shares": 28092000.0,
        "Basic Average Shares": 27905000.0,
        "Diluted EPS": 9.25,
        "Basic EPS": 9.32,
        "Diluted NI Availto Com Stockholders": 259942000.0,
        "Net Income Common Stockholders": 259942000.0,
        "Net Income": 259942000.0,
        "Net Income Including Noncontrolling Interests": 259942000.0,
        "Net Income Continuous Operations": 259942000.0,
        "Tax Provision": 88228000.0,
        "Pretax Income": 348170000.0,
        "Other Income Expense": -4681000.0,
        "Special Income Charges": -4681000.0,
        "Impairment Of Capital Assets": 4681000.0,
        "Net Non Operating Interest Income Expense": 10572000.0,
        "Total Other Finance Cost": -10572000.0,
        "Operating Income": 342279000.0,
        "Operating Expense": 215806000.0,
        "Other Operating Expenses": 5253000.0,
        "Depreciation Amortization Depletion Income Statement": 69733000.0,
        "Depreciation And Amortization In Income Statement": 69733000.0,
        "Selling General And Administration": 140820000.0,
        "General And Administrative Expense": 140820000.0,
        "Other Gand A": 140820000.0,
        "Gross Profit": 558085000.0,
        "Cost Of Revenue": 1655254000.0,
        "Total Revenue": 2213339000.0,
        "Operating Revenue": 2213339000.0
    },
    "2022-03-31": {
        "Diluted EPS": 5.59,
        "Total Revenue": NaN,
        "Gross Profit": 419,
        "Operating Income": 190,
        "EBIT": 262,
        "Net Income": 158
    },
    "2021-12-31": {
        "Diluted EPS": 4.67,
        "Total Revenue": NaN,
        "Gross Profit": 396,
        "Operating Income": 158,
        "EBIT": 225,
        "Net Income": 133
    },
    "2021-09-30": {
        "Diluted EPS": 7.18,
        "Total Revenue": NaN,
        "Gross Profit": 459,
        "Operating Income": 240,
        "EBIT": 303,
        "Net Income": 204
    },
    "2021-06-30": {
        "Diluted EPS": 6.6,
        "Total Revenue": NaN,
        "Gross Profit": 463,
        "Operating Income": 246,
        "EBIT": 308,
        "Net Income": 188
    },
    "2021-03-31": {
        "Diluted EPS": 4.45,
        "Total Revenue": NaN,
        "Gross Profit": 389,
        "Operating Income": 161,
        "EBIT": 225,
        "Net Income": 127
    },
    "2020-12-31": {
        "Diluted EPS": 6.71,
        "Total Revenue": NaN,
        "Gross Profit": 313,
        "Operating Income": 117,
        "EBIT": 177,
        "Net Income": 191
    },
    "2020-09-30": {
        "Diluted EPS": 2.82,
        "Total Revenue": NaN,
        "Gross Profit": 312,
        "Operating Income": 107,
        "EBIT": 167,
        "Net Income": 80
    },
    "2020-06-30": {
        "Diluted EPS": 0.29,
        "Total Revenue": NaN,
        "Gross Profit": 167,
        "Operating Income": -5,
        "EBIT": 55,
        "Net Income": 8
    },
    "2020-03-31": {
        "Diluted EPS": 2.7,
        "Total Revenue": NaN,
        "Gross Profit": 249,
        "Operating Income": 71,
        "EBIT": 129,
        "Net Income": 76
    },
    "2019-12-31": {
        "Diluted EPS": 2.56,
        "Total Revenue": NaN,
        "Gross Profit": 276,
        "Operating Income": 98,
        "EBIT": 153,
        "Net Income": 72
    },
    "2019-09-30": {
        "Diluted EPS": 3.47,
        "Total Revenue": NaN,
        "Gross Profit": 292,
        "Operating Income": 116,
        "EBIT": 168,
        "Net Income": 99
    },
    "2019-06-30": {
        "Diluted EPS": 3.22,
        "Total Revenue": NaN,
        "Gross Profit": 300,
        "Operating Income": 120,
        "EBIT": 172,
        "Net Income": 91
    },
    "2019-03-31": {
        "Diluted EPS": 3.13,
        "Total Revenue": NaN,
        "Gross Profit": 274,
        "Operating Income": 110,
        "EBIT": 164,
        "Net Income": 88
    },
    "2018-12-31": {
        "Diluted EPS": 1.14,
        "Total Revenue": NaN,
        "Gross Profit": 208,
        "Operating Income": 40,
        "EBIT": 93,
        "Net Income": 32
    },
    "2018-09-30": {
        "Diluted EPS": 1.36,
        "Total Revenue": NaN,
        "Gross Profit": 229,
        "Operating Income": 58,
        "EBIT": 111,
        "Net Income": 38
    },
    "2018-06-30": {
        "Diluted EPS": 1.68,
        "Total Revenue": NaN,
        "Gross Profit": 250,
        "Operating Income": 68,
        "EBIT": 117,
        "Net Income": 47
    },
    "2018-03-31": {
        "Diluted EPS": 2.13,
        "Total Revenue": NaN,
        "Gross Profit": 224,
        "Operating Income": 93,
        "EBIT": 140,
        "Net Income": 59
    },
    "2017-12-31": {
        "Diluted EPS": 1.56,
        "Total Revenue": NaN,
        "Gross Profit": 165,
        "Operating Income": 60,
        "EBIT": 101,
        "Net Income": 44
    },
    "2017-09-30": {
        "Diluted EPS": 0.69,
        "Total Revenue": NaN,
        "Gross Profit": 181,
        "Operating Income": 31,
        "EBIT": 72,
        "Net Income": 20
    },
    "2017-06-30": {
        "Diluted EPS": 2.32,
        "Total Revenue": NaN,
        "Gross Profit": 220,
        "Operating Income": 107,
        "EBIT": 148,
        "Net Income": 67
    },
    "2017-03-31": {
        "Diluted EPS": 1.6,
        "Total Revenue": NaN,
        "Gross Profit": 190,
        "Operating Income": 73,
        "EBIT": 112,
        "Net Income": 46
    },
    "2016-12-31": {
        "Diluted EPS": 0.51,
        "Total Revenue": NaN,
        "Gross Profit": 140,
        "Operating Income": 31,
        "EBIT": 69,
        "Net Income": 16
    },
    "2016-09-30": {
        "Diluted EPS": 0.27,
        "Total Revenue": NaN,
        "Gross Profit": 147,
        "Operating Income": 10,
        "EBIT": 47,
        "Net Income": 8
    },
    "2016-06-30": {
        "Diluted EPS": 0.87,
        "Total Revenue": 998,
        "Gross Profit": 155,
        "Operating Income": 41,
        "EBIT": 77,
        "Net Income": 26
    },
    "2016-03-31": {
        "Diluted EPS": -0.88,
        "Total Revenue": 834,
        "Gross Profit": 57,
        "Operating Income": -47,
        "EBIT": -12,
        "Net Income": -26
    },
    "2015-12-31": {
        "Diluted EPS": 2.18,
        "Total Revenue": 998,
        "Gross Profit": 196,
        "Operating Income": 104,
        "EBIT": 138,
        "Net Income": 68
    },
    "2015-09-30": {
        "Diluted EPS": 4.59,
        "Total Revenue": NaN,
        "Gross Profit": 344,
        "Operating Income": 235,
        "EBIT": 268,
        "Net Income": 145
    },
    "2015-06-30": {
        "Diluted EPS": 4.45,
        "Total Revenue": NaN,
        "Gross Profit": 335,
        "Operating Income": 227,
        "EBIT": 260,
        "Net Income": 140
    },
    "2015-03-31": {
        "Diluted EPS": 3.88,
        "Total Revenue": NaN,
        "Gross Profit": 299,
        "Operating Income": 198,
        "EBIT": 228,
        "Net Income": 123
    },
    "2014-12-31": {
        "Diluted EPS": 3.84,
        "Total Revenue": NaN,
        "Gross Profit": 285,
        "Operating Income": 188,
        "EBIT": 218,
        "Net Income": 121
    },
    "2014-09-30": {
        "Diluted EPS": 4.15,
        "Total Revenue": NaN,
        "Gross Profit": 312,
        "Operating Income": 207,
        "EBIT": 235,
        "Net Income": 131
    },
    "2014-06-30": {
        "Diluted EPS": 3.5,
        "Total Revenue": NaN,
        "Gross Profit": 287,
        "Operating Income": 180,
        "EBIT": 207,
        "Net Income": 110
    },
    "2014-03-31": {
        "Diluted EPS": 2.64,
        "Total Revenue": 904,
        "Gross Profit": 234,
        "Operating Income": 136,
        "EBIT": 161,
        "Net Income": 83
    },
    "2013-12-31": {
        "Diluted EPS": 2.54,
        "Total Revenue": 844,
        "Gross Profit": 216,
        "Operating Income": 129,
        "EBIT": 154,
        "Net Income": 80
    },
    "2013-09-30": {
        "Diluted EPS": 2.66,
        "Total Revenue": 827,
        "Gross Profit": 222,
        "Operating Income": 137,
        "EBIT": 162,
        "Net Income": 83
    },
    "2013-06-30": {
        "Diluted EPS": 2.82,
        "Total Revenue": 817,
        "Gross Profit": 226,
        "Operating Income": 146,
        "EBIT": 170,
        "Net Income": 88
    },
    "2013-03-31": {
        "Diluted EPS": 2.45,
        "Total Revenue": 727,
        "Gross Profit": 191,
        "Operating Income": 120,
        "EBIT": 143,
        "Net Income": 77
    },
    "2012-12-31": {
        "Diluted EPS": 1.95,
        "Total Revenue": 699,
        "Gross Profit": 172,
        "Operating Income": 102,
        "EBIT": 124,
        "Net Income": 61
    },
    "2012-09-30": {
        "Diluted EPS": 2.27,
        "Total Revenue": 701,
        "Gross Profit": 192,
        "Operating Income": 118,
        "EBIT": 139,
        "Net Income": 72
    },
    "2012-06-30": {
        "Diluted EPS": 2.56,
        "Total Revenue": 691,
        "Gross Profit": 201,
        "Operating Income": 134,
        "EBIT": 154,
        "Net Income": 82
    },
    "2012-03-31": {
        "Diluted EPS": 1.97,
        "Total Revenue": 641,
        "Gross Profit": 175,
        "Operating Income": 102,
        "EBIT": 122,
        "Net Income": 63
    },
    "2011-12-31": {
        "Diluted EPS": 1.81,
        "Total Revenue": 597,
        "Gross Profit": 156,
        "Operating Income": 94,
        "EBIT": 113,
        "Net Income": 57
    },
    "2011-09-30": {
        "Diluted EPS": 1.9,
        "Total Revenue": 592,
        "Gross Profit": 158,
        "Operating Income": 98,
        "EBIT": 117,
        "Net Income": 60
    },
    "2011-06-30": {
        "Diluted EPS": 1.59,
        "Total Revenue": 572,
        "Gross Profit": 147,
        "Operating Income": 84,
        "EBIT": 102,
        "Net Income": 51
    },
    "2011-03-31": {
        "Diluted EPS": 1.46,
        "Total Revenue": 509,
        "Gross Profit": 128,
        "Operating Income": 75,
        "EBIT": 93,
        "Net Income": 46
    },
    "2010-12-31": {
        "Diluted EPS": 1.47,
        "Total Revenue": 483,
        "Gross Profit": 125,
        "Operating Income": 74,
        "EBIT": 92,
        "Net Income": 46
    },
    "2010-09-30": {
        "Diluted EPS": 1.52,
        "Total Revenue": 477,
        "Gross Profit": 132,
        "Operating Income": 78,
        "EBIT": 95,
        "Net Income": 48
    },
    "2010-06-30": {
        "Diluted EPS": 1.46,
        "Total Revenue": 467,
        "Gross Profit": 125,
        "Operating Income": 75,
        "EBIT": 92,
        "Net Income": 46
    },
    "2010-03-31": {
        "Diluted EPS": 1.19,
        "Total Revenue": 410,
        "Gross Profit": 107,
        "Operating Income": 61,
        "EBIT": 78,
        "Net Income": 38
    },
    "2009-12-31": {
        "Diluted EPS": 0.99,
        "Total Revenue": 388,
        "Gross Profit": 95,
        "Operating Income": 50,
        "EBIT": 66,
        "Net Income": 32
    },
    "2009-09-30": {
        "Diluted EPS": 1.08,
        "Total Revenue": 388,
        "Gross Profit": 99,
        "Operating Income": 55,
        "EBIT": 70,
        "Net Income": 34
    },
    "2009-06-30": {
        "Diluted EPS": 1.1,
        "Total Revenue": 389,
        "Gross Profit": 101,
        "Operating Income": 57,
        "EBIT": 73,
        "Net Income": 35
    },
    "2009-03-31": {
        "Diluted EPS": 0.78,
        "Total Revenue": 354,
        "Gross Profit": 83,
        "Operating Income": 41,
        "EBIT": 56,
        "Net Income": 25
    },
    "2023-09-30": {
        "Tax Effect Of Unusual Items": NaN,
        "Tax Rate For Calcs": NaN,
        "Normalized EBITDA": NaN,
        "Total Unusual Items": NaN,
        "Total Unusual Items Excluding Goodwill": NaN,
        "Net Income From Continuing Operation Net Minority Interest": NaN,
        "Reconciled Depreciation": NaN,
        "Reconciled Cost Of Revenue": NaN,
        "EBITDA": NaN,
        "EBIT": NaN,
        "Net Interest Income": NaN,
        "Interest Income": NaN,
        "Normalized Income": NaN,
        "Net Income From Continuing And Discontinued Operation": NaN,
        "Total Expenses": NaN,
        "Rent Expense Supplemental": NaN,
        "Total Operating Income As Reported": NaN,
        "Diluted Average Shares": 1384062000.0,
        "Basic Average Shares": 1377525000.0,
        "Diluted EPS": 0.23,
        "Basic EPS": 0.23,
        "Diluted NI Availto Com Stockholders": NaN,
        "Net Income Common Stockholders": NaN,
        "Net Income": NaN,
        "Net Income Including Noncontrolling Interests": NaN,
        "Net Income Continuous Operations": NaN,
        "Tax Provision": NaN,
        "Pretax Income": NaN,
        "Other Income Expense": NaN,
        "Special Income Charges": NaN,
        "Other Special Charges": NaN,
        "Impairment Of Capital Assets": NaN,
        "Net Non Operating Interest Income Expense": NaN,
        "Total Other Finance Cost": NaN,
        "Interest Income Non Operating": NaN,
        "Operating Income": NaN,
        "Operating Expense": NaN,
        "Other Operating Expenses": NaN,
        "Depreciation Amortization Depletion Income Statement": NaN,
        "Depreciation And Amortization In Income Statement": NaN,
        "Selling General And Administration": NaN,
        "General And Administrative Expense": NaN,
        "Other Gand A": NaN,
        "Gross Profit": NaN,
        "Cost Of Revenue": NaN,
        "Total Revenue": NaN,
        "Operating Revenue": NaN
    },
    "2023-12-31": {
        "Tax Effect Of Unusual Items": -5275678.511742,
        "Tax Rate For Calcs": 0.262237,
        "Normalized EBITDA": 489175000.0,
        "Total Unusual Items": -20118000.0,
        "Total Unusual Items Excluding Goodwill": -20118000.0,
        "Net Income From Continuing Operation Net Minority Interest": 282086000.0,
        "Reconciled Depreciation": 85492000.0,
        "Reconciled Cost Of Revenue": 1878016000.0,
        "EBITDA": 469057000.0,
        "EBIT": 383565000.0,
        "Net Interest Income": 18906000.0,
        "Interest Income": 18906000.0,
        "Normalized Income": 296928321.488258,
        "Net Income From Continuing And Discontinued Operation": 282086000.0,
        "Total Expenses": 2132755000.0,
        "Rent Expense Supplemental": 131167000.0,
        "Total Operating Income As Reported": 363447000.0,
        "Diluted Average Shares": 1381050000.0,
        "Basic Average Shares": 1372000000.0,
        "Diluted EPS": 0.2042,
        "Basic EPS": 0.2056,
        "Diluted NI Availto Com Stockholders": 282086000.0,
        "Net Income Common Stockholders": 282086000.0,
        "Net Income": 282086000.0,
        "Net Income Including Noncontrolling Interests": 282086000.0,
        "Net Income Continuous Operations": 282086000.0,
        "Tax Provision": 100267000.0,
        "Pretax Income": 382353000.0,
        "Other Income Expense": -20118000.0,
        "Special Income Charges": -20118000.0,
        "Other Special Charges": 13590000.0,
        "Impairment Of Capital Assets": 6528000.0,
        "Net Non Operating Interest Income Expense": 18906000.0,
        "Total Other Finance Cost": NaN,
        "Interest Income Non Operating": 18906000.0,
        "Operating Income": 383565000.0,
        "Operating Expense": 254739000.0,
        "Other Operating Expenses": NaN,
        "Depreciation Amortization Depletion Income Statement": 85492000.0,
        "Depreciation And Amortization In Income Statement": 85492000.0,
        "Selling General And Administration": 169247000.0,
        "General And Administrative Expense": 169247000.0,
        "Other Gand A": 169247000.0,
        "Gross Profit": 638304000.0,
        "Cost Of Revenue": 1878016000.0,
        "Total Revenue": 2516320000.0,
        "Operating Revenue": 2516320000.0
    },
    "2024-03-31": {
        "Tax Effect Of Unusual Items": -2791800.0,
        "Tax Rate For Calcs": 0.22,
        "Normalized EBITDA": 549915000.0,
        "Total Unusual Items": -12690000.0,
        "Total Unusual Items Excluding Goodwill": -12690000.0,
        "Net Income From Continuing Operation Net Minority Interest": 359287000.0,
        "Reconciled Depreciation": 83243000.0,
        "Reconciled Cost Of Revenue": 1959998000.0,
        "EBITDA": 537225000.0,
        "EBIT": 453982000.0,
        "Net Interest Income": 19364000.0,
        "Interest Income": 19364000.0,
        "Normalized Income": 369185200.0,
        "Net Income From Continuing And Discontinued Operation": 359287000.0,
        "Total Expenses": 2247866000.0,
        "Rent Expense Supplemental": 135699000.0,
        "Total Operating Income As Reported": 441292000.0,
        "Diluted Average Shares": 1381200000.0,
        "Basic Average Shares": 1372200000.0,
        "Diluted EPS": 0.2602,
        "Basic EPS": 0.2618,
        "Diluted NI Availto Com Stockholders": 359287000.0,
        "Net Income Common Stockholders": 359287000.0,
        "Net Income": 359287000.0,
        "Net Income Including Noncontrolling Interests": 359287000.0,
        "Net Income Continuous Operations": 359287000.0,
        "Tax Provision": 101369000.0,
        "Pretax Income": 460656000.0,
        "Other Income Expense": -12690000.0,
        "Special Income Charges": -12690000.0,
        "Other Special Charges": 7211000.0,
        "Impairment Of Capital Assets": 5479000.0,
        "Net Non Operating Interest Income Expense": 19364000.0,
        "Total Other Finance Cost": NaN,
        "Interest Income Non Operating": 19364000.0,
        "Operating Income": 453982000.0,
        "Operating Expense": 287868000.0,
        "Other Operating Expenses": NaN,
        "Depreciation Amortization Depletion Income Statement": 83243000.0,
        "Depreciation And Amortization In Income Statement": 83243000.0,
        "Selling General And Administration": 204625000.0,
        "General And Administrative Expense": 204625000.0,
        "Other Gand A": 204625000.0,
        "Gross Profit": 741850000.0,
        "Cost Of Revenue": 1959998000.0,
        "Total Revenue": 2701848000.0,
        "Operating Revenue": 2701848000.0
    },
    "2024-06-30": {
        "Tax Effect Of Unusual Items": -3689250.0,
        "Tax Rate For Calcs": 0.25,
        "Normalized EBITDA": 699129000.0,
        "Total Unusual Items": -14757000.0,
        "Total Unusual Items Excluding Goodwill": -14757000.0,
        "Net Income From Continuing Operation Net Minority Interest": 455671000.0,
        "Reconciled Depreciation": 83562000.0,
        "Reconciled Cost Of Revenue": 2113717000.0,
        "EBITDA": 684372000.0,
        "EBIT": 600810000.0,
        "Net Interest Income": 21861000.0,
        "Interest Income": 21861000.0,
        "Normalized Income": 466738750.0,
        "Net Income From Continuing And Discontinued Operation": 455671000.0,
        "Total Expenses": 2372307000.0,
        "Rent Expense Supplemental": 138663000.0,
        "Total Operating Income As Reported": 586053000.0,
        "Diluted Average Shares": 1381518000.0,
        "Basic Average Shares": 1372800000.0,
        "Diluted EPS": 0.33,
        "Basic EPS": 0.33,
        "Diluted NI Availto Com Stockholders": 455671000.0,
        "Net Income Common Stockholders": 455671000.0,
        "Net Income": 455671000.0,
        "Net Income Including Noncontrolling Interests": 455671000.0,
        "Net Income Continuous Operations": 455671000.0,
        "Tax Provision": 152243000.0,
        "Pretax Income": 607914000.0,
        "Other Income Expense": -14757000.0,
        "Special Income Charges": -14757000.0,
        "Other Special Charges": 8995000.0,
        "Impairment Of Capital Assets": 5762000.0,
        "Net Non Operating Interest Income Expense": 21861000.0,
        "Total Other Finance Cost": NaN,
        "Interest Income Non Operating": 21861000.0,
        "Operating Income": 600810000.0,
        "Operating Expense": 258590000.0,
        "Other Operating Expenses": NaN,
        "Depreciation Amortization Depletion Income Statement": 83562000.0,
        "Depreciation And Amortization In Income Statement": 83562000.0,
        "Selling General And Administration": 175028000.0,
        "General And Administrative Expense": 175028000.0,
        "Other Gand A": 175028000.0,
        "Gross Profit": 859400000.0,
        "Cost Of Revenue": 2113717000.0,
        "Total Revenue": 2973117000.0,
        "Operating Revenue": 2973117000.0
    },
    "2024-09-30": {
        "Tax Effect Of Unusual Items": -6403298.0,
        "Tax Rate For Calcs": 0.229,
        "Normalized EBITDA": 613529000.0,
        "Total Unusual Items": -27962000.0,
        "Total Unusual Items Excluding Goodwill": -27962000.0,
        "Net Income From Continuing Operation Net Minority Interest": 387388000.0,
        "Reconciled Depreciation": 84349000.0,
        "Reconciled Cost Of Revenue": 2081395000.0,
        "EBITDA": 585567000.0,
        "EBIT": 501218000.0,
        "Net Interest Income": 29307000.0,
        "Interest Income": 29307000.0,
        "Normalized Income": 408946702.0,
        "Net Income From Continuing And Discontinued Operation": 387388000.0,
        "Total Expenses": 2292358000.0,
        "Rent Expense Supplemental": 142570000.0,
        "Total Operating Income As Reported": 473256000.0,
        "Diluted Average Shares": 1374605000.0,
        "Basic Average Shares": 1367038000.0,
        "Diluted EPS": 0.28,
        "Basic EPS": 0.28,
        "Diluted NI Availto Com Stockholders": 387388000.0,
        "Net Income Common Stockholders": 387388000.0,
        "Net Income": 387388000.0,
        "Net Income Including Noncontrolling Interests": 387388000.0,
        "Net Income Continuous Operations": 387388000.0,
        "Tax Provision": 115175000.0,
        "Pretax Income": 502563000.0,
        "Other Income Expense": -27962000.0,
        "Special Income Charges": -27962000.0,
        "Other Special Charges": 12786000.0,
        "Impairment Of Capital Assets": 15176000.0,
        "Net Non Operating Interest Income Expense": 29307000.0,
        "Total Other Finance Cost": NaN,
        "Interest Income Non Operating": 29307000.0,
        "Operating Income": 501218000.0,
        "Operating Expense": 210963000.0,
        "Other Operating Expenses": NaN,
        "Depreciation Amortization Depletion Income Statement": 84349000.0,
        "Depreciation And Amortization In Income Statement": 84349000.0,
        "Selling General And Administration": 126614000.0,
        "General And Administrative Expense": 126614000.0,
        "Other Gand A": 126614000.0,
        "Gross Profit": 712181000.0,
        "Cost Of Revenue": 2081395000.0,
        "Total Revenue": 2793576000.0,
        "Operating Revenue": 2793576000.0
    },
    "2024-12-31": {
        "Tax Effect Of Unusual Items": -3284544.237378,
        "Tax Rate For Calcs": 0.24444,
        "Normalized EBITDA": 526482000.0,
        "Total Unusual Items": -13437000.0,
        "Total Unusual Items Excluding Goodwill": -13437000.0,
        "Net Income From Continuing Operation Net Minority Interest": 331764000.0,
        "Reconciled Depreciation": 83876000.0,
        "Reconciled Cost Of Revenue": 2141049000.0,
        "EBITDA": 513045000.0,
        "EBIT": 429169000.0,
        "Net Interest Income": 23365000.0,
        "Interest Income": 23365000.0,
        "Normalized Income": 341916455.762622,
        "Net Income From Continuing And Discontinued Operation": 331764000.0,
        "Total Expenses": 2416141000.0,
        "Rent Expense Supplemental": 146442000.0,
        "Total Operating Income As Reported": 415732000.0,
        "Diluted Average Shares": NaN,
        "Basic Average Shares": NaN,
        "Diluted EPS": NaN,
        "Basic EPS": NaN,
        "Diluted NI Availto Com Stockholders": 331764000.0,
        "Net Income Common Stockholders": 331764000.0,
        "Net Income": 331764000.0,
        "Net Income Including Noncontrolling Interests": 331764000.0,
        "Net Income Continuous Operations": 331764000.0,
        "Tax Provision": 107333000.0,
        "Pretax Income": 439097000.0,
        "Other Income Expense": -13437000.0,
        "Special Income Charges": -13437000.0,
        "Other Special Charges": 12905000.0,
        "Impairment Of Capital Assets": 532000.0,
        "Net Non Operating Interest Income Expense": 23365000.0,
        "Total Other Finance Cost": NaN,
        "Interest Income Non Operating": 23365000.0,
        "Operating Income": 429169000.0,
        "Operating Expense": 275092000.0,
        "Other Operating Expenses": NaN,
        "Depreciation Amortization Depletion Income Statement": 83876000.0,
        "Depreciation And Amortization In Income Statement": 83876000.0,
        "Selling General And Administration": 191216000.0,
        "General And Administrative Expense": 191216000.0,
        "Other Gand A": 191216000.0,
        "Gross Profit": 704261000.0,
        "Cost Of Revenue": 2141049000.0,
        "Total Revenue": 2845310000.0,
        "Operating Revenue": 2845310000.0
    }
}