{
    "2023-03-31": {
        "Tax Effect Of Unusual Items": NaN,
        "Tax Rate For Calcs": NaN,
        "Normalized EBITDA": NaN,
        "Total Unusual Items": NaN,
        "Total Unusual Items Excluding Goodwill": NaN,
        "Net Income From Continuing Operation Net Minority Interest": NaN,
        "Reconciled Depreciation": NaN,
        "Reconciled Cost Of Revenue": NaN,
        "EBITDA": NaN,
        "EBIT": NaN,
        "Net Interest Income": NaN,
        "Interest Expense": NaN,
        "Normalized Income": NaN,
        "Net Income From Continuing And Discontinued Operation": NaN,
        "Total Expenses": NaN,
        "Total Operating Income As Reported": NaN,
        "Diluted Average Shares": NaN,
        "Basic Average Shares": NaN,
        "Diluted EPS": NaN,
        "Basic EPS": NaN,
        "Diluted NI Availto Com Stockholders": NaN,
        "Average Dilution Earnings": 8410000.0,
        "Net Income Common Stockholders": NaN,
        "Net Income": NaN,
        "Minority Interests": NaN,
        "Net Income Including Noncontrolling Interests": NaN,
        "Net Income Continuous Operations": NaN,
        "Tax Provision": NaN,
        "Pretax Income": NaN,
        "Other Income Expense": NaN,
        "Special Income Charges": NaN,
        "Restructuring And Mergern Acquisition": NaN,
        "Gain On Sale Of Security": NaN,
        "Net Non Operating Interest Income Expense": NaN,
        "Total Other Finance Cost": NaN,
        "Interest Expense Non Operating": NaN,
        "Operating Income": NaN,
        "Operating Expense": NaN,
        "Selling General And Administration": NaN,
        "Gross Profit": NaN,
        "Cost Of Revenue": NaN,
        "Total Revenue": NaN,
        "Operating Revenue": NaN
    },
    "2022-12-31": {
        "Tax Effect Of Unusual Items": NaN,
        "Tax Rate For Calcs": NaN,
        "Normalized EBITDA": NaN,
        "Total Unusual Items": NaN,
        "Total Unusual Items Excluding Goodwill": NaN,
        "Net Income From Continuing Operation Net Minority Interest": NaN,
        "Reconciled Depreciation": NaN,
        "Reconciled Cost Of Revenue": NaN,
        "EBITDA": NaN,
        "EBIT": NaN,
        "Net Interest Income": NaN,
        "Interest Expense": NaN,
        "Normalized Income": NaN,
        "Net Income From Continuing And Discontinued Operation": NaN,
        "Total Expenses": NaN,
        "Total Operating Income As Reported": NaN,
        "Diluted Average Shares": NaN,
        "Basic Average Shares": NaN,
        "Diluted EPS": NaN,
        "Basic EPS": NaN,
        "Diluted NI Availto Com Stockholders": NaN,
        "Average Dilution Earnings": NaN,
        "Net Income Common Stockholders": NaN,
        "Net Income": NaN,
        "Minority Interests": NaN,
        "Net Income Including Noncontrolling Interests": NaN,
        "Net Income Continuous Operations": NaN,
        "Tax Provision": NaN,
        "Pretax Income": NaN,
        "Other Income Expense": NaN,
        "Other Non Operating Income Expenses": 0.0,
        "Special Income Charges": NaN,
        "Restructuring And Mergern Acquisition": NaN,
        "Gain On Sale Of Security": NaN,
        "Net Non Operating Interest Income Expense": NaN,
        "Total Other Finance Cost": NaN,
        "Interest Expense Non Operating": NaN,
        "Operating Income": NaN,
        "Operating Expense": NaN,
        "Selling General And Administration": NaN,
        "Gross Profit": NaN,
        "Cost Of Revenue": NaN,
        "Total Revenue": NaN,
        "Operating Revenue": NaN
    },
    "2022-09-30": {
        "Tax Effect Of Unusual Items": NaN,
        "Tax Rate For Calcs": NaN,
        "Normalized EBITDA": NaN,
        "Total Unusual Items": NaN,
        "Total Unusual Items Excluding Goodwill": NaN,
        "Net Income From Continuing Operation Net Minority Interest": NaN,
        "Reconciled Depreciation": NaN,
        "Reconciled Cost Of Revenue": NaN,
        "EBITDA": NaN,
        "EBIT": NaN,
        "Net Interest Income": NaN,
        "Interest Expense": NaN,
        "Normalized Income": NaN,
        "Net Income From Continuing And Discontinued Operation": NaN,
        "Total Expenses": NaN,
        "Total Operating Income As Reported": NaN,
        "Diluted Average Shares": NaN,
        "Basic Average Shares": NaN,
        "Diluted EPS": NaN,
        "Basic EPS": NaN,
        "Diluted NI Availto Com Stockholders": NaN,
        "Average Dilution Earnings": 733000.0,
        "Net Income Common Stockholders": NaN,
        "Net Income": NaN,
        "Minority Interests": NaN,
        "Net Income Including Noncontrolling Interests": NaN,
        "Net Income Continuous Operations": NaN,
        "Tax Provision": NaN,
        "Pretax Income": NaN,
        "Other Income Expense": NaN,
        "Other Non Operating Income Expenses": 1291000.0,
        "Special Income Charges": NaN,
        "Restructuring And Mergern Acquisition": NaN,
        "Gain On Sale Of Security": NaN,
        "Net Non Operating Interest Income Expense": NaN,
        "Total Other Finance Cost": NaN,
        "Interest Expense Non Operating": NaN,
        "Operating Income": NaN,
        "Operating Expense": NaN,
        "Selling General And Administration": NaN,
        "Selling And Marketing Expense": 3364000.0,
        "General And Administrative Expense": 32752000.0,
        "Other Gand A": 32752000.0,
        "Gross Profit": NaN,
        "Cost Of Revenue": NaN,
        "Total Revenue": NaN,
        "Operating Revenue": NaN
    },
    "2022-06-30": {
        "Tax Effect Of Unusual Items": 0.0,
        "Tax Rate For Calcs": 0.044154,
        "Normalized EBITDA": 34421000.0,
        "Total Unusual Items": 34586000.0,
        "Total Unusual Items Excluding Goodwill": 34586000.0,
        "Net Income From Continuing Operation Net Minority Interest": 8474000.0,
        "Reconciled Depreciation": 2218000.0,
        "Reconciled Cost Of Revenue": 38347000.0,
        "EBITDA": 34421000.0,
        "EBIT": 34421000.0,
        "Net Interest Income": -5545000.0,
        "Interest Expense": 4904000.0,
        "Normalized Income": 8474000.0,
        "Net Income From Continuing And Discontinued Operation": 8474000.0,
        "Total Expenses": 62778000.0,
        "Total Operating Income As Reported": 34421000.0,
        "Diluted Average Shares": 32363292.0,
        "Basic Average Shares": 15051732.0,
        "Diluted EPS": 0.52,
        "Basic EPS": 0.56,
        "Diluted NI Availto Com Stockholders": 8474000.0,
        "Average Dilution Earnings": 8236000.0,
        "Net Income Common Stockholders": 8474000.0,
        "Net Income": 8474000.0,
        "Minority Interests": -52184000.0,
        "Net Income Including Noncontrolling Interests": 60658000.0,
        "Net Income Continuous Operations": 60658000.0,
        "Tax Provision": 2802000.0,
        "Pretax Income": 63460000.0,
        "Other Income Expense": 29039000.0,
        "Other Non Operating Income Expenses": 29039000.0,
        "Special Income Charges": 14934000.0,
        "Restructuring And Mergern Acquisition": -14934000.0,
        "Gain On Sale Of Security": 19652000.0,
        "Net Non Operating Interest Income Expense": -5545000.0,
        "Total Other Finance Cost": 641000.0,
        "Interest Expense Non Operating": 4904000.0,
        "Operating Income": 34421000.0,
        "Operating Expense": 24431000.0,
        "Selling General And Administration": 24431000.0,
        "Selling And Marketing Expense": 3920000.0,
        "General And Administrative Expense": 20513000.0,
        "Other Gand A": 20513000.0,
        "Gross Profit": 58852000.0,
        "Cost Of Revenue": 38347000.0,
        "Total Revenue": 97199000.0,
        "Operating Revenue": 97199000.0
    },
    "2022-03-31": {
        "Diluted EPS": 0.23,
        "Total Revenue": 84,
        "Gross Profit": 49,
        "Operating Income": 30,
        "EBIT": 33,
        "Net Income": 3
    },
    "2021-12-31": {
        "Diluted EPS": 0.0,
        "Total Revenue": 75,
        "Gross Profit": 39,
        "Operating Income": 9,
        "EBIT": 12,
        "Net Income": -60
    },
    "2021-09-30": {
        "Diluted EPS": 0.0,
        "Total Revenue": 66,
        "Gross Profit": 36,
        "Operating Income": 22,
        "EBIT": 25,
        "Net Income": 19
    },
    "2021-06-30": {
        "Diluted EPS": 0.0,
        "Total Revenue": 63,
        "Gross Profit": 35,
        "Operating Income": 24,
        "EBIT": 27,
        "Net Income": 21
    },
    "2021-03-31": {
        "Diluted EPS": 0.0,
        "Total Revenue": 64,
        "Gross Profit": 34,
        "Operating Income": 26,
        "EBIT": 29,
        "Net Income": 23
    },
    "2020-12-31": {
        "Diluted EPS": 0.0,
        "Total Revenue": NaN,
        "Gross Profit": NaN,
        "Operating Income": NaN,
        "EBIT": NaN,
        "Net Income": NaN
    },
    "2020-09-30": {
        "Diluted EPS": 0.0,
        "Total Revenue": NaN,
        "Gross Profit": NaN,
        "Operating Income": NaN,
        "EBIT": NaN,
        "Net Income": NaN
    },
    "2019-12-31": {
        "Diluted EPS": 0.0,
        "Total Revenue": NaN,
        "Gross Profit": NaN,
        "Operating Income": NaN,
        "EBIT": NaN,
        "Net Income": NaN
    },
    "2023-06-30": {
        "Tax Effect Of Unusual Items": 264388.361045,
        "Tax Rate For Calcs": 0.0288,
        "Normalized EBITDA": 32073000.0,
        "Total Unusual Items": 9180000.0,
        "Total Unusual Items Excluding Goodwill": 9180000.0,
        "Net Income From Continuing Operation Net Minority Interest": 5737000.0,
        "Reconciled Depreciation": 2131000.0,
        "Reconciled Cost Of Revenue": 44590000.0,
        "EBITDA": 41253000.0,
        "EBIT": 39122000.0,
        "Net Interest Income": -5849000.0,
        "Interest Expense": 5442000.0,
        "Normalized Income": -3178611.638955,
        "Net Income From Continuing And Discontinued Operation": 5737000.0,
        "Total Expenses": 68178000.0,
        "Total Operating Income As Reported": 30349000.0,
        "Diluted Average Shares": 35528429.0,
        "Basic Average Shares": 18537268.0,
        "Diluted EPS": 0.29,
        "Basic EPS": 0.31,
        "Diluted NI Availto Com Stockholders": 10147000.0,
        "Average Dilution Earnings": 4410000.0,
        "Net Income Common Stockholders": 5737000.0,
        "Net Income": 5737000.0,
        "Minority Interests": -26973000.0,
        "Net Income Including Noncontrolling Interests": 32710000.0,
        "Net Income Continuous Operations": 32710000.0,
        "Tax Provision": 970000.0,
        "Pretax Income": 33680000.0,
        "Other Income Expense": 9180000.0,
        "Special Income Charges": 6194000.0,
        "Restructuring And Mergern Acquisition": -6194000.0,
        "Gain On Sale Of Security": 2986000.0,
        "Net Non Operating Interest Income Expense": -5849000.0,
        "Total Other Finance Cost": 407000.0,
        "Interest Expense Non Operating": 5442000.0,
        "Operating Income": 30349000.0,
        "Operating Expense": 23588000.0,
        "Selling General And Administration": 23588000.0,
        "Gross Profit": 53937000.0,
        "Cost Of Revenue": 44590000.0,
        "Total Revenue": 98527000.0,
        "Operating Revenue": 98527000.0
    },
    "2023-09-30": {
        "Tax Effect Of Unusual Items": 239863.6,
        "Tax Rate For Calcs": 0.0148,
        "Normalized EBITDA": 30565000.0,
        "Total Unusual Items": 16207000.0,
        "Total Unusual Items Excluding Goodwill": 16207000.0,
        "Net Income From Continuing Operation Net Minority Interest": 7475000.0,
        "Reconciled Depreciation": 2078000.0,
        "Reconciled Cost Of Revenue": 47990000.0,
        "EBITDA": 46772000.0,
        "EBIT": 44694000.0,
        "Net Interest Income": -6010000.0,
        "Interest Expense": 5696000.0,
        "Normalized Income": -8492136.4,
        "Net Income From Continuing And Discontinued Operation": 7475000.0,
        "Total Expenses": 68085000.0,
        "Total Operating Income As Reported": 28801000.0,
        "Diluted Average Shares": 35764654.0,
        "Basic Average Shares": 19074679.0,
        "Diluted EPS": 0.34,
        "Basic EPS": 0.39,
        "Diluted NI Availto Com Stockholders": 12285000.0,
        "Average Dilution Earnings": 4810000.0,
        "Net Income Common Stockholders": 7475000.0,
        "Net Income": 7475000.0,
        "Minority Interests": -30574000.0,
        "Net Income Including Noncontrolling Interests": 38049000.0,
        "Net Income Continuous Operations": 38049000.0,
        "Tax Provision": 949000.0,
        "Pretax Income": 38998000.0,
        "Other Income Expense": 16207000.0,
        "Special Income Charges": 6319000.0,
        "Restructuring And Mergern Acquisition": -6319000.0,
        "Gain On Sale Of Security": 9888000.0,
        "Net Non Operating Interest Income Expense": -6010000.0,
        "Total Other Finance Cost": 314000.0,
        "Interest Expense Non Operating": 5696000.0,
        "Operating Income": 28801000.0,
        "Operating Expense": 20095000.0,
        "Selling General And Administration": 20095000.0,
        "Gross Profit": 48896000.0,
        "Cost Of Revenue": 47990000.0,
        "Total Revenue": 96886000.0,
        "Operating Revenue": 96886000.0
    },
    "2023-12-31": {
        "Tax Effect Of Unusual Items": 1138821.440843,
        "Tax Rate For Calcs": 0.111671,
        "Normalized EBITDA": 37322000.0,
        "Total Unusual Items": 10198000.0,
        "Total Unusual Items Excluding Goodwill": 10198000.0,
        "Net Income From Continuing Operation Net Minority Interest": 3396000.0,
        "Reconciled Depreciation": 2138000.0,
        "Reconciled Cost Of Revenue": 47005000.0,
        "EBITDA": 47520000.0,
        "EBIT": 45382000.0,
        "Net Interest Income": -5801000.0,
        "Interest Expense": 10458000.0,
        "Normalized Income": -5663178.559157,
        "Net Income From Continuing And Discontinued Operation": 3396000.0,
        "Total Expenses": 69373000.0,
        "Total Operating Income As Reported": 30527000.0,
        "Diluted Average Shares": 19375000.0,
        "Basic Average Shares": 19375000.0,
        "Diluted EPS": 0.17,
        "Basic EPS": 0.17,
        "Diluted NI Availto Com Stockholders": -7309000.0,
        "Average Dilution Earnings": NaN,
        "Net Income Common Stockholders": 3396000.0,
        "Net Income": 3396000.0,
        "Minority Interests": -27628000.0,
        "Net Income Including Noncontrolling Interests": 31024000.0,
        "Net Income Continuous Operations": 31024000.0,
        "Tax Provision": 3900000.0,
        "Pretax Income": 34924000.0,
        "Other Income Expense": 10198000.0,
        "Special Income Charges": 3697000.0,
        "Restructuring And Mergern Acquisition": -3697000.0,
        "Gain On Sale Of Security": 6501000.0,
        "Net Non Operating Interest Income Expense": -5801000.0,
        "Total Other Finance Cost": 320000.0,
        "Interest Expense Non Operating": 10458000.0,
        "Operating Income": 30527000.0,
        "Operating Expense": 22368000.0,
        "Selling General And Administration": 22368000.0,
        "Gross Profit": 52895000.0,
        "Cost Of Revenue": 47005000.0,
        "Total Revenue": 99900000.0,
        "Operating Revenue": 99900000.0
    },
    "2024-03-31": {
        "Tax Effect Of Unusual Items": -1922130.0,
        "Tax Rate For Calcs": 0.21,
        "Normalized EBITDA": 33030000.0,
        "Total Unusual Items": -9153000.0,
        "Total Unusual Items Excluding Goodwill": -9153000.0,
        "Net Income From Continuing Operation Net Minority Interest": 4025000.0,
        "Reconciled Depreciation": 2221000.0,
        "Reconciled Cost Of Revenue": 48797000.0,
        "EBITDA": 23877000.0,
        "EBIT": 21656000.0,
        "Net Interest Income": -5746000.0,
        "Interest Expense": 5419000.0,
        "Normalized Income": 11255870.0,
        "Net Income From Continuing And Discontinued Operation": 4025000.0,
        "Total Expenses": 72874000.0,
        "Total Operating Income As Reported": 31136000.0,
        "Diluted Average Shares": 96235469.0,
        "Basic Average Shares": 20566970.0,
        "Diluted EPS": 0.17,
        "Basic EPS": 0.2,
        "Diluted NI Availto Com Stockholders": 16020000.0,
        "Average Dilution Earnings": 11995000.0,
        "Net Income Common Stockholders": 4025000.0,
        "Net Income": 4025000.0,
        "Minority Interests": -13048000.0,
        "Net Income Including Noncontrolling Interests": 17073000.0,
        "Net Income Continuous Operations": 17073000.0,
        "Tax Provision": -836000.0,
        "Pretax Income": 16237000.0,
        "Other Income Expense": -9153000.0,
        "Special Income Charges": -1459000.0,
        "Restructuring And Mergern Acquisition": 1459000.0,
        "Gain On Sale Of Security": -7694000.0,
        "Net Non Operating Interest Income Expense": -5746000.0,
        "Total Other Finance Cost": 327000.0,
        "Interest Expense Non Operating": 5419000.0,
        "Operating Income": 31136000.0,
        "Operating Expense": 24077000.0,
        "Selling General And Administration": 24077000.0,
        "Gross Profit": 55213000.0,
        "Cost Of Revenue": 48797000.0,
        "Total Revenue": 104010000.0,
        "Operating Revenue": 104010000.0
    },
    "2024-06-30": {
        "Tax Effect Of Unusual Items": 58755.870625,
        "Tax Rate For Calcs": 0.007621,
        "Normalized EBITDA": 33841000.0,
        "Total Unusual Items": 7710000.0,
        "Total Unusual Items Excluding Goodwill": 7710000.0,
        "Net Income From Continuing Operation Net Minority Interest": 11099000.0,
        "Reconciled Depreciation": 2380000.0,
        "Reconciled Cost Of Revenue": 52495000.0,
        "EBITDA": 41551000.0,
        "EBIT": 39171000.0,
        "Net Interest Income": -5648000.0,
        "Interest Expense": 5316000.0,
        "Normalized Income": 3447755.870625,
        "Net Income From Continuing And Discontinued Operation": 11099000.0,
        "Total Expenses": 76774000.0,
        "Total Operating Income As Reported": 31793000.0,
        "Diluted Average Shares": 96640692.0,
        "Basic Average Shares": 25438469.0,
        "Diluted EPS": 0.32,
        "Basic EPS": 0.44,
        "Diluted NI Availto Com Stockholders": 30491000.0,
        "Average Dilution Earnings": 19392000.0,
        "Net Income Common Stockholders": 11099000.0,
        "Net Income": 11099000.0,
        "Minority Interests": -22498000.0,
        "Net Income Including Noncontrolling Interests": 33597000.0,
        "Net Income Continuous Operations": 33597000.0,
        "Tax Provision": 258000.0,
        "Pretax Income": 33855000.0,
        "Other Income Expense": 7710000.0,
        "Special Income Charges": 1928000.0,
        "Restructuring And Mergern Acquisition": -1928000.0,
        "Gain On Sale Of Security": 5782000.0,
        "Net Non Operating Interest Income Expense": -5648000.0,
        "Total Other Finance Cost": 332000.0,
        "Interest Expense Non Operating": 5316000.0,
        "Operating Income": 31793000.0,
        "Operating Expense": 24279000.0,
        "Selling General And Administration": 24279000.0,
        "Gross Profit": 56072000.0,
        "Cost Of Revenue": 52495000.0,
        "Total Revenue": 108567000.0,
        "Operating Revenue": 108567000.0
    }
}