{
    "2023-03-31": {
        "Tax Effect Of Unusual Items": NaN,
        "Tax Rate For Calcs": NaN,
        "Normalized EBITDA": NaN,
        "Total Unusual Items": NaN,
        "Total Unusual Items Excluding Goodwill": NaN,
        "Net Income From Continuing Operation Net Minority Interest": NaN,
        "Reconciled Depreciation": NaN,
        "Reconciled Cost Of Revenue": NaN,
        "EBITDA": NaN,
        "EBIT": NaN,
        "Net Interest Income": NaN,
        "Interest Expense": NaN,
        "Normalized Income": NaN,
        "Net Income From Continuing And Discontinued Operation": NaN,
        "Total Expenses": NaN,
        "Total Operating Income As Reported": NaN,
        "Diluted Average Shares": 26268301.0,
        "Basic Average Shares": 26268301.0,
        "Diluted EPS": -1.88,
        "Basic EPS": -1.88,
        "Diluted NI Availto Com Stockholders": NaN,
        "Net Income Common Stockholders": NaN,
        "Net Income": NaN,
        "Minority Interests": NaN,
        "Net Income Including Noncontrolling Interests": NaN,
        "Net Income Continuous Operations": NaN,
        "Tax Provision": NaN,
        "Pretax Income": NaN,
        "Other Income Expense": NaN,
        "Other Non Operating Income Expenses": NaN,
        "Special Income Charges": NaN,
        "Other Special Charges": NaN,
        "Restructuring And Mergern Acquisition": NaN,
        "Gain On Sale Of Security": NaN,
        "Net Non Operating Interest Income Expense": NaN,
        "Interest Expense Non Operating": NaN,
        "Operating Income": NaN,
        "Operating Expense": NaN,
        "Depreciation Amortization Depletion Income Statement": NaN,
        "Depreciation And Amortization In Income Statement": NaN,
        "Amortization": NaN,
        "Amortization Of Intangibles Income Statement": NaN,
        "Research And Development": NaN,
        "Selling General And Administration": NaN,
        "Selling And Marketing Expense": NaN,
        "General And Administrative Expense": NaN,
        "Other Gand A": NaN,
        "Gross Profit": NaN,
        "Cost Of Revenue": NaN,
        "Total Revenue": NaN,
        "Operating Revenue": NaN
    },
    "2022-12-31": {
        "Tax Effect Of Unusual Items": NaN,
        "Tax Rate For Calcs": NaN,
        "Normalized EBITDA": NaN,
        "Total Unusual Items": NaN,
        "Total Unusual Items Excluding Goodwill": NaN,
        "Net Income From Continuing Operation Net Minority Interest": NaN,
        "Reconciled Depreciation": NaN,
        "Reconciled Cost Of Revenue": NaN,
        "EBITDA": NaN,
        "EBIT": NaN,
        "Net Interest Income": NaN,
        "Interest Expense": NaN,
        "Normalized Income": NaN,
        "Net Income From Continuing And Discontinued Operation": NaN,
        "Total Expenses": NaN,
        "Total Operating Income As Reported": NaN,
        "Diluted Average Shares": 26234747.0,
        "Basic Average Shares": 26234747.0,
        "Diluted EPS": -5.34,
        "Basic EPS": -5.34,
        "Diluted NI Availto Com Stockholders": NaN,
        "Net Income Common Stockholders": NaN,
        "Net Income": NaN,
        "Minority Interests": NaN,
        "Net Income Including Noncontrolling Interests": NaN,
        "Net Income Continuous Operations": NaN,
        "Tax Provision": NaN,
        "Pretax Income": NaN,
        "Other Income Expense": NaN,
        "Other Non Operating Income Expenses": NaN,
        "Special Income Charges": NaN,
        "Other Special Charges": NaN,
        "Restructuring And Mergern Acquisition": NaN,
        "Gain On Sale Of Security": NaN,
        "Net Non Operating Interest Income Expense": NaN,
        "Interest Expense Non Operating": NaN,
        "Operating Income": NaN,
        "Operating Expense": NaN,
        "Depreciation Amortization Depletion Income Statement": NaN,
        "Depreciation And Amortization In Income Statement": NaN,
        "Amortization": NaN,
        "Amortization Of Intangibles Income Statement": NaN,
        "Research And Development": NaN,
        "Selling General And Administration": NaN,
        "Selling And Marketing Expense": NaN,
        "General And Administrative Expense": NaN,
        "Other Gand A": NaN,
        "Gross Profit": NaN,
        "Cost Of Revenue": NaN,
        "Total Revenue": NaN,
        "Operating Revenue": NaN
    },
    "2022-09-30": {
        "Tax Effect Of Unusual Items": 10651200.0,
        "Tax Rate For Calcs": 0.4,
        "Normalized EBITDA": 23744000.0,
        "Total Unusual Items": 26628000.0,
        "Total Unusual Items Excluding Goodwill": 26628000.0,
        "Net Income From Continuing Operation Net Minority Interest": -25441000.0,
        "Reconciled Depreciation": 40942000.0,
        "Reconciled Cost Of Revenue": 349143000.0,
        "EBITDA": 50372000.0,
        "EBIT": 9430000.0,
        "Net Interest Income": -24806000.0,
        "Interest Expense": 24806000.0,
        "Normalized Income": -41417800.0,
        "Net Income From Continuing And Discontinued Operation": -25441000.0,
        "Total Expenses": 719562000.0,
        "Total Operating Income As Reported": -17967000.0,
        "Diluted Average Shares": 26178818.0,
        "Basic Average Shares": 26178818.0,
        "Diluted EPS": -0.97,
        "Basic EPS": -0.97,
        "Diluted NI Availto Com Stockholders": -25441000.0,
        "Net Income Common Stockholders": -25441000.0,
        "Net Income": -25441000.0,
        "Minority Interests": -700000.0,
        "Net Income Including Noncontrolling Interests": -24741000.0,
        "Net Income Continuous Operations": -24741000.0,
        "Tax Provision": 9365000.0,
        "Pretax Income": -15376000.0,
        "Other Income Expense": 25577000.0,
        "Other Non Operating Income Expenses": -1051000.0,
        "Special Income Charges": -1820000.0,
        "Other Special Charges": NaN,
        "Restructuring And Mergern Acquisition": 1820000.0,
        "Gain On Sale Of Security": 28448000.0,
        "Net Non Operating Interest Income Expense": -24806000.0,
        "Interest Expense Non Operating": 24806000.0,
        "Operating Income": -16147000.0,
        "Operating Expense": 341827000.0,
        "Depreciation Amortization Depletion Income Statement": 12350000.0,
        "Depreciation And Amortization In Income Statement": 12350000.0,
        "Amortization": 12350000.0,
        "Amortization Of Intangibles Income Statement": 12350000.0,
        "Research And Development": 74475000.0,
        "Selling General And Administration": 255002000.0,
        "Selling And Marketing Expense": 200930000.0,
        "General And Administrative Expense": 54072000.0,
        "Other Gand A": 54072000.0,
        "Gross Profit": 325680000.0,
        "Cost Of Revenue": 377735000.0,
        "Total Revenue": 703415000.0,
        "Operating Revenue": 703415000.0
    },
    "2022-06-30": {
        "Tax Effect Of Unusual Items": 4795200.0,
        "Tax Rate For Calcs": 0.4,
        "Normalized EBITDA": 26244000.0,
        "Total Unusual Items": 11988000.0,
        "Total Unusual Items Excluding Goodwill": 11988000.0,
        "Net Income From Continuing Operation Net Minority Interest": -30605000.0,
        "Reconciled Depreciation": 42284000.0,
        "Reconciled Cost Of Revenue": 353041000.0,
        "EBITDA": 38232000.0,
        "EBIT": -4052000.0,
        "Net Interest Income": -24126000.0,
        "Interest Expense": 24126000.0,
        "Normalized Income": -37797800.0,
        "Net Income From Continuing And Discontinued Operation": -30605000.0,
        "Total Expenses": 739828000.0,
        "Total Operating Income As Reported": -27185000.0,
        "Diluted Average Shares": 26107988.0,
        "Basic Average Shares": 26107988.0,
        "Diluted EPS": -1.17,
        "Basic EPS": -1.17,
        "Diluted NI Availto Com Stockholders": -30605000.0,
        "Net Income Common Stockholders": -30605000.0,
        "Net Income": -30605000.0,
        "Minority Interests": 1266000.0,
        "Net Income Including Noncontrolling Interests": -31871000.0,
        "Net Income Continuous Operations": -31871000.0,
        "Tax Provision": 3693000.0,
        "Pretax Income": -28178000.0,
        "Other Income Expense": 12948000.0,
        "Other Non Operating Income Expenses": 960000.0,
        "Special Income Charges": -10185000.0,
        "Restructuring And Mergern Acquisition": 10185000.0,
        "Gain On Sale Of Security": 22173000.0,
        "Net Non Operating Interest Income Expense": -24126000.0,
        "Interest Expense Non Operating": 24126000.0,
        "Operating Income": -17000000.0,
        "Operating Expense": 357480000.0,
        "Depreciation Amortization Depletion Income Statement": 12977000.0,
        "Depreciation And Amortization In Income Statement": 12977000.0,
        "Amortization": 12977000.0,
        "Amortization Of Intangibles Income Statement": 12977000.0,
        "Research And Development": 80010000.0,
        "Selling General And Administration": 264493000.0,
        "Selling And Marketing Expense": 211310000.0,
        "General And Administrative Expense": 53183000.0,
        "Other Gand A": 53183000.0,
        "Gross Profit": 340480000.0,
        "Cost Of Revenue": 382348000.0,
        "Total Revenue": 722828000.0,
        "Operating Revenue": 722828000.0
    },
    "2022-03-31": {
        "Diluted EPS": -2.75,
        "Total Revenue": 657,
        "Gross Profit": 310,
        "Operating Income": -28,
        "EBIT": 15,
        "Net Income": -72
    },
    "2021-12-31": {
        "Diluted EPS": 2.08,
        "Total Revenue": 850,
        "Gross Profit": 426,
        "Operating Income": 86,
        "EBIT": 131,
        "Net Income": 55
    },
    "2021-09-30": {
        "Diluted EPS": -0.26,
        "Total Revenue": 658,
        "Gross Profit": 319,
        "Operating Income": 17,
        "EBIT": 61,
        "Net Income": -7
    },
    "2021-06-30": {
        "Diluted EPS": -2.59,
        "Total Revenue": 635,
        "Gross Profit": 311,
        "Operating Income": 9,
        "EBIT": 54,
        "Net Income": -68
    },
    "2021-03-31": {
        "Diluted EPS": -1.5,
        "Total Revenue": 573,
        "Gross Profit": 277,
        "Operating Income": -16,
        "EBIT": 27,
        "Net Income": -39
    },
    "2020-12-31": {
        "Diluted EPS": 1.22,
        "Total Revenue": 781,
        "Gross Profit": 400,
        "Operating Income": 94,
        "EBIT": 138,
        "Net Income": 32
    },
    "2020-09-30": {
        "Diluted EPS": -0.41,
        "Total Revenue": 587,
        "Gross Profit": 288,
        "Operating Income": 36,
        "EBIT": 78,
        "Net Income": -11
    },
    "2020-06-30": {
        "Diluted EPS": -1.21,
        "Total Revenue": 429,
        "Gross Profit": 210,
        "Operating Income": -3,
        "EBIT": 38,
        "Net Income": -42
    },
    "2020-03-31": {
        "Diluted EPS": -3.26,
        "Total Revenue": 598,
        "Gross Profit": 288,
        "Operating Income": -88,
        "EBIT": -46,
        "Net Income": -85
    },
    "2019-12-31": {
        "Diluted EPS": 6.81,
        "Total Revenue": 820,
        "Gross Profit": 426,
        "Operating Income": 122,
        "EBIT": 164,
        "Net Income": 190
    },
    "2019-09-30": {
        "Diluted EPS": 0.66,
        "Total Revenue": 634,
        "Gross Profit": 308,
        "Operating Income": 25,
        "EBIT": 68,
        "Net Income": 20
    },
    "2019-06-30": {
        "Diluted EPS": 1.09,
        "Total Revenue": 675,
        "Gross Profit": 330,
        "Operating Income": 49,
        "EBIT": 94,
        "Net Income": 34
    },
    "2019-03-31": {
        "Diluted EPS": 0.21,
        "Total Revenue": 662,
        "Gross Profit": 319,
        "Operating Income": 30,
        "EBIT": 74,
        "Net Income": 7
    },
    "2018-12-31": {
        "Diluted EPS": 2.17,
        "Total Revenue": 826,
        "Gross Profit": 414,
        "Operating Income": 91,
        "EBIT": 135,
        "Net Income": 69
    },
    "2018-09-30": {
        "Diluted EPS": -0.47,
        "Total Revenue": 589,
        "Gross Profit": 287,
        "Operating Income": -6,
        "EBIT": 35,
        "Net Income": -15
    },
    "2018-06-30": {
        "Diluted EPS": -0.22,
        "Total Revenue": 631,
        "Gross Profit": 315,
        "Operating Income": 22,
        "EBIT": 64,
        "Net Income": -7
    },
    "2018-03-31": {
        "Diluted EPS": -0.07,
        "Total Revenue": 636,
        "Gross Profit": 317,
        "Operating Income": 17,
        "EBIT": 60,
        "Net Income": -2
    },
    "2017-12-31": {
        "Diluted EPS": 0.93,
        "Total Revenue": 762,
        "Gross Profit": 402,
        "Operating Income": 73,
        "EBIT": 114,
        "Net Income": 30
    },
    "2017-09-30": {
        "Diluted EPS": 0.72,
        "Total Revenue": 563,
        "Gross Profit": 280,
        "Operating Income": 47,
        "EBIT": 89,
        "Net Income": 23
    },
    "2017-06-30": {
        "Diluted EPS": -1.06,
        "Total Revenue": 564,
        "Gross Profit": 285,
        "Operating Income": -10,
        "EBIT": 33,
        "Net Income": -35
    },
    "2017-03-31": {
        "Diluted EPS": -1.38,
        "Total Revenue": 551,
        "Gross Profit": 282,
        "Operating Income": -42,
        "EBIT": 1,
        "Net Income": -43
    },
    "2016-12-31": {
        "Diluted EPS": 1.07,
        "Total Revenue": 577,
        "Gross Profit": 300,
        "Operating Income": 34,
        "EBIT": 71,
        "Net Income": 35
    },
    "2016-09-30": {
        "Diluted EPS": -0.92,
        "Total Revenue": 444,
        "Gross Profit": 231,
        "Operating Income": -28,
        "EBIT": 8,
        "Net Income": -29
    },
    "2016-06-30": {
        "Diluted EPS": 0.55,
        "Total Revenue": 479,
        "Gross Profit": 257,
        "Operating Income": 16,
        "EBIT": 51,
        "Net Income": 17
    },
    "2016-03-31": {
        "Diluted EPS": -1.04,
        "Total Revenue": 437,
        "Gross Profit": 240,
        "Operating Income": -18,
        "EBIT": 17,
        "Net Income": -33
    },
    "2015-12-31": {
        "Diluted EPS": 1.81,
        "Total Revenue": 496,
        "Gross Profit": 299,
        "Operating Income": 68,
        "EBIT": 99,
        "Net Income": 59
    },
    "2015-09-30": {
        "Diluted EPS": 0.32,
        "Total Revenue": 376,
        "Gross Profit": 218,
        "Operating Income": 12,
        "EBIT": 42,
        "Net Income": 11
    },
    "2015-06-30": {
        "Diluted EPS": -0.12,
        "Total Revenue": 380,
        "Gross Profit": 224,
        "Operating Income": 15,
        "EBIT": 43,
        "Net Income": -4
    },
    "2015-03-31": {
        "Diluted EPS": 0.25,
        "Total Revenue": 340,
        "Gross Profit": 214,
        "Operating Income": 4,
        "EBIT": 27,
        "Net Income": 9
    },
    "2014-12-31": {
        "Diluted EPS": 1.89,
        "Total Revenue": 440,
        "Gross Profit": 283,
        "Operating Income": 60,
        "EBIT": 83,
        "Net Income": 64
    },
    "2014-09-30": {
        "Diluted EPS": 0.71,
        "Total Revenue": 334,
        "Gross Profit": 204,
        "Operating Income": 17,
        "EBIT": 41,
        "Net Income": 24
    },
    "2014-06-30": {
        "Diluted EPS": 0.05,
        "Total Revenue": 338,
        "Gross Profit": 205,
        "Operating Income": 20,
        "EBIT": 43,
        "Net Income": 1
    },
    "2014-03-31": {
        "Diluted EPS": 0.04,
        "Total Revenue": 286,
        "Gross Profit": 185,
        "Operating Income": 5,
        "EBIT": 22,
        "Net Income": 1
    },
    "2013-12-31": {
        "Diluted EPS": 1.18,
        "Total Revenue": 371,
        "Gross Profit": 250,
        "Operating Income": 53,
        "EBIT": 69,
        "Net Income": 41
    },
    "2013-09-30": {
        "Diluted EPS": 0.01,
        "Total Revenue": 275,
        "Gross Profit": 179,
        "Operating Income": 8,
        "EBIT": 24,
        "Net Income": 0
    },
    "2013-06-30": {
        "Diluted EPS": 0.07,
        "Total Revenue": 280,
        "Gross Profit": 181,
        "Operating Income": 3,
        "EBIT": 20,
        "Net Income": 2
    },
    "2013-03-31": {
        "Diluted EPS": 0.17,
        "Total Revenue": 288,
        "Gross Profit": 189,
        "Operating Income": 10,
        "EBIT": 26,
        "Net Income": 6
    },
    "2012-12-31": {
        "Diluted EPS": 0.66,
        "Total Revenue": 348,
        "Gross Profit": 234,
        "Operating Income": 33,
        "EBIT": 49,
        "Net Income": 23
    },
    "2012-09-30": {
        "Diluted EPS": -0.05,
        "Total Revenue": 251,
        "Gross Profit": 163,
        "Operating Income": 0,
        "EBIT": 15,
        "Net Income": -2
    },
    "2012-06-30": {
        "Diluted EPS": 0.11,
        "Total Revenue": 250,
        "Gross Profit": 162,
        "Operating Income": 5,
        "EBIT": 21,
        "Net Income": 4
    },
    "2012-03-31": {
        "Diluted EPS": 0.01,
        "Total Revenue": 258,
        "Gross Profit": 169,
        "Operating Income": 8,
        "EBIT": 24,
        "Net Income": 0
    },
    "2011-12-31": {
        "Diluted EPS": 0.82,
        "Total Revenue": 300,
        "Gross Profit": 200,
        "Operating Income": 33,
        "EBIT": 47,
        "Net Income": 32
    },
    "2011-09-30": {
        "Diluted EPS": 0.19,
        "Total Revenue": 212,
        "Gross Profit": 134,
        "Operating Income": 10,
        "EBIT": 23,
        "Net Income": 8
    },
    "2011-06-30": {
        "Diluted EPS": 0.33,
        "Total Revenue": 209,
        "Gross Profit": 133,
        "Operating Income": 17,
        "EBIT": 30,
        "Net Income": 14
    },
    "2011-03-31": {
        "Diluted EPS": 0.51,
        "Total Revenue": 204,
        "Gross Profit": 133,
        "Operating Income": 26,
        "EBIT": 38,
        "Net Income": 23
    },
    "2010-12-31": {
        "Diluted EPS": 0.75,
        "Total Revenue": 234,
        "Gross Profit": 155,
        "Operating Income": 38,
        "EBIT": 51,
        "Net Income": 34
    },
    "2010-09-30": {
        "Diluted EPS": 0.24,
        "Total Revenue": 170,
        "Gross Profit": 108,
        "Operating Income": 12,
        "EBIT": 25,
        "Net Income": 11
    },
    "2010-06-30": {
        "Diluted EPS": 0.26,
        "Total Revenue": 164,
        "Gross Profit": 105,
        "Operating Income": 14,
        "EBIT": 26,
        "Net Income": 12
    },
    "2010-03-31": {
        "Diluted EPS": 0.35,
        "Total Revenue": 166,
        "Gross Profit": 106,
        "Operating Income": 18,
        "EBIT": 29,
        "Net Income": 16
    },
    "2009-12-31": {
        "Diluted EPS": 0.59,
        "Total Revenue": 195,
        "Gross Profit": 127,
        "Operating Income": 31,
        "EBIT": 42,
        "Net Income": 27
    },
    "2009-09-30": {
        "Diluted EPS": 0.29,
        "Total Revenue": 145,
        "Gross Profit": 92,
        "Operating Income": 14,
        "EBIT": 25,
        "Net Income": 13
    },
    "2009-06-30": {
        "Diluted EPS": 0.32,
        "Total Revenue": 135,
        "Gross Profit": 85,
        "Operating Income": 15,
        "EBIT": 25,
        "Net Income": 15
    },
    "2009-03-31": {
        "Diluted EPS": 0.33,
        "Total Revenue": 128,
        "Gross Profit": 81,
        "Operating Income": 16,
        "EBIT": 25,
        "Net Income": 14
    },
    "2023-06-30": {
        "Tax Effect Of Unusual Items": 2359013.161954,
        "Tax Rate For Calcs": 0.296247,
        "Normalized EBITDA": 100673000.0,
        "Total Unusual Items": 7963000.0,
        "Total Unusual Items Excluding Goodwill": 7963000.0,
        "Net Income From Continuing Operation Net Minority Interest": 28789000.0,
        "Reconciled Depreciation": 40861000.0,
        "Reconciled Cost Of Revenue": 382631000.0,
        "EBITDA": 108636000.0,
        "EBIT": 67775000.0,
        "Net Interest Income": -28875000.0,
        "Interest Expense": 28875000.0,
        "Normalized Income": 23185013.161954,
        "Net Income From Continuing And Discontinued Operation": 28789000.0,
        "Total Expenses": 728727000.0,
        "Total Operating Income As Reported": 53895000.0,
        "Diluted Average Shares": NaN,
        "Basic Average Shares": NaN,
        "Diluted EPS": NaN,
        "Basic EPS": NaN,
        "Diluted NI Availto Com Stockholders": 28789000.0,
        "Net Income Common Stockholders": 28789000.0,
        "Net Income": 28789000.0,
        "Minority Interests": 1413000.0,
        "Net Income Including Noncontrolling Interests": 27376000.0,
        "Net Income Continuous Operations": 27376000.0,
        "Tax Provision": 11524000.0,
        "Pretax Income": 38900000.0,
        "Other Income Expense": 7656000.0,
        "Other Non Operating Income Expenses": -307000.0,
        "Special Income Charges": 540000.0,
        "Other Special Charges": NaN,
        "Restructuring And Mergern Acquisition": 615000.0,
        "Gain On Sale Of Security": 7423000.0,
        "Net Non Operating Interest Income Expense": -28875000.0,
        "Interest Expense Non Operating": 28875000.0,
        "Operating Income": 60119000.0,
        "Operating Expense": 316138000.0,
        "Depreciation Amortization Depletion Income Statement": 10903000.0,
        "Depreciation And Amortization In Income Statement": 10903000.0,
        "Amortization": 10903000.0,
        "Amortization Of Intangibles Income Statement": 10903000.0,
        "Research And Development": 71772000.0,
        "Selling General And Administration": 233463000.0,
        "Selling And Marketing Expense": 180658000.0,
        "General And Administrative Expense": 52805000.0,
        "Other Gand A": 52805000.0,
        "Gross Profit": 376257000.0,
        "Cost Of Revenue": 412589000.0,
        "Total Revenue": 788846000.0,
        "Operating Revenue": 788846000.0
    },
    "2023-09-30": {
        "Tax Effect Of Unusual Items": 914875.0,
        "Tax Rate For Calcs": 0.125,
        "Normalized EBITDA": 74514000.0,
        "Total Unusual Items": 7319000.0,
        "Total Unusual Items Excluding Goodwill": 7319000.0,
        "Net Income From Continuing Operation Net Minority Interest": 4554000.0,
        "Reconciled Depreciation": 39942000.0,
        "Reconciled Cost Of Revenue": 368727000.0,
        "EBITDA": 81833000.0,
        "EBIT": 41891000.0,
        "Net Interest Income": -29200000.0,
        "Interest Expense": 29200000.0,
        "Normalized Income": -1850125.0,
        "Net Income From Continuing And Discontinued Operation": 4554000.0,
        "Total Expenses": 723528000.0,
        "Total Operating Income As Reported": 34100000.0,
        "Diluted Average Shares": 27079455.0,
        "Basic Average Shares": 26468769.0,
        "Diluted EPS": 0.17,
        "Basic EPS": 0.17,
        "Diluted NI Availto Com Stockholders": 4554000.0,
        "Net Income Common Stockholders": 4554000.0,
        "Net Income": 4554000.0,
        "Minority Interests": -15000.0,
        "Net Income Including Noncontrolling Interests": 4569000.0,
        "Net Income Continuous Operations": 4569000.0,
        "Tax Provision": 8122000.0,
        "Pretax Income": 12691000.0,
        "Other Income Expense": 8125000.0,
        "Other Non Operating Income Expenses": 806000.0,
        "Special Income Charges": 1706000.0,
        "Other Special Charges": -1372000.0,
        "Restructuring And Mergern Acquisition": -334000.0,
        "Gain On Sale Of Security": 5613000.0,
        "Net Non Operating Interest Income Expense": -29200000.0,
        "Interest Expense Non Operating": 29200000.0,
        "Operating Income": 33766000.0,
        "Operating Expense": 324745000.0,
        "Depreciation Amortization Depletion Income Statement": 9886000.0,
        "Depreciation And Amortization In Income Statement": 9886000.0,
        "Amortization": 9886000.0,
        "Amortization Of Intangibles Income Statement": 9886000.0,
        "Research And Development": 74330000.0,
        "Selling General And Administration": 240529000.0,
        "Selling And Marketing Expense": 192188000.0,
        "General And Administrative Expense": 48341000.0,
        "Other Gand A": 48341000.0,
        "Gross Profit": 358511000.0,
        "Cost Of Revenue": 398783000.0,
        "Total Revenue": 757294000.0,
        "Operating Revenue": 757294000.0
    },
    "2023-12-31": {
        "Tax Effect Of Unusual Items": -161320.0,
        "Tax Rate For Calcs": 0.218,
        "Normalized EBITDA": 147466000.0,
        "Total Unusual Items": -740000.0,
        "Total Unusual Items Excluding Goodwill": -740000.0,
        "Net Income From Continuing Operation Net Minority Interest": 58105000.0,
        "Reconciled Depreciation": 39089000.0,
        "Reconciled Cost Of Revenue": 433515000.0,
        "EBITDA": 146726000.0,
        "EBIT": 107637000.0,
        "Net Interest Income": -30588000.0,
        "Interest Expense": 30588000.0,
        "Normalized Income": 58683680.0,
        "Net Income From Continuing And Discontinued Operation": 58105000.0,
        "Total Expenses": 813201000.0,
        "Total Operating Income As Reported": 107679000.0,
        "Diluted Average Shares": 27179073.0,
        "Basic Average Shares": 26609929.0,
        "Diluted EPS": 2.14,
        "Basic EPS": 2.18,
        "Diluted NI Availto Com Stockholders": 58105000.0,
        "Net Income Common Stockholders": 58105000.0,
        "Net Income": 58105000.0,
        "Minority Interests": -2149000.0,
        "Net Income Including Noncontrolling Interests": 60254000.0,
        "Net Income Continuous Operations": 60254000.0,
        "Tax Provision": 16795000.0,
        "Pretax Income": 77049000.0,
        "Other Income Expense": -525000.0,
        "Other Non Operating Income Expenses": 215000.0,
        "Special Income Charges": -134000.0,
        "Other Special Charges": -349000.0,
        "Restructuring And Mergern Acquisition": 483000.0,
        "Gain On Sale Of Security": -606000.0,
        "Net Non Operating Interest Income Expense": -30588000.0,
        "Interest Expense Non Operating": 30588000.0,
        "Operating Income": 108162000.0,
        "Operating Expense": 349778000.0,
        "Depreciation Amortization Depletion Income Statement": 9181000.0,
        "Depreciation And Amortization In Income Statement": 9181000.0,
        "Amortization": 9181000.0,
        "Amortization Of Intangibles Income Statement": 9181000.0,
        "Research And Development": 79961000.0,
        "Selling General And Administration": 260636000.0,
        "Selling And Marketing Expense": 211843000.0,
        "General And Administrative Expense": 48793000.0,
        "Other Gand A": 48793000.0,
        "Gross Profit": 457940000.0,
        "Cost Of Revenue": 463423000.0,
        "Total Revenue": 921363000.0,
        "Operating Revenue": 921363000.0
    },
    "2024-03-31": {
        "Tax Effect Of Unusual Items": -436375.0,
        "Tax Rate For Calcs": 0.125,
        "Normalized EBITDA": 76150000.0,
        "Total Unusual Items": -3491000.0,
        "Total Unusual Items Excluding Goodwill": -3491000.0,
        "Net Income From Continuing Operation Net Minority Interest": -3978000.0,
        "Reconciled Depreciation": 37072000.0,
        "Reconciled Cost Of Revenue": 374515000.0,
        "EBITDA": 72659000.0,
        "EBIT": 35587000.0,
        "Net Interest Income": -30158000.0,
        "Interest Expense": 30158000.0,
        "Normalized Income": -923375.0,
        "Net Income From Continuing And Discontinued Operation": -3978000.0,
        "Total Expenses": 741222000.0,
        "Total Operating Income As Reported": 39238000.0,
        "Diluted Average Shares": 26216216.0,
        "Basic Average Shares": 26216216.0,
        "Diluted EPS": -0.15,
        "Basic EPS": -0.15,
        "Diluted NI Availto Com Stockholders": -3978000.0,
        "Net Income Common Stockholders": -3978000.0,
        "Net Income": -3978000.0,
        "Minority Interests": 1203000.0,
        "Net Income Including Noncontrolling Interests": -5181000.0,
        "Net Income Continuous Operations": -5181000.0,
        "Tax Provision": 10610000.0,
        "Pretax Income": 5429000.0,
        "Other Income Expense": -3779000.0,
        "Other Non Operating Income Expenses": -288000.0,
        "Special Income Charges": -128000.0,
        "Other Special Charges": NaN,
        "Restructuring And Mergern Acquisition": 128000.0,
        "Gain On Sale Of Security": -3363000.0,
        "Net Non Operating Interest Income Expense": -30158000.0,
        "Interest Expense Non Operating": 30158000.0,
        "Operating Income": 39366000.0,
        "Operating Expense": 336554000.0,
        "Depreciation Amortization Depletion Income Statement": 6919000.0,
        "Depreciation And Amortization In Income Statement": 6919000.0,
        "Amortization": 6919000.0,
        "Amortization Of Intangibles Income Statement": 6919000.0,
        "Research And Development": 83790000.0,
        "Selling General And Administration": 245845000.0,
        "Selling And Marketing Expense": 191591000.0,
        "General And Administrative Expense": 54254000.0,
        "Other Gand A": 54254000.0,
        "Gross Profit": 375920000.0,
        "Cost Of Revenue": 404668000.0,
        "Total Revenue": 780588000.0,
        "Operating Revenue": 780588000.0
    },
    "2024-06-30": {
        "Tax Effect Of Unusual Items": -385000.0,
        "Tax Rate For Calcs": 0.125,
        "Normalized EBITDA": 101894000.0,
        "Total Unusual Items": -3080000.0,
        "Total Unusual Items Excluding Goodwill": -3080000.0,
        "Net Income From Continuing Operation Net Minority Interest": 115001000.0,
        "Reconciled Depreciation": 35661000.0,
        "Reconciled Cost Of Revenue": 397984000.0,
        "EBITDA": 98814000.0,
        "EBIT": 63153000.0,
        "Net Interest Income": -29876000.0,
        "Interest Expense": 29876000.0,
        "Normalized Income": 117696000.0,
        "Net Income From Continuing And Discontinued Operation": 115001000.0,
        "Total Expenses": 766131000.0,
        "Total Operating Income As Reported": 66334000.0,
        "Diluted Average Shares": NaN,
        "Basic Average Shares": NaN,
        "Diluted EPS": NaN,
        "Basic EPS": NaN,
        "Diluted NI Availto Com Stockholders": 115001000.0,
        "Net Income Common Stockholders": 115001000.0,
        "Net Income": 115001000.0,
        "Minority Interests": -3165000.0,
        "Net Income Including Noncontrolling Interests": 118166000.0,
        "Net Income Continuous Operations": 118166000.0,
        "Tax Provision": -84889000.0,
        "Pretax Income": 33277000.0,
        "Other Income Expense": -3327000.0,
        "Other Non Operating Income Expenses": -247000.0,
        "Special Income Charges": -2533000.0,
        "Other Special Charges": 2387000.0,
        "Restructuring And Mergern Acquisition": 146000.0,
        "Gain On Sale Of Security": -547000.0,
        "Net Non Operating Interest Income Expense": -29876000.0,
        "Interest Expense Non Operating": 29876000.0,
        "Operating Income": 66480000.0,
        "Operating Expense": 337943000.0,
        "Depreciation Amortization Depletion Income Statement": 5457000.0,
        "Depreciation And Amortization In Income Statement": 5457000.0,
        "Amortization": 5457000.0,
        "Amortization Of Intangibles Income Statement": 5457000.0,
        "Research And Development": 83887000.0,
        "Selling General And Administration": 248599000.0,
        "Selling And Marketing Expense": 194250000.0,
        "General And Administrative Expense": 54349000.0,
        "Other Gand A": 54349000.0,
        "Gross Profit": 404423000.0,
        "Cost Of Revenue": 428188000.0,
        "Total Revenue": 832611000.0,
        "Operating Revenue": 832611000.0
    },
    "2024-09-30": {
        "Tax Effect Of Unusual Items": -1477750.0,
        "Tax Rate For Calcs": 0.125,
        "Normalized EBITDA": 75394000.0,
        "Total Unusual Items": -11822000.0,
        "Total Unusual Items Excluding Goodwill": -11822000.0,
        "Net Income From Continuing Operation Net Minority Interest": -12549000.0,
        "Reconciled Depreciation": 35546000.0,
        "Reconciled Cost Of Revenue": 392345000.0,
        "EBITDA": 63572000.0,
        "EBIT": 28026000.0,
        "Net Interest Income": -31415000.0,
        "Interest Expense": 31415000.0,
        "Normalized Income": -2204750.0,
        "Net Income From Continuing And Discontinued Operation": -12549000.0,
        "Total Expenses": 765531000.0,
        "Total Operating Income As Reported": 39339000.0,
        "Diluted Average Shares": 25167845.0,
        "Basic Average Shares": 25167845.0,
        "Diluted EPS": -0.5,
        "Basic EPS": -0.5,
        "Diluted NI Availto Com Stockholders": -12549000.0,
        "Net Income Common Stockholders": -12549000.0,
        "Net Income": -12549000.0,
        "Minority Interests": -165000.0,
        "Net Income Including Noncontrolling Interests": -12384000.0,
        "Net Income Continuous Operations": -12384000.0,
        "Tax Provision": 8995000.0,
        "Pretax Income": -3389000.0,
        "Other Income Expense": -11412000.0,
        "Other Non Operating Income Expenses": 410000.0,
        "Special Income Charges": 80000.0,
        "Other Special Charges": -179000.0,
        "Restructuring And Mergern Acquisition": 99000.0,
        "Gain On Sale Of Security": -11902000.0,
        "Net Non Operating Interest Income Expense": -31415000.0,
        "Interest Expense Non Operating": 31415000.0,
        "Operating Income": 39438000.0,
        "Operating Expense": 342795000.0,
        "Depreciation Amortization Depletion Income Statement": 5155000.0,
        "Depreciation And Amortization In Income Statement": 5155000.0,
        "Amortization": 5155000.0,
        "Amortization Of Intangibles Income Statement": 5155000.0,
        "Research And Development": 81861000.0,
        "Selling General And Administration": 255779000.0,
        "Selling And Marketing Expense": 203847000.0,
        "General And Administrative Expense": 51932000.0,
        "Other Gand A": 51932000.0,
        "Gross Profit": 382233000.0,
        "Cost Of Revenue": 422736000.0,
        "Total Revenue": 804969000.0,
        "Operating Revenue": 804969000.0
    }
}