{
    "2023-06-30": {
        "Tax Effect Of Unusual Items": 945000.0,
        "Tax Rate For Calcs": 0.21,
        "Normalized EBITDA": 141464000.0,
        "Total Unusual Items": 4500000.0,
        "Total Unusual Items Excluding Goodwill": 4500000.0,
        "Net Income From Continuing Operation Net Minority Interest": 71100000.0,
        "Reconciled Depreciation": 41247000.0,
        "Reconciled Cost Of Revenue": 268722000.0,
        "EBITDA": 145964000.0,
        "EBIT": 104717000.0,
        "Net Interest Income": -29197000.0,
        "Interest Expense": 37323000.0,
        "Interest Income": 9649000.0,
        "Normalized Income": 67545000.0,
        "Net Income From Continuing And Discontinued Operation": 71100000.0,
        "Total Expenses": 289148000.0,
        "Rent Expense Supplemental": 74556000.0,
        "Total Operating Income As Reported": 122565000.0,
        "Diluted Average Shares": 122588759.0,
        "Basic Average Shares": 122588759.0,
        "Diluted EPS": 0.52,
        "Basic EPS": 0.52,
        "Diluted NI Availto Com Stockholders": 63247000.0,
        "Net Income Common Stockholders": 63247000.0,
        "Preferred Stock Dividends": 7853000.0,
        "Net Income": 71100000.0,
        "Minority Interests": 3706000.0,
        "Net Income Including Noncontrolling Interests": 67394000.0,
        "Net Income Continuous Operations": 67394000.0,
        "Pretax Income": 67394000.0,
        "Other Income Expense": 18319000.0,
        "Other Non Operating Income Expenses": 13595000.0,
        "Special Income Charges": 29238000.0,
        "Gain On Sale Of Ppe": 31328000.0,
        "Write Off": 2090000.0,
        "Impairment Of Capital Assets": NaN,
        "Earnings From Equity Interest": 224000.0,
        "Gain On Sale Of Security": -24738000.0,
        "Net Non Operating Interest Income Expense": -29197000.0,
        "Total Other Finance Cost": 1523000.0,
        "Interest Expense Non Operating": 37323000.0,
        "Interest Income Non Operating": 9649000.0,
        "Operating Income": 78272000.0,
        "Operating Expense": 20426000.0,
        "Other Operating Expenses": 14871000.0,
        "Selling General And Administration": 5555000.0,
        "General And Administrative Expense": 5555000.0,
        "Other Gand A": 5555000.0,
        "Gross Profit": 98698000.0,
        "Cost Of Revenue": 268722000.0,
        "Total Revenue": 367420000.0,
        "Operating Revenue": 367420000.0
    },
    "2023-03-31": {
        "Tax Effect Of Unusual Items": NaN,
        "Tax Rate For Calcs": NaN,
        "Normalized EBITDA": NaN,
        "Total Unusual Items": NaN,
        "Total Unusual Items Excluding Goodwill": NaN,
        "Net Income From Continuing Operation Net Minority Interest": NaN,
        "Reconciled Depreciation": 41193000.0,
        "Reconciled Cost Of Revenue": NaN,
        "EBITDA": NaN,
        "EBIT": NaN,
        "Net Interest Income": NaN,
        "Interest Expense": NaN,
        "Interest Income": NaN,
        "Normalized Income": NaN,
        "Net Income From Continuing And Discontinued Operation": NaN,
        "Total Expenses": NaN,
        "Rent Expense Supplemental": NaN,
        "Total Operating Income As Reported": NaN,
        "Diluted Average Shares": 122531723.0,
        "Basic Average Shares": 122531723.0,
        "Diluted EPS": 1.16,
        "Basic EPS": 1.16,
        "Diluted NI Availto Com Stockholders": NaN,
        "Net Income Common Stockholders": NaN,
        "Preferred Stock Dividends": NaN,
        "Net Income": NaN,
        "Minority Interests": NaN,
        "Net Income Including Noncontrolling Interests": NaN,
        "Net Income Continuous Operations": NaN,
        "Pretax Income": NaN,
        "Other Income Expense": NaN,
        "Other Non Operating Income Expenses": NaN,
        "Special Income Charges": NaN,
        "Gain On Sale Of Ppe": NaN,
        "Write Off": 2612000.0,
        "Impairment Of Capital Assets": NaN,
        "Earnings From Equity Interest": NaN,
        "Gain On Sale Of Security": NaN,
        "Net Non Operating Interest Income Expense": NaN,
        "Total Other Finance Cost": 1313000.0,
        "Interest Expense Non Operating": NaN,
        "Interest Income Non Operating": NaN,
        "Operating Income": NaN,
        "Operating Expense": NaN,
        "Other Operating Expenses": NaN,
        "Selling General And Administration": NaN,
        "General And Administrative Expense": NaN,
        "Other Gand A": NaN,
        "Gross Profit": NaN,
        "Cost Of Revenue": NaN,
        "Total Revenue": NaN,
        "Operating Revenue": NaN
    },
    "2022-12-31": {
        "Tax Effect Of Unusual Items": NaN,
        "Tax Rate For Calcs": NaN,
        "Normalized EBITDA": NaN,
        "Total Unusual Items": NaN,
        "Total Unusual Items Excluding Goodwill": NaN,
        "Net Income From Continuing Operation Net Minority Interest": NaN,
        "Reconciled Depreciation": NaN,
        "Reconciled Cost Of Revenue": NaN,
        "EBITDA": NaN,
        "EBIT": NaN,
        "Net Interest Income": NaN,
        "Interest Expense": NaN,
        "Interest Income": NaN,
        "Normalized Income": NaN,
        "Net Income From Continuing And Discontinued Operation": NaN,
        "Total Expenses": NaN,
        "Rent Expense Supplemental": NaN,
        "Total Operating Income As Reported": NaN,
        "Diluted Average Shares": NaN,
        "Basic Average Shares": NaN,
        "Diluted EPS": NaN,
        "Basic EPS": NaN,
        "Diluted NI Availto Com Stockholders": NaN,
        "Net Income Common Stockholders": NaN,
        "Preferred Stock Dividends": NaN,
        "Net Income": NaN,
        "Minority Interests": NaN,
        "Net Income Including Noncontrolling Interests": NaN,
        "Net Income Continuous Operations": NaN,
        "Pretax Income": NaN,
        "Other Income Expense": NaN,
        "Other Non Operating Income Expenses": NaN,
        "Special Income Charges": NaN,
        "Gain On Sale Of Ppe": NaN,
        "Write Off": 2745000.0,
        "Impairment Of Capital Assets": NaN,
        "Earnings From Equity Interest": NaN,
        "Gain On Sale Of Security": NaN,
        "Net Non Operating Interest Income Expense": NaN,
        "Total Other Finance Cost": 1219000.0,
        "Interest Expense Non Operating": NaN,
        "Interest Income Non Operating": NaN,
        "Operating Income": NaN,
        "Operating Expense": NaN,
        "Other Operating Expenses": NaN,
        "Selling General And Administration": NaN,
        "General And Administrative Expense": NaN,
        "Other Gand A": NaN,
        "Gross Profit": NaN,
        "Cost Of Revenue": NaN,
        "Total Revenue": NaN,
        "Operating Revenue": NaN
    },
    "2022-09-30": {
        "Tax Effect Of Unusual Items": NaN,
        "Tax Rate For Calcs": NaN,
        "Normalized EBITDA": NaN,
        "Total Unusual Items": NaN,
        "Total Unusual Items Excluding Goodwill": NaN,
        "Net Income From Continuing Operation Net Minority Interest": NaN,
        "Reconciled Depreciation": NaN,
        "Reconciled Cost Of Revenue": NaN,
        "EBITDA": NaN,
        "EBIT": NaN,
        "Net Interest Income": NaN,
        "Interest Expense": NaN,
        "Interest Income": NaN,
        "Normalized Income": NaN,
        "Net Income From Continuing And Discontinued Operation": NaN,
        "Total Expenses": NaN,
        "Rent Expense Supplemental": NaN,
        "Total Operating Income As Reported": NaN,
        "Diluted Average Shares": 121458291.0,
        "Basic Average Shares": 121458291.0,
        "Diluted EPS": 0.89,
        "Basic EPS": 0.89,
        "Diluted NI Availto Com Stockholders": NaN,
        "Net Income Common Stockholders": NaN,
        "Preferred Stock Dividends": NaN,
        "Net Income": NaN,
        "Minority Interests": NaN,
        "Net Income Including Noncontrolling Interests": NaN,
        "Net Income Continuous Operations": NaN,
        "Pretax Income": NaN,
        "Other Income Expense": NaN,
        "Other Non Operating Income Expenses": NaN,
        "Special Income Charges": NaN,
        "Gain On Sale Of Ppe": NaN,
        "Impairment Of Capital Assets": 0.0,
        "Earnings From Equity Interest": NaN,
        "Gain On Sale Of Security": NaN,
        "Net Non Operating Interest Income Expense": NaN,
        "Total Other Finance Cost": 3044000.0,
        "Interest Expense Non Operating": NaN,
        "Interest Income Non Operating": NaN,
        "Operating Income": NaN,
        "Operating Expense": NaN,
        "Other Operating Expenses": NaN,
        "Selling General And Administration": NaN,
        "General And Administrative Expense": NaN,
        "Other Gand A": NaN,
        "Gross Profit": NaN,
        "Cost Of Revenue": NaN,
        "Total Revenue": NaN,
        "Operating Revenue": NaN
    },
    "2022-06-30": {
        "Tax Effect Of Unusual Items": 699200.0,
        "Tax Rate For Calcs": 0.4,
        "Normalized EBITDA": 184918000.0,
        "Total Unusual Items": 1748000.0,
        "Total Unusual Items Excluding Goodwill": 1748000.0,
        "Net Income From Continuing Operation Net Minority Interest": 121987000.0,
        "Reconciled Depreciation": 41375000.0,
        "Reconciled Cost Of Revenue": 127126000.0,
        "EBITDA": 186666000.0,
        "EBIT": 145291000.0,
        "Net Interest Income": -28959000.0,
        "Interest Expense": 23304000.0,
        "Interest Income": 124000.0,
        "Normalized Income": 120938200.0,
        "Net Income From Continuing And Discontinued Operation": 121987000.0,
        "Total Expenses": 143422000.0,
        "Rent Expense Supplemental": NaN,
        "Total Operating Income As Reported": 151234000.0,
        "Diluted Average Shares": 124306059.0,
        "Basic Average Shares": 124306059.0,
        "Diluted EPS": 0.92,
        "Basic EPS": 0.92,
        "Diluted NI Availto Com Stockholders": 114134000.0,
        "Net Income Common Stockholders": 114134000.0,
        "Preferred Stock Dividends": 7853000.0,
        "Net Income": 121987000.0,
        "Minority Interests": NaN,
        "Net Income Including Noncontrolling Interests": 121987000.0,
        "Net Income Continuous Operations": 121987000.0,
        "Pretax Income": 121987000.0,
        "Other Income Expense": 3441000.0,
        "Other Non Operating Income Expenses": 1205000.0,
        "Special Income Charges": 3452000.0,
        "Gain On Sale Of Ppe": 3452000.0,
        "Impairment Of Capital Assets": NaN,
        "Earnings From Equity Interest": 488000.0,
        "Gain On Sale Of Security": -1704000.0,
        "Net Non Operating Interest Income Expense": -28959000.0,
        "Total Other Finance Cost": 5779000.0,
        "Interest Expense Non Operating": 23304000.0,
        "Interest Income Non Operating": 124000.0,
        "Operating Income": 147505000.0,
        "Operating Expense": 16296000.0,
        "Other Operating Expenses": 11025000.0,
        "Selling General And Administration": 5271000.0,
        "General And Administrative Expense": 5271000.0,
        "Other Gand A": 5271000.0,
        "Gross Profit": 163801000.0,
        "Cost Of Revenue": 127126000.0,
        "Total Revenue": 290927000.0,
        "Operating Revenue": 290927000.0
    },
    "2022-03-31": {
        "Diluted EPS": 0.93,
        "Total Revenue": 268,
        "Gross Profit": 190,
        "Operating Income": 147,
        "EBIT": 193,
        "Net Income": 115
    },
    "2021-12-31": {
        "Diluted EPS": 1.25,
        "Total Revenue": 284,
        "Gross Profit": 214,
        "Operating Income": 183,
        "EBIT": 229,
        "Net Income": 153
    },
    "2021-09-30": {
        "Diluted EPS": 0.87,
        "Total Revenue": 216,
        "Gross Profit": 159,
        "Operating Income": 123,
        "EBIT": 165,
        "Net Income": 107
    },
    "2021-06-30": {
        "Diluted EPS": 0.67,
        "Total Revenue": 167,
        "Gross Profit": 125,
        "Operating Income": 82,
        "EBIT": 116,
        "Net Income": 83
    },
    "2021-03-31": {
        "Diluted EPS": 0.49,
        "Total Revenue": 127,
        "Gross Profit": 92,
        "Operating Income": 54,
        "EBIT": 84,
        "Net Income": 61
    },
    "2020-12-31": {
        "Diluted EPS": 0.17,
        "Total Revenue": 119,
        "Gross Profit": 84,
        "Operating Income": 39,
        "EBIT": 69,
        "Net Income": 19
    },
    "2020-09-30": {
        "Diluted EPS": 0.14,
        "Total Revenue": 108,
        "Gross Profit": 74,
        "Operating Income": 37,
        "EBIT": 66,
        "Net Income": 17
    },
    "2020-06-30": {
        "Diluted EPS": -0.7,
        "Total Revenue": 112,
        "Gross Profit": 82,
        "Operating Income": -64,
        "EBIT": -33,
        "Net Income": -84
    },
    "2020-03-31": {
        "Diluted EPS": 0.21,
        "Total Revenue": 121,
        "Gross Profit": 89,
        "Operating Income": 48,
        "EBIT": 79,
        "Net Income": 26
    },
    "2019-12-31": {
        "Diluted EPS": 0.25,
        "Total Revenue": 124,
        "Gross Profit": 92,
        "Operating Income": 50,
        "EBIT": 81,
        "Net Income": 28
    },
    "2019-09-30": {
        "Diluted EPS": 0.24,
        "Total Revenue": 124,
        "Gross Profit": 92,
        "Operating Income": 56,
        "EBIT": 86,
        "Net Income": 28
    },
    "2019-06-30": {
        "Diluted EPS": 0.18,
        "Total Revenue": 117,
        "Gross Profit": 87,
        "Operating Income": 48,
        "EBIT": 80,
        "Net Income": 21
    },
    "2019-03-31": {
        "Diluted EPS": -0.08,
        "Total Revenue": 113,
        "Gross Profit": 80,
        "Operating Income": 19,
        "EBIT": 52,
        "Net Income": -9
    },
    "2018-12-31": {
        "Diluted EPS": 0.1,
        "Total Revenue": 106,
        "Gross Profit": 74,
        "Operating Income": 36,
        "EBIT": 65,
        "Net Income": 12
    },
    "2018-09-30": {
        "Diluted EPS": 0.06,
        "Total Revenue": 91,
        "Gross Profit": 61,
        "Operating Income": 24,
        "EBIT": 50,
        "Net Income": 6
    },
    "2018-06-30": {
        "Diluted EPS": 0.06,
        "Total Revenue": 91,
        "Gross Profit": 61,
        "Operating Income": 26,
        "EBIT": 51,
        "Net Income": 6
    },
    "2018-03-31": {
        "Diluted EPS": 0.11,
        "Total Revenue": 93,
        "Gross Profit": 65,
        "Operating Income": 31,
        "EBIT": 56,
        "Net Income": 12
    },
    "2017-12-31": {
        "Diluted EPS": -0.04,
        "Total Revenue": 101,
        "Gross Profit": 72,
        "Operating Income": 18,
        "EBIT": 44,
        "Net Income": -3
    },
    "2017-09-30": {
        "Diluted EPS": 0.18,
        "Total Revenue": 101,
        "Gross Profit": 74,
        "Operating Income": 40,
        "EBIT": 66,
        "Net Income": 19
    },
    "2017-06-30": {
        "Diluted EPS": 0.18,
        "Total Revenue": 105,
        "Gross Profit": 78,
        "Operating Income": 39,
        "EBIT": 66,
        "Net Income": 18
    },
    "2017-03-31": {
        "Diluted EPS": 0.2,
        "Total Revenue": 106,
        "Gross Profit": 79,
        "Operating Income": 40,
        "EBIT": 66,
        "Net Income": 18
    },
    "2016-12-31": {
        "Diluted EPS": -0.23,
        "Total Revenue": 110,
        "Gross Profit": 83,
        "Operating Income": 43,
        "EBIT": 70,
        "Net Income": -16
    },
    "2016-09-30": {
        "Diluted EPS": 0.2,
        "Total Revenue": 118,
        "Gross Profit": 90,
        "Operating Income": 48,
        "EBIT": 76,
        "Net Income": 15
    },
    "2016-06-30": {
        "Diluted EPS": 0.42,
        "Total Revenue": 120,
        "Gross Profit": 93,
        "Operating Income": 56,
        "EBIT": 84,
        "Net Income": 32
    },
    "2016-03-31": {
        "Diluted EPS": 0.4,
        "Total Revenue": 120,
        "Gross Profit": 92,
        "Operating Income": 56,
        "EBIT": 83,
        "Net Income": 30
    },
    "2015-12-31": {
        "Diluted EPS": 0.45,
        "Total Revenue": 122,
        "Gross Profit": 92,
        "Operating Income": 54,
        "EBIT": 82,
        "Net Income": 33
    },
    "2015-09-30": {
        "Diluted EPS": 0.39,
        "Total Revenue": 124,
        "Gross Profit": 93,
        "Operating Income": 56,
        "EBIT": 82,
        "Net Income": 29
    },
    "2015-06-30": {
        "Diluted EPS": 0.53,
        "Total Revenue": 123,
        "Gross Profit": 92,
        "Operating Income": 54,
        "EBIT": 84,
        "Net Income": 40
    },
    "2015-03-31": {
        "Diluted EPS": 0.31,
        "Total Revenue": 121,
        "Gross Profit": 90,
        "Operating Income": 53,
        "EBIT": 80,
        "Net Income": 23
    },
    "2014-12-31": {
        "Diluted EPS": 0.38,
        "Total Revenue": 121,
        "Gross Profit": 89,
        "Operating Income": 51,
        "EBIT": 80,
        "Net Income": 28
    },
    "2014-09-30": {
        "Diluted EPS": 0.45,
        "Total Revenue": 125,
        "Gross Profit": 92,
        "Operating Income": 61,
        "EBIT": 90,
        "Net Income": 34
    },
    "2014-06-30": {
        "Diluted EPS": 0.32,
        "Total Revenue": 124,
        "Gross Profit": 91,
        "Operating Income": 52,
        "EBIT": 82,
        "Net Income": 24
    },
    "2014-03-31": {
        "Diluted EPS": 0.23,
        "Total Revenue": 115,
        "Gross Profit": 84,
        "Operating Income": 51,
        "EBIT": 80,
        "Net Income": 17
    },
    "2013-12-31": {
        "Diluted EPS": 0.35,
        "Total Revenue": 113,
        "Gross Profit": 81,
        "Operating Income": 44,
        "EBIT": 72,
        "Net Income": 26
    },
    "2013-09-30": {
        "Diluted EPS": 0.27,
        "Total Revenue": 110,
        "Gross Profit": 79,
        "Operating Income": 42,
        "EBIT": 68,
        "Net Income": 20
    },
    "2013-06-30": {
        "Diluted EPS": 0.41,
        "Total Revenue": 100,
        "Gross Profit": 70,
        "Operating Income": 44,
        "EBIT": 68,
        "Net Income": 31
    },
    "2013-03-31": {
        "Diluted EPS": 0.33,
        "Total Revenue": 92,
        "Gross Profit": 62,
        "Operating Income": 38,
        "EBIT": 61,
        "Net Income": 25
    },
    "2012-12-31": {
        "Diluted EPS": 0.31,
        "Total Revenue": 95,
        "Gross Profit": 65,
        "Operating Income": 40,
        "EBIT": 62,
        "Net Income": 23
    },
    "2012-09-30": {
        "Diluted EPS": 0.18,
        "Total Revenue": 95,
        "Gross Profit": 64,
        "Operating Income": 31,
        "EBIT": 54,
        "Net Income": 13
    },
    "2012-06-30": {
        "Diluted EPS": 0.31,
        "Total Revenue": 96,
        "Gross Profit": 65,
        "Operating Income": 42,
        "EBIT": 64,
        "Net Income": 21
    },
    "2012-03-31": {
        "Diluted EPS": 0.4,
        "Total Revenue": 100,
        "Gross Profit": 71,
        "Operating Income": 42,
        "EBIT": 64,
        "Net Income": 25
    },
    "2011-12-31": {
        "Diluted EPS": 0.43,
        "Total Revenue": 102,
        "Gross Profit": 73,
        "Operating Income": 48,
        "EBIT": 71,
        "Net Income": 26
    },
    "2011-09-30": {
        "Diluted EPS": 0.29,
        "Total Revenue": 100,
        "Gross Profit": 71,
        "Operating Income": 44,
        "EBIT": 66,
        "Net Income": 17
    },
    "2011-06-30": {
        "Diluted EPS": 0.43,
        "Total Revenue": 94,
        "Gross Profit": 64,
        "Operating Income": 48,
        "EBIT": 70,
        "Net Income": 26
    },
    "2011-03-31": {
        "Diluted EPS": 0.3,
        "Total Revenue": 86,
        "Gross Profit": 57,
        "Operating Income": 32,
        "EBIT": 53,
        "Net Income": 18
    },
    "2010-12-31": {
        "Diluted EPS": 0.16,
        "Total Revenue": 86,
        "Gross Profit": 59,
        "Operating Income": 25,
        "EBIT": 46,
        "Net Income": 12
    },
    "2010-09-30": {
        "Diluted EPS": 0.51,
        "Total Revenue": 89,
        "Gross Profit": 63,
        "Operating Income": 42,
        "EBIT": 63,
        "Net Income": 24
    },
    "2010-06-30": {
        "Diluted EPS": 0.45,
        "Total Revenue": 90,
        "Gross Profit": 63,
        "Operating Income": 46,
        "EBIT": 66,
        "Net Income": 21
    },
    "2010-03-31": {
        "Diluted EPS": 0.53,
        "Total Revenue": 89,
        "Gross Profit": 63,
        "Operating Income": 43,
        "EBIT": 62,
        "Net Income": 25
    },
    "2009-12-31": {
        "Diluted EPS": 0.0,
        "Total Revenue": NaN,
        "Gross Profit": NaN,
        "Operating Income": NaN,
        "EBIT": NaN,
        "Net Income": NaN
    },
    "2009-09-30": {
        "Diluted EPS": 0.51,
        "Total Revenue": 97,
        "Gross Profit": 70,
        "Operating Income": 46,
        "EBIT": 46,
        "Net Income": 24
    },
    "2023-09-30": {
        "Tax Effect Of Unusual Items": -2487030.0,
        "Tax Rate For Calcs": 0.21,
        "Normalized EBITDA": 149983000.0,
        "Total Unusual Items": -11843000.0,
        "Total Unusual Items Excluding Goodwill": -11843000.0,
        "Net Income From Continuing Operation Net Minority Interest": 61141000.0,
        "Reconciled Depreciation": 41985000.0,
        "Reconciled Cost Of Revenue": 286848000.0,
        "EBITDA": 138140000.0,
        "EBIT": 96155000.0,
        "Net Interest Income": -24060000.0,
        "Interest Expense": 36069000.0,
        "Interest Income": 9173000.0,
        "Normalized Income": 70496970.0,
        "Net Income From Continuing And Discontinued Operation": 61141000.0,
        "Total Expenses": 308161000.0,
        "Rent Expense Supplemental": 87709000.0,
        "Total Operating Income As Reported": 84012000.0,
        "Diluted Average Shares": NaN,
        "Basic Average Shares": NaN,
        "Diluted EPS": NaN,
        "Basic EPS": NaN,
        "Diluted NI Availto Com Stockholders": 53287000.0,
        "Net Income Common Stockholders": 53287000.0,
        "Preferred Stock Dividends": 7854000.0,
        "Net Income": 61141000.0,
        "Minority Interests": 1055000.0,
        "Net Income Including Noncontrolling Interests": 60086000.0,
        "Net Income Continuous Operations": 60086000.0,
        "Pretax Income": 60086000.0,
        "Other Income Expense": -8063000.0,
        "Other Non Operating Income Expenses": 1954000.0,
        "Special Income Charges": -382000.0,
        "Gain On Sale Of Ppe": -4855000.0,
        "Write Off": NaN,
        "Impairment Of Capital Assets": 229000.0,
        "Earnings From Equity Interest": 1826000.0,
        "Gain On Sale Of Security": -11461000.0,
        "Net Non Operating Interest Income Expense": -24060000.0,
        "Total Other Finance Cost": NaN,
        "Interest Expense Non Operating": 36069000.0,
        "Interest Income Non Operating": 9173000.0,
        "Operating Income": 92209000.0,
        "Operating Expense": 21313000.0,
        "Other Operating Expenses": 13889000.0,
        "Selling General And Administration": 7424000.0,
        "General And Administrative Expense": 7424000.0,
        "Other Gand A": 7424000.0,
        "Gross Profit": 113522000.0,
        "Cost Of Revenue": 286848000.0,
        "Total Revenue": 400370000.0,
        "Operating Revenue": 400370000.0
    },
    "2023-12-31": {
        "Tax Effect Of Unusual Items": 8315370.0,
        "Tax Rate For Calcs": 0.21,
        "Normalized EBITDA": 148896000.0,
        "Total Unusual Items": 39597000.0,
        "Total Unusual Items Excluding Goodwill": 39597000.0,
        "Net Income From Continuing Operation Net Minority Interest": 104353000.0,
        "Reconciled Depreciation": 41718000.0,
        "Reconciled Cost Of Revenue": 371054000.0,
        "EBITDA": 188493000.0,
        "EBIT": 146775000.0,
        "Net Interest Income": -42254000.0,
        "Interest Expense": 42100000.0,
        "Interest Income": 6903000.0,
        "Normalized Income": 73071370.0,
        "Net Income From Continuing And Discontinued Operation": 104353000.0,
        "Total Expenses": 388821000.0,
        "Rent Expense Supplemental": 166256000.0,
        "Total Operating Income As Reported": 106405000.0,
        "Diluted Average Shares": 118042187.0,
        "Basic Average Shares": 118042187.0,
        "Diluted EPS": 0.82,
        "Basic EPS": 0.82,
        "Diluted NI Availto Com Stockholders": 96587000.0,
        "Net Income Common Stockholders": 96587000.0,
        "Preferred Stock Dividends": 7766000.0,
        "Net Income": 104353000.0,
        "Minority Interests": -322000.0,
        "Net Income Including Noncontrolling Interests": 104675000.0,
        "Net Income Continuous Operations": 104675000.0,
        "Pretax Income": 104675000.0,
        "Other Income Expense": 40903000.0,
        "Other Non Operating Income Expenses": 1231000.0,
        "Special Income Charges": -11606000.0,
        "Gain On Sale Of Ppe": -3276000.0,
        "Write Off": NaN,
        "Impairment Of Capital Assets": 205000.0,
        "Earnings From Equity Interest": 75000.0,
        "Gain On Sale Of Security": 51203000.0,
        "Net Non Operating Interest Income Expense": -42254000.0,
        "Total Other Finance Cost": NaN,
        "Interest Expense Non Operating": 42100000.0,
        "Interest Income Non Operating": 6903000.0,
        "Operating Income": 106026000.0,
        "Operating Expense": 17767000.0,
        "Other Operating Expenses": 12304000.0,
        "Selling General And Administration": 5463000.0,
        "General And Administrative Expense": 5463000.0,
        "Other Gand A": 5463000.0,
        "Gross Profit": 123793000.0,
        "Cost Of Revenue": 371054000.0,
        "Total Revenue": 494847000.0,
        "Operating Revenue": 494847000.0
    },
    "2024-03-31": {
        "Tax Effect Of Unusual Items": 5696670.0,
        "Tax Rate For Calcs": 0.21,
        "Normalized EBITDA": 152253000.0,
        "Total Unusual Items": 27127000.0,
        "Total Unusual Items Excluding Goodwill": 27127000.0,
        "Net Income From Continuing Operation Net Minority Interest": 101861000.0,
        "Reconciled Depreciation": 40539000.0,
        "Reconciled Cost Of Revenue": 349110000.0,
        "EBITDA": 179380000.0,
        "EBIT": 138841000.0,
        "Net Interest Income": -29811000.0,
        "Interest Expense": 36169000.0,
        "Interest Income": 8313000.0,
        "Normalized Income": 80430670.0,
        "Net Income From Continuing And Discontinued Operation": 101861000.0,
        "Total Expenses": 370648000.0,
        "Rent Expense Supplemental": 144349000.0,
        "Total Operating Income As Reported": 103397000.0,
        "Diluted Average Shares": 118628891.0,
        "Basic Average Shares": 118628891.0,
        "Diluted EPS": 0.79,
        "Basic EPS": 0.79,
        "Diluted NI Availto Com Stockholders": 94180000.0,
        "Net Income Common Stockholders": 94180000.0,
        "Preferred Stock Dividends": 7681000.0,
        "Net Income": 101861000.0,
        "Minority Interests": -811000.0,
        "Net Income Including Noncontrolling Interests": 102672000.0,
        "Net Income Continuous Operations": 102672000.0,
        "Pretax Income": 102672000.0,
        "Other Income Expense": 27701000.0,
        "Other Non Operating Income Expenses": 534000.0,
        "Special Income Charges": -624000.0,
        "Gain On Sale Of Ppe": 993000.0,
        "Write Off": 1617000.0,
        "Impairment Of Capital Assets": NaN,
        "Earnings From Equity Interest": 40000.0,
        "Gain On Sale Of Security": 27751000.0,
        "Net Non Operating Interest Income Expense": -29811000.0,
        "Total Other Finance Cost": 1955000.0,
        "Interest Expense Non Operating": 36169000.0,
        "Interest Income Non Operating": 8313000.0,
        "Operating Income": 104782000.0,
        "Operating Expense": 21538000.0,
        "Other Operating Expenses": 14647000.0,
        "Selling General And Administration": 6891000.0,
        "General And Administrative Expense": 6891000.0,
        "Other Gand A": 6891000.0,
        "Gross Profit": 126320000.0,
        "Cost Of Revenue": 349110000.0,
        "Total Revenue": 475430000.0,
        "Operating Revenue": 475430000.0
    },
    "2024-06-30": {
        "Tax Effect Of Unusual Items": -358890.0,
        "Tax Rate For Calcs": 0.21,
        "Normalized EBITDA": 138620000.0,
        "Total Unusual Items": -1709000.0,
        "Total Unusual Items Excluding Goodwill": -1709000.0,
        "Net Income From Continuing Operation Net Minority Interest": 102335000.0,
        "Reconciled Depreciation": NaN,
        "Reconciled Cost Of Revenue": 364742000.0,
        "EBITDA": 136911000.0,
        "EBIT": 136911000.0,
        "Net Interest Income": -24782000.0,
        "Interest Expense": 34036000.0,
        "Interest Income": 9254000.0,
        "Normalized Income": 103685110.0,
        "Net Income From Continuing And Discontinued Operation": 102335000.0,
        "Total Expenses": 387639000.0,
        "Rent Expense Supplemental": 164208000.0,
        "Total Operating Income As Reported": 127626000.0,
        "Diluted Average Shares": 119176547.0,
        "Basic Average Shares": 119176547.0,
        "Diluted EPS": 0.77,
        "Basic EPS": 0.77,
        "Diluted NI Availto Com Stockholders": 91292000.0,
        "Net Income Common Stockholders": 91292000.0,
        "Preferred Stock Dividends": 11043000.0,
        "Net Income": 102335000.0,
        "Minority Interests": -540000.0,
        "Net Income Including Noncontrolling Interests": 102875000.0,
        "Net Income Continuous Operations": 102875000.0,
        "Pretax Income": 102875000.0,
        "Other Income Expense": -124000.0,
        "Other Non Operating Income Expenses": 1583000.0,
        "Special Income Charges": 121000.0,
        "Gain On Sale Of Ppe": 121000.0,
        "Write Off": NaN,
        "Impairment Of Capital Assets": NaN,
        "Earnings From Equity Interest": 2000.0,
        "Gain On Sale Of Security": -1830000.0,
        "Net Non Operating Interest Income Expense": -24782000.0,
        "Total Other Finance Cost": NaN,
        "Interest Expense Non Operating": 34036000.0,
        "Interest Income Non Operating": 9254000.0,
        "Operating Income": 127781000.0,
        "Operating Expense": 22897000.0,
        "Other Operating Expenses": 14696000.0,
        "Selling General And Administration": 8201000.0,
        "General And Administrative Expense": 8201000.0,
        "Other Gand A": 8201000.0,
        "Gross Profit": 150678000.0,
        "Cost Of Revenue": 364742000.0,
        "Total Revenue": 515420000.0,
        "Operating Revenue": 515420000.0
    }
}