{
    "2023-04-30": {
        "Tax Effect Of Unusual Items": NaN,
        "Tax Rate For Calcs": NaN,
        "Normalized EBITDA": NaN,
        "Total Unusual Items": NaN,
        "Total Unusual Items Excluding Goodwill": NaN,
        "Net Income From Continuing Operation Net Minority Interest": NaN,
        "Reconciled Depreciation": NaN,
        "Reconciled Cost Of Revenue": NaN,
        "EBITDA": NaN,
        "EBIT": NaN,
        "Net Interest Income": NaN,
        "Interest Expense": NaN,
        "Interest Income": NaN,
        "Normalized Income": NaN,
        "Net Income From Continuing And Discontinued Operation": NaN,
        "Total Expenses": NaN,
        "Total Operating Income As Reported": NaN,
        "Diluted Average Shares": 28071000.0,
        "Basic Average Shares": 28071000.0,
        "Diluted EPS": -0.33,
        "Basic EPS": -0.33,
        "Diluted NI Availto Com Stockholders": NaN,
        "Net Income Common Stockholders": NaN,
        "Otherunder Preferred Stock Dividend": 0.0,
        "Preferred Stock Dividends": NaN,
        "Net Income": NaN,
        "Net Income Including Noncontrolling Interests": NaN,
        "Net Income Continuous Operations": NaN,
        "Tax Provision": NaN,
        "Pretax Income": NaN,
        "Other Income Expense": NaN,
        "Special Income Charges": NaN,
        "Gain On Sale Of Business": 0.0,
        "Restructuring And Mergern Acquisition": NaN,
        "Gain On Sale Of Security": NaN,
        "Net Non Operating Interest Income Expense": NaN,
        "Interest Expense Non Operating": NaN,
        "Interest Income Non Operating": NaN,
        "Operating Income": NaN,
        "Operating Expense": NaN,
        "Depreciation Amortization Depletion Income Statement": NaN,
        "Depreciation And Amortization In Income Statement": NaN,
        "Amortization": NaN,
        "Amortization Of Intangibles Income Statement": NaN,
        "Research And Development": NaN,
        "Selling General And Administration": NaN,
        "Gross Profit": NaN,
        "Cost Of Revenue": NaN,
        "Total Revenue": NaN,
        "Operating Revenue": NaN
    },
    "2023-01-31": {
        "Tax Effect Of Unusual Items": NaN,
        "Tax Rate For Calcs": NaN,
        "Normalized EBITDA": NaN,
        "Total Unusual Items": NaN,
        "Total Unusual Items Excluding Goodwill": NaN,
        "Net Income From Continuing Operation Net Minority Interest": NaN,
        "Reconciled Depreciation": NaN,
        "Reconciled Cost Of Revenue": NaN,
        "EBITDA": NaN,
        "EBIT": NaN,
        "Net Interest Income": NaN,
        "Interest Expense": NaN,
        "Interest Income": NaN,
        "Normalized Income": NaN,
        "Net Income From Continuing And Discontinued Operation": NaN,
        "Total Expenses": NaN,
        "Total Operating Income As Reported": NaN,
        "Diluted Average Shares": 27954000.0,
        "Basic Average Shares": 27954000.0,
        "Diluted EPS": -0.23,
        "Basic EPS": -0.23,
        "Diluted NI Availto Com Stockholders": NaN,
        "Net Income Common Stockholders": NaN,
        "Otherunder Preferred Stock Dividend": 0.0,
        "Preferred Stock Dividends": NaN,
        "Net Income": NaN,
        "Net Income Including Noncontrolling Interests": NaN,
        "Net Income Continuous Operations": NaN,
        "Tax Provision": NaN,
        "Pretax Income": NaN,
        "Other Income Expense": NaN,
        "Special Income Charges": NaN,
        "Gain On Sale Of Business": 0.0,
        "Restructuring And Mergern Acquisition": NaN,
        "Gain On Sale Of Security": NaN,
        "Net Non Operating Interest Income Expense": NaN,
        "Interest Expense Non Operating": NaN,
        "Interest Income Non Operating": NaN,
        "Operating Income": NaN,
        "Operating Expense": NaN,
        "Depreciation Amortization Depletion Income Statement": NaN,
        "Depreciation And Amortization In Income Statement": NaN,
        "Amortization": NaN,
        "Amortization Of Intangibles Income Statement": NaN,
        "Research And Development": NaN,
        "Selling General And Administration": NaN,
        "Gross Profit": NaN,
        "Cost Of Revenue": NaN,
        "Total Revenue": NaN,
        "Operating Revenue": NaN
    },
    "2022-10-31": {
        "Tax Effect Of Unusual Items": NaN,
        "Tax Rate For Calcs": NaN,
        "Normalized EBITDA": NaN,
        "Total Unusual Items": NaN,
        "Total Unusual Items Excluding Goodwill": NaN,
        "Net Income From Continuing Operation Net Minority Interest": NaN,
        "Reconciled Depreciation": NaN,
        "Reconciled Cost Of Revenue": NaN,
        "EBITDA": NaN,
        "EBIT": NaN,
        "Net Interest Income": NaN,
        "Interest Expense": NaN,
        "Interest Income": 255000.0,
        "Normalized Income": NaN,
        "Net Income From Continuing And Discontinued Operation": NaN,
        "Total Expenses": NaN,
        "Total Operating Income As Reported": NaN,
        "Diluted Average Shares": NaN,
        "Basic Average Shares": NaN,
        "Diluted EPS": NaN,
        "Basic EPS": NaN,
        "Diluted NI Availto Com Stockholders": NaN,
        "Net Income Common Stockholders": NaN,
        "Otherunder Preferred Stock Dividend": NaN,
        "Preferred Stock Dividends": NaN,
        "Net Income": NaN,
        "Net Income Including Noncontrolling Interests": NaN,
        "Net Income Continuous Operations": NaN,
        "Tax Provision": NaN,
        "Pretax Income": NaN,
        "Other Income Expense": -9090000.0,
        "Special Income Charges": NaN,
        "Gain On Sale Of Business": NaN,
        "Restructuring And Mergern Acquisition": NaN,
        "Gain On Sale Of Security": NaN,
        "Net Non Operating Interest Income Expense": NaN,
        "Interest Expense Non Operating": NaN,
        "Interest Income Non Operating": 255000.0,
        "Operating Income": NaN,
        "Operating Expense": NaN,
        "Depreciation Amortization Depletion Income Statement": NaN,
        "Depreciation And Amortization In Income Statement": NaN,
        "Amortization": NaN,
        "Amortization Of Intangibles Income Statement": NaN,
        "Research And Development": NaN,
        "Selling General And Administration": NaN,
        "Gross Profit": NaN,
        "Cost Of Revenue": NaN,
        "Total Revenue": NaN,
        "Operating Revenue": NaN
    },
    "2022-07-31": {
        "Tax Effect Of Unusual Items": 210.0,
        "Tax Rate For Calcs": 0.21,
        "Normalized EBITDA": 3711000.0,
        "Total Unusual Items": 1000.0,
        "Total Unusual Items Excluding Goodwill": 1000.0,
        "Net Income From Continuing Operation Net Minority Interest": -5169000.0,
        "Reconciled Depreciation": 5349000.0,
        "Reconciled Cost Of Revenue": 81404000.0,
        "EBITDA": 3712000.0,
        "EBIT": -1637000.0,
        "Net Interest Income": -1012000.0,
        "Interest Expense": 1455000.0,
        "Interest Income": 443000.0,
        "Normalized Income": -5169790.0,
        "Net Income From Continuing And Discontinued Operation": -5169000.0,
        "Total Expenses": 129064000.0,
        "Total Operating Income As Reported": -2081000.0,
        "Diluted Average Shares": 26278000.0,
        "Basic Average Shares": 26278000.0,
        "Diluted EPS": -0.26,
        "Basic EPS": -0.26,
        "Diluted NI Availto Com Stockholders": -6851000.0,
        "Net Income Common Stockholders": -6851000.0,
        "Otherunder Preferred Stock Dividend": 0.0,
        "Preferred Stock Dividends": 1682000.0,
        "Net Income": -5169000.0,
        "Net Income Including Noncontrolling Interests": -5169000.0,
        "Net Income Continuous Operations": -5169000.0,
        "Tax Provision": 2077000.0,
        "Pretax Income": -3092000.0,
        "Other Income Expense": 1000.0,
        "Special Income Charges": 0.0,
        "Other Special Charges": 0.0,
        "Restructuring And Mergern Acquisition": 0.0,
        "Gain On Sale Of Security": 1000.0,
        "Net Non Operating Interest Income Expense": -1012000.0,
        "Interest Expense Non Operating": 1455000.0,
        "Interest Income Non Operating": 443000.0,
        "Operating Income": -2081000.0,
        "Operating Expense": 47660000.0,
        "Depreciation Amortization Depletion Income Statement": 5349000.0,
        "Depreciation And Amortization In Income Statement": 5349000.0,
        "Amortization": 5349000.0,
        "Amortization Of Intangibles Income Statement": 5349000.0,
        "Research And Development": 13148000.0,
        "Selling General And Administration": 29163000.0,
        "Gross Profit": 45579000.0,
        "Cost Of Revenue": 81404000.0,
        "Total Revenue": 126983000.0,
        "Operating Revenue": 126983000.0
    },
    "2022-04-30": {
        "Diluted EPS": -0.06,
        "Total Revenue": 122,
        "Gross Profit": 47,
        "Operating Income": -1,
        "EBIT": 9,
        "Net Income": -2
    },
    "2022-01-31": {
        "Diluted EPS": -0.89,
        "Total Revenue": 120,
        "Gross Profit": 46,
        "Operating Income": -25,
        "EBIT": -15,
        "Net Income": -24
    },
    "2021-10-31": {
        "Diluted EPS": -0.43,
        "Total Revenue": 117,
        "Gross Profit": 42,
        "Operating Income": -7,
        "EBIT": 2,
        "Net Income": -11
    },
    "2021-07-31": {
        "Diluted EPS": 0.33,
        "Total Revenue": 146,
        "Gross Profit": 55,
        "Operating Income": 10,
        "EBIT": 24,
        "Net Income": 7
    },
    "2021-04-30": {
        "Diluted EPS": 0.03,
        "Total Revenue": 139,
        "Gross Profit": 53,
        "Operating Income": 2,
        "EBIT": 11,
        "Net Income": 1
    },
    "2021-01-31": {
        "Diluted EPS": 0.17,
        "Total Revenue": 161,
        "Gross Profit": 56,
        "Operating Income": 5,
        "EBIT": 14,
        "Net Income": 4
    },
    "2020-10-31": {
        "Diluted EPS": -3.39,
        "Total Revenue": 135,
        "Gross Profit": 50,
        "Operating Income": -86,
        "EBIT": -77,
        "Net Income": -86
    },
    "2020-07-31": {
        "Diluted EPS": 0.04,
        "Total Revenue": 150,
        "Gross Profit": 50,
        "Operating Income": 3,
        "EBIT": 17,
        "Net Income": 1
    },
    "2020-04-30": {
        "Diluted EPS": -0.16,
        "Total Revenue": 135,
        "Gross Profit": 53,
        "Operating Income": -3,
        "EBIT": 6,
        "Net Income": -4
    },
    "2020-01-31": {
        "Diluted EPS": 0.14,
        "Total Revenue": 162,
        "Gross Profit": 61,
        "Operating Income": 6,
        "EBIT": 16,
        "Net Income": 3
    },
    "2019-10-31": {
        "Diluted EPS": 0.26,
        "Total Revenue": 170,
        "Gross Profit": 64,
        "Operating Income": 9,
        "EBIT": 18,
        "Net Income": 6
    },
    "2019-07-31": {
        "Diluted EPS": 0.26,
        "Total Revenue": 176,
        "Gross Profit": 64,
        "Operating Income": 10,
        "EBIT": 27,
        "Net Income": 6
    },
    "2019-04-30": {
        "Diluted EPS": 0.31,
        "Total Revenue": 170,
        "Gross Profit": 64,
        "Operating Income": 11,
        "EBIT": 20,
        "Net Income": 8
    },
    "2019-01-31": {
        "Diluted EPS": 0.32,
        "Total Revenue": 164,
        "Gross Profit": 61,
        "Operating Income": 12,
        "EBIT": 21,
        "Net Income": 8
    },
    "2018-10-31": {
        "Diluted EPS": 0.14,
        "Total Revenue": 161,
        "Gross Profit": 58,
        "Operating Income": 7,
        "EBIT": 16,
        "Net Income": 3
    },
    "2018-07-31": {
        "Diluted EPS": 0.31,
        "Total Revenue": 167,
        "Gross Profit": 63,
        "Operating Income": 16,
        "EBIT": 31,
        "Net Income": 7
    },
    "2018-04-30": {
        "Diluted EPS": 0.34,
        "Total Revenue": 148,
        "Gross Profit": 62,
        "Operating Income": 14,
        "EBIT": 24,
        "Net Income": 8
    },
    "2018-01-31": {
        "Diluted EPS": 0.66,
        "Total Revenue": 134,
        "Gross Profit": 51,
        "Operating Income": 5,
        "EBIT": 15,
        "Net Income": 16
    },
    "2017-10-31": {
        "Diluted EPS": -0.07,
        "Total Revenue": 122,
        "Gross Profit": 48,
        "Operating Income": 0,
        "EBIT": 10,
        "Net Income": -2
    },
    "2017-07-31": {
        "Diluted EPS": 0.31,
        "Total Revenue": 148,
        "Gross Profit": 60,
        "Operating Income": 15,
        "EBIT": 30,
        "Net Income": 7
    },
    "2017-04-30": {
        "Diluted EPS": 0.19,
        "Total Revenue": 128,
        "Gross Profit": 52,
        "Operating Income": 10,
        "EBIT": 21,
        "Net Income": 4
    },
    "2017-01-31": {
        "Diluted EPS": 0.28,
        "Total Revenue": 139,
        "Gross Profit": 53,
        "Operating Income": 13,
        "EBIT": 24,
        "Net Income": 7
    },
    "2016-10-31": {
        "Diluted EPS": -0.11,
        "Total Revenue": 136,
        "Gross Profit": 52,
        "Operating Income": -1,
        "EBIT": 11,
        "Net Income": -2
    },
    "2016-07-31": {
        "Diluted EPS": 0.19,
        "Total Revenue": 152,
        "Gross Profit": 62,
        "Operating Income": 7,
        "EBIT": 19,
        "Net Income": 3
    },
    "2016-04-30": {
        "Diluted EPS": -0.89,
        "Total Revenue": 124,
        "Gross Profit": 51,
        "Operating Income": -13,
        "EBIT": -4,
        "Net Income": -14
    },
    "2016-01-31": {
        "Diluted EPS": 0.15,
        "Total Revenue": 70,
        "Gross Profit": 29,
        "Operating Income": 3,
        "EBIT": 7,
        "Net Income": 2
    },
    "2015-10-31": {
        "Diluted EPS": 0.09,
        "Total Revenue": 64,
        "Gross Profit": 28,
        "Operating Income": 2,
        "EBIT": 6,
        "Net Income": 1
    },
    "2015-07-31": {
        "Diluted EPS": 0.34,
        "Total Revenue": 77,
        "Gross Profit": 33,
        "Operating Income": 8,
        "EBIT": 12,
        "Net Income": 5
    },
    "2015-04-30": {
        "Diluted EPS": 0.3,
        "Total Revenue": 72,
        "Gross Profit": 32,
        "Operating Income": 7,
        "EBIT": 12,
        "Net Income": 5
    },
    "2015-01-31": {
        "Diluted EPS": 0.46,
        "Total Revenue": 82,
        "Gross Profit": 38,
        "Operating Income": 11,
        "EBIT": 15,
        "Net Income": 8
    },
    "2014-10-31": {
        "Diluted EPS": 0.32,
        "Total Revenue": 76,
        "Gross Profit": 35,
        "Operating Income": 8,
        "EBIT": 13,
        "Net Income": 5
    },
    "2014-07-31": {
        "Diluted EPS": 0.45,
        "Total Revenue": 89,
        "Gross Profit": 39,
        "Operating Income": 12,
        "EBIT": 16,
        "Net Income": 8
    },
    "2014-04-30": {
        "Diluted EPS": 0.32,
        "Total Revenue": 89,
        "Gross Profit": 38,
        "Operating Income": 11,
        "EBIT": 15,
        "Net Income": 6
    },
    "2014-01-31": {
        "Diluted EPS": 0.32,
        "Total Revenue": 85,
        "Gross Profit": 37,
        "Operating Income": 11,
        "EBIT": 15,
        "Net Income": 6
    },
    "2013-10-31": {
        "Diluted EPS": 0.28,
        "Total Revenue": 83,
        "Gross Profit": 36,
        "Operating Income": 10,
        "EBIT": 14,
        "Net Income": 5
    },
    "2013-07-31": {
        "Diluted EPS": 0.3,
        "Total Revenue": 84,
        "Gross Profit": 35,
        "Operating Income": 10,
        "EBIT": 14,
        "Net Income": 5
    },
    "2013-04-30": {
        "Diluted EPS": 0.17,
        "Total Revenue": 70,
        "Gross Profit": 31,
        "Operating Income": 5,
        "EBIT": 10,
        "Net Income": 3
    },
    "2013-01-31": {
        "Diluted EPS": 0.14,
        "Total Revenue": 75,
        "Gross Profit": 32,
        "Operating Income": 6,
        "EBIT": 10,
        "Net Income": 2
    },
    "2012-10-31": {
        "Diluted EPS": 0.36,
        "Total Revenue": 91,
        "Gross Profit": 42,
        "Operating Income": 13,
        "EBIT": 18,
        "Net Income": 7
    },
    "2012-07-31": {
        "Diluted EPS": 0.39,
        "Total Revenue": 113,
        "Gross Profit": 49,
        "Operating Income": 14,
        "EBIT": 20,
        "Net Income": 8
    },
    "2012-04-30": {
        "Diluted EPS": 0.29,
        "Total Revenue": 100,
        "Gross Profit": 42,
        "Operating Income": 11,
        "EBIT": 15,
        "Net Income": 6
    },
    "2012-01-31": {
        "Diluted EPS": 0.27,
        "Total Revenue": 99,
        "Gross Profit": 41,
        "Operating Income": 11,
        "EBIT": 16,
        "Net Income": 6
    },
    "2011-10-31": {
        "Diluted EPS": 0.47,
        "Total Revenue": 113,
        "Gross Profit": 51,
        "Operating Income": 16,
        "EBIT": 21,
        "Net Income": 13
    },
    "2011-07-31": {
        "Diluted EPS": 0.44,
        "Total Revenue": 140,
        "Gross Profit": 59,
        "Operating Income": 21,
        "EBIT": 28,
        "Net Income": 12
    },
    "2011-04-30": {
        "Diluted EPS": 0.47,
        "Total Revenue": 131,
        "Gross Profit": 57,
        "Operating Income": 22,
        "EBIT": 29,
        "Net Income": 14
    },
    "2011-01-31": {
        "Diluted EPS": 0.52,
        "Total Revenue": 163,
        "Gross Profit": 61,
        "Operating Income": 25,
        "EBIT": 32,
        "Net Income": 16
    },
    "2010-10-31": {
        "Diluted EPS": 0.79,
        "Total Revenue": 178,
        "Gross Profit": 64,
        "Operating Income": 40,
        "EBIT": 46,
        "Net Income": 26
    },
    "2010-07-31": {
        "Diluted EPS": 0.43,
        "Total Revenue": 257,
        "Gross Profit": 83,
        "Operating Income": 26,
        "EBIT": 47,
        "Net Income": 13
    },
    "2010-04-30": {
        "Diluted EPS": 0.67,
        "Total Revenue": 216,
        "Gross Profit": 75,
        "Operating Income": 36,
        "EBIT": 43,
        "Net Income": 22
    },
    "2010-01-31": {
        "Diluted EPS": 0.51,
        "Total Revenue": 171,
        "Gross Profit": 64,
        "Operating Income": 27,
        "EBIT": 34,
        "Net Income": 16
    },
    "2009-10-31": {
        "Diluted EPS": 0.3,
        "Total Revenue": 134,
        "Gross Profit": 50,
        "Operating Income": 15,
        "EBIT": 21,
        "Net Income": 9
    },
    "2009-07-31": {
        "Diluted EPS": 0.2,
        "Total Revenue": 122,
        "Gross Profit": 47,
        "Operating Income": 11,
        "EBIT": 19,
        "Net Income": 6
    },
    "2009-04-30": {
        "Diluted EPS": 0.27,
        "Total Revenue": 129,
        "Gross Profit": 48,
        "Operating Income": 11,
        "EBIT": 16,
        "Net Income": 8
    },
    "2009-01-31": {
        "Diluted EPS": 0.46,
        "Total Revenue": 144,
        "Gross Profit": 59,
        "Operating Income": 19,
        "EBIT": 28,
        "Net Income": 12
    },
    "2023-07-31": {
        "Tax Effect Of Unusual Items": 0.0,
        "Tax Rate For Calcs": 0.049919,
        "Normalized EBITDA": 9646000.0,
        "Total Unusual Items": 0.0,
        "Total Unusual Items Excluding Goodwill": 0.0,
        "Net Income From Continuing Operation Net Minority Interest": -3540000.0,
        "Reconciled Depreciation": 8525000.0,
        "Reconciled Cost Of Revenue": 97051000.0,
        "EBITDA": 9646000.0,
        "EBIT": 1121000.0,
        "Net Interest Income": -4847000.0,
        "Interest Expense": 4847000.0,
        "Interest Income": NaN,
        "Normalized Income": -3540000.0,
        "Net Income From Continuing And Discontinued Operation": -3540000.0,
        "Total Expenses": 147693000.0,
        "Total Operating Income As Reported": 1121000.0,
        "Diluted Average Shares": NaN,
        "Basic Average Shares": NaN,
        "Diluted EPS": NaN,
        "Basic EPS": NaN,
        "Diluted NI Availto Com Stockholders": -5334000.0,
        "Net Income Common Stockholders": -5334000.0,
        "Otherunder Preferred Stock Dividend": 0.0,
        "Preferred Stock Dividends": 1794000.0,
        "Net Income": -3540000.0,
        "Net Income Including Noncontrolling Interests": -3540000.0,
        "Net Income Continuous Operations": -3540000.0,
        "Tax Provision": -186000.0,
        "Pretax Income": -3726000.0,
        "Other Income Expense": 0.0,
        "Special Income Charges": 0.0,
        "Gain On Sale Of Business": NaN,
        "Restructuring And Mergern Acquisition": 0.0,
        "Gain On Sale Of Security": NaN,
        "Net Non Operating Interest Income Expense": -4847000.0,
        "Interest Expense Non Operating": 4847000.0,
        "Interest Income Non Operating": NaN,
        "Operating Income": 1121000.0,
        "Operating Expense": 47466000.0,
        "Depreciation Amortization Depletion Income Statement": 5349000.0,
        "Depreciation And Amortization In Income Statement": 5349000.0,
        "Amortization": 5349000.0,
        "Amortization Of Intangibles Income Statement": 5349000.0,
        "Research And Development": 11763000.0,
        "Selling General And Administration": 30354000.0,
        "Gross Profit": 48587000.0,
        "Cost Of Revenue": 100227000.0,
        "Total Revenue": 148814000.0,
        "Operating Revenue": 148814000.0
    },
    "2023-10-31": {
        "Tax Effect Of Unusual Items": 0.0,
        "Tax Rate For Calcs": 0.21,
        "Normalized EBITDA": 10462000.0,
        "Total Unusual Items": 0.0,
        "Total Unusual Items Excluding Goodwill": 0.0,
        "Net Income From Continuing Operation Net Minority Interest": -1437000.0,
        "Reconciled Depreciation": 8311000.0,
        "Reconciled Cost Of Revenue": 101007000.0,
        "EBITDA": 10462000.0,
        "EBIT": 2151000.0,
        "Net Interest Income": -4867000.0,
        "Interest Expense": 4932000.0,
        "Interest Income": 65000.0,
        "Normalized Income": -1437000.0,
        "Net Income From Continuing And Discontinued Operation": -1437000.0,
        "Total Expenses": 149825000.0,
        "Total Operating Income As Reported": 2086000.0,
        "Diluted Average Shares": 28745000.0,
        "Basic Average Shares": 28745000.0,
        "Diluted EPS": -0.11,
        "Basic EPS": -0.11,
        "Diluted NI Availto Com Stockholders": -3260000.0,
        "Net Income Common Stockholders": -3260000.0,
        "Otherunder Preferred Stock Dividend": NaN,
        "Preferred Stock Dividends": 1823000.0,
        "Net Income": -1437000.0,
        "Net Income Including Noncontrolling Interests": -1437000.0,
        "Net Income Continuous Operations": -1437000.0,
        "Tax Provision": -1344000.0,
        "Pretax Income": -2781000.0,
        "Other Income Expense": NaN,
        "Special Income Charges": 0.0,
        "Gain On Sale Of Business": NaN,
        "Restructuring And Mergern Acquisition": 0.0,
        "Gain On Sale Of Security": NaN,
        "Net Non Operating Interest Income Expense": -4867000.0,
        "Interest Expense Non Operating": 4932000.0,
        "Interest Income Non Operating": 65000.0,
        "Operating Income": 2086000.0,
        "Operating Expense": 45796000.0,
        "Depreciation Amortization Depletion Income Statement": 5289000.0,
        "Depreciation And Amortization In Income Statement": 5289000.0,
        "Amortization": 5289000.0,
        "Amortization Of Intangibles Income Statement": 5289000.0,
        "Research And Development": 7812000.0,
        "Selling General And Administration": 32695000.0,
        "Gross Profit": 47882000.0,
        "Cost Of Revenue": 104029000.0,
        "Total Revenue": 151911000.0,
        "Operating Revenue": 151911000.0
    },
    "2024-01-31": {
        "Tax Effect Of Unusual Items": 464730.0,
        "Tax Rate For Calcs": 0.21,
        "Normalized EBITDA": 8978000.0,
        "Total Unusual Items": 2213000.0,
        "Total Unusual Items Excluding Goodwill": 2213000.0,
        "Net Income From Continuing Operation Net Minority Interest": -10558000.0,
        "Reconciled Depreciation": 8218000.0,
        "Reconciled Cost Of Revenue": 88097000.0,
        "EBITDA": 11191000.0,
        "EBIT": 2973000.0,
        "Net Interest Income": -6167000.0,
        "Interest Expense": 6167000.0,
        "Interest Income": NaN,
        "Normalized Income": -12306270.0,
        "Net Income From Continuing And Discontinued Operation": -10558000.0,
        "Total Expenses": 133465000.0,
        "Total Operating Income As Reported": 2973000.0,
        "Diluted Average Shares": 28662000.0,
        "Basic Average Shares": 28662000.0,
        "Diluted EPS": -1.07,
        "Basic EPS": -1.07,
        "Diluted NI Availto Com Stockholders": -30532000.0,
        "Net Income Common Stockholders": -30532000.0,
        "Otherunder Preferred Stock Dividend": 17913000.0,
        "Preferred Stock Dividends": 2061000.0,
        "Net Income": -10558000.0,
        "Net Income Including Noncontrolling Interests": -10558000.0,
        "Net Income Continuous Operations": -10558000.0,
        "Tax Provision": 7364000.0,
        "Pretax Income": -3194000.0,
        "Other Income Expense": 2213000.0,
        "Special Income Charges": 2213000.0,
        "Gain On Sale Of Business": 2213000.0,
        "Restructuring And Mergern Acquisition": 0.0,
        "Gain On Sale Of Security": NaN,
        "Net Non Operating Interest Income Expense": -6167000.0,
        "Interest Expense Non Operating": 6167000.0,
        "Interest Income Non Operating": NaN,
        "Operating Income": 760000.0,
        "Operating Expense": 42438000.0,
        "Depreciation Amortization Depletion Income Statement": 5288000.0,
        "Depreciation And Amortization In Income Statement": 5288000.0,
        "Amortization": 5288000.0,
        "Amortization Of Intangibles Income Statement": 5288000.0,
        "Research And Development": 6843000.0,
        "Selling General And Administration": 30307000.0,
        "Gross Profit": 43198000.0,
        "Cost Of Revenue": 91027000.0,
        "Total Revenue": 134225000.0,
        "Operating Revenue": 134225000.0
    },
    "2024-04-30": {
        "Tax Effect Of Unusual Items": 786870.0,
        "Tax Rate For Calcs": 0.21,
        "Normalized EBITDA": 7632000.0,
        "Total Unusual Items": 3747000.0,
        "Total Unusual Items Excluding Goodwill": 3747000.0,
        "Net Income From Continuing Operation Net Minority Interest": 2795000.0,
        "Reconciled Depreciation": 8410000.0,
        "Reconciled Cost Of Revenue": 86001000.0,
        "EBITDA": 11379000.0,
        "EBIT": 2969000.0,
        "Net Interest Income": -5555000.0,
        "Interest Expense": 5555000.0,
        "Interest Income": NaN,
        "Normalized Income": -165130.0,
        "Net Income From Continuing And Discontinued Operation": 2795000.0,
        "Total Expenses": 128854000.0,
        "Total Operating Income As Reported": -3470000.0,
        "Diluted Average Shares": 28854000.0,
        "Basic Average Shares": 28854000.0,
        "Diluted EPS": -0.04,
        "Basic EPS": -0.04,
        "Diluted NI Availto Com Stockholders": -1040000.0,
        "Net Income Common Stockholders": -1040000.0,
        "Otherunder Preferred Stock Dividend": 76000.0,
        "Preferred Stock Dividends": 3759000.0,
        "Net Income": 2795000.0,
        "Net Income Including Noncontrolling Interests": 2795000.0,
        "Net Income Continuous Operations": 2795000.0,
        "Tax Provision": -5381000.0,
        "Pretax Income": -2586000.0,
        "Other Income Expense": 3747000.0,
        "Special Income Charges": -2692000.0,
        "Gain On Sale Of Business": -200000.0,
        "Restructuring And Mergern Acquisition": 2492000.0,
        "Gain On Sale Of Security": 6439000.0,
        "Net Non Operating Interest Income Expense": -5555000.0,
        "Interest Expense Non Operating": 5555000.0,
        "Interest Income Non Operating": NaN,
        "Operating Income": -778000.0,
        "Operating Expense": 39732000.0,
        "Depreciation Amortization Depletion Income Statement": 5289000.0,
        "Depreciation And Amortization In Income Statement": 5289000.0,
        "Amortization": 5289000.0,
        "Amortization Of Intangibles Income Statement": 5289000.0,
        "Research And Development": 5746000.0,
        "Selling General And Administration": 28697000.0,
        "Gross Profit": 38954000.0,
        "Cost Of Revenue": 89122000.0,
        "Total Revenue": 128076000.0,
        "Operating Revenue": 128076000.0
    },
    "2024-07-31": {
        "Tax Effect Of Unusual Items": -734815.098289,
        "Tax Rate For Calcs": 0.010183,
        "Normalized EBITDA": -4944000.0,
        "Total Unusual Items": -72159000.0,
        "Total Unusual Items Excluding Goodwill": -72159000.0,
        "Net Income From Continuing Operation Net Minority Interest": -90785000.0,
        "Reconciled Depreciation": 8374000.0,
        "Reconciled Cost Of Revenue": 95960000.0,
        "EBITDA": -77103000.0,
        "EBIT": -85477000.0,
        "Net Interest Income": -6242000.0,
        "Interest Expense": 6242000.0,
        "Interest Income": NaN,
        "Normalized Income": -19360815.098289,
        "Net Income From Continuing And Discontinued Operation": -90785000.0,
        "Total Expenses": 139509000.0,
        "Total Operating Income As Reported": -81479000.0,
        "Diluted Average Shares": NaN,
        "Basic Average Shares": NaN,
        "Diluted EPS": NaN,
        "Basic EPS": NaN,
        "Diluted NI Availto Com Stockholders": -100608000.0,
        "Net Income Common Stockholders": -100608000.0,
        "Otherunder Preferred Stock Dividend": 5915000.0,
        "Preferred Stock Dividends": 3908000.0,
        "Net Income": -90785000.0,
        "Net Income Including Noncontrolling Interests": -90785000.0,
        "Net Income Continuous Operations": -90785000.0,
        "Tax Provision": -934000.0,
        "Pretax Income": -91719000.0,
        "Other Income Expense": -72159000.0,
        "Special Income Charges": -69993000.0,
        "Gain On Sale Of Business": -3212000.0,
        "Restructuring And Mergern Acquisition": 424000.0,
        "Gain On Sale Of Security": -2166000.0,
        "Net Non Operating Interest Income Expense": -6242000.0,
        "Interest Expense Non Operating": 6242000.0,
        "Interest Income Non Operating": NaN,
        "Operating Income": -13318000.0,
        "Operating Expense": 40463000.0,
        "Depreciation Amortization Depletion Income Statement": 5288000.0,
        "Depreciation And Amortization In Income Statement": 5288000.0,
        "Amortization": 5288000.0,
        "Amortization Of Intangibles Income Statement": 5288000.0,
        "Research And Development": 3676000.0,
        "Selling General And Administration": 31499000.0,
        "Gross Profit": 27145000.0,
        "Cost Of Revenue": 99046000.0,
        "Total Revenue": 126191000.0,
        "Operating Revenue": 126191000.0
    }
}