{
    "2023-03-31": {
        "Tax Effect Of Unusual Items": NaN,
        "Tax Rate For Calcs": NaN,
        "Normalized EBITDA": NaN,
        "Total Unusual Items": NaN,
        "Total Unusual Items Excluding Goodwill": NaN,
        "Net Income From Continuing Operation Net Minority Interest": NaN,
        "Reconciled Depreciation": NaN,
        "Reconciled Cost Of Revenue": NaN,
        "EBITDA": NaN,
        "EBIT": NaN,
        "Net Interest Income": NaN,
        "Interest Income": NaN,
        "Normalized Income": NaN,
        "Net Income From Continuing And Discontinued Operation": NaN,
        "Total Expenses": NaN,
        "Total Operating Income As Reported": NaN,
        "Diluted Average Shares": NaN,
        "Basic Average Shares": NaN,
        "Diluted EPS": NaN,
        "Basic EPS": NaN,
        "Diluted NI Availto Com Stockholders": NaN,
        "Net Income Common Stockholders": NaN,
        "Net Income": NaN,
        "Minority Interests": NaN,
        "Net Income Including Noncontrolling Interests": NaN,
        "Net Income Continuous Operations": NaN,
        "Tax Provision": NaN,
        "Pretax Income": NaN,
        "Other Income Expense": NaN,
        "Other Non Operating Income Expenses": NaN,
        "Special Income Charges": NaN,
        "Gain On Sale Of Business": NaN,
        "Write Off": NaN,
        "Gain On Sale Of Security": 101000.0,
        "Net Non Operating Interest Income Expense": NaN,
        "Interest Income Non Operating": NaN,
        "Operating Income": NaN,
        "Operating Expense": NaN,
        "Research And Development": NaN,
        "Selling General And Administration": NaN,
        "Selling And Marketing Expense": NaN,
        "General And Administrative Expense": NaN,
        "Other Gand A": NaN,
        "Salaries And Wages": NaN,
        "Gross Profit": NaN,
        "Cost Of Revenue": NaN,
        "Total Revenue": NaN,
        "Operating Revenue": NaN
    },
    "2022-12-31": {
        "Tax Effect Of Unusual Items": NaN,
        "Tax Rate For Calcs": NaN,
        "Normalized EBITDA": NaN,
        "Total Unusual Items": NaN,
        "Total Unusual Items Excluding Goodwill": NaN,
        "Net Income From Continuing Operation Net Minority Interest": NaN,
        "Reconciled Depreciation": NaN,
        "Reconciled Cost Of Revenue": NaN,
        "EBITDA": NaN,
        "EBIT": NaN,
        "Net Interest Income": NaN,
        "Interest Income": NaN,
        "Normalized Income": NaN,
        "Net Income From Continuing And Discontinued Operation": NaN,
        "Total Expenses": NaN,
        "Total Operating Income As Reported": NaN,
        "Diluted Average Shares": NaN,
        "Basic Average Shares": NaN,
        "Diluted EPS": NaN,
        "Basic EPS": NaN,
        "Diluted NI Availto Com Stockholders": NaN,
        "Net Income Common Stockholders": NaN,
        "Net Income": NaN,
        "Minority Interests": 0.0,
        "Net Income Including Noncontrolling Interests": NaN,
        "Net Income Continuous Operations": NaN,
        "Tax Provision": NaN,
        "Pretax Income": NaN,
        "Other Income Expense": NaN,
        "Other Non Operating Income Expenses": NaN,
        "Special Income Charges": NaN,
        "Write Off": NaN,
        "Gain On Sale Of Security": 1095000.0,
        "Net Non Operating Interest Income Expense": NaN,
        "Interest Income Non Operating": NaN,
        "Operating Income": NaN,
        "Operating Expense": NaN,
        "Research And Development": NaN,
        "Selling General And Administration": NaN,
        "Selling And Marketing Expense": NaN,
        "General And Administrative Expense": NaN,
        "Other Gand A": NaN,
        "Salaries And Wages": NaN,
        "Gross Profit": NaN,
        "Cost Of Revenue": NaN,
        "Total Revenue": NaN,
        "Operating Revenue": NaN
    },
    "2022-09-30": {
        "Tax Effect Of Unusual Items": -255750.0,
        "Tax Rate For Calcs": 0.25,
        "Normalized EBITDA": -151000.0,
        "Total Unusual Items": -1023000.0,
        "Total Unusual Items Excluding Goodwill": -1023000.0,
        "Net Income From Continuing Operation Net Minority Interest": -2840000.0,
        "Reconciled Depreciation": 657000.0,
        "Reconciled Cost Of Revenue": 7267000.0,
        "EBITDA": -1174000.0,
        "EBIT": -1831000.0,
        "Net Interest Income": 21000.0,
        "Interest Income": 21000.0,
        "Normalized Income": -2072750.0,
        "Net Income From Continuing And Discontinued Operation": -2840000.0,
        "Total Expenses": 9047000.0,
        "Total Operating Income As Reported": -1831000.0,
        "Diluted Average Shares": 7174506.0,
        "Basic Average Shares": 7174506.0,
        "Diluted EPS": -0.4,
        "Basic EPS": -0.4,
        "Diluted NI Availto Com Stockholders": -2840000.0,
        "Net Income Common Stockholders": -2840000.0,
        "Net Income": -2840000.0,
        "Minority Interests": 0.0,
        "Net Income Including Noncontrolling Interests": -2840000.0,
        "Net Income Continuous Operations": -2840000.0,
        "Tax Provision": 2000.0,
        "Pretax Income": -2838000.0,
        "Other Income Expense": -1028000.0,
        "Other Non Operating Income Expenses": -5000.0,
        "Special Income Charges": 0.0,
        "Write Off": 0.0,
        "Gain On Sale Of Security": -1023000.0,
        "Net Non Operating Interest Income Expense": 21000.0,
        "Interest Income Non Operating": 21000.0,
        "Operating Income": -1831000.0,
        "Operating Expense": 1780000.0,
        "Research And Development": 57000.0,
        "Selling General And Administration": 1723000.0,
        "Selling And Marketing Expense": 72000.0,
        "General And Administrative Expense": 1651000.0,
        "Other Gand A": 1651000.0,
        "Salaries And Wages": NaN,
        "Gross Profit": -51000.0,
        "Cost Of Revenue": 7267000.0,
        "Total Revenue": 7216000.0,
        "Operating Revenue": 7216000.0
    },
    "2022-06-30": {
        "Tax Effect Of Unusual Items": 1150.34965,
        "Tax Rate For Calcs": 0.001166,
        "Normalized EBITDA": -3072000.0,
        "Total Unusual Items": 987000.0,
        "Total Unusual Items Excluding Goodwill": 987000.0,
        "Net Income From Continuing Operation Net Minority Interest": -1714000.0,
        "Reconciled Depreciation": 628000.0,
        "Reconciled Cost Of Revenue": 7026000.0,
        "EBITDA": -2085000.0,
        "EBIT": -2713000.0,
        "Net Interest Income": 29000.0,
        "Interest Income": 29000.0,
        "Normalized Income": -2699849.65035,
        "Net Income From Continuing And Discontinued Operation": -1714000.0,
        "Total Expenses": 9658000.0,
        "Total Operating Income As Reported": -2713000.0,
        "Diluted Average Shares": 7114726.0,
        "Basic Average Shares": 7114726.0,
        "Diluted EPS": -0.24,
        "Basic EPS": -0.24,
        "Diluted NI Availto Com Stockholders": -1714000.0,
        "Net Income Common Stockholders": -1714000.0,
        "Net Income": -1714000.0,
        "Minority Interests": 0.0,
        "Net Income Including Noncontrolling Interests": -1714000.0,
        "Net Income Continuous Operations": -1714000.0,
        "Tax Provision": -2000.0,
        "Pretax Income": -1716000.0,
        "Other Income Expense": 968000.0,
        "Other Non Operating Income Expenses": -19000.0,
        "Special Income Charges": NaN,
        "Write Off": NaN,
        "Gain On Sale Of Security": 987000.0,
        "Net Non Operating Interest Income Expense": 29000.0,
        "Interest Income Non Operating": 29000.0,
        "Operating Income": -2713000.0,
        "Operating Expense": 2632000.0,
        "Research And Development": 56000.0,
        "Selling General And Administration": 2576000.0,
        "Selling And Marketing Expense": 78000.0,
        "General And Administrative Expense": 2498000.0,
        "Other Gand A": 2498000.0,
        "Salaries And Wages": NaN,
        "Gross Profit": -81000.0,
        "Cost Of Revenue": 7026000.0,
        "Total Revenue": 6945000.0,
        "Operating Revenue": 6945000.0
    },
    "2022-03-31": {
        "Diluted EPS": -0.1,
        "Total Revenue": 8,
        "Gross Profit": 0,
        "Operating Income": -2,
        "EBIT": -1,
        "Net Income": -1
    },
    "2021-12-31": {
        "Diluted EPS": -0.17,
        "Total Revenue": 12,
        "Gross Profit": 1,
        "Operating Income": -2,
        "EBIT": -2,
        "Net Income": -1
    },
    "2021-09-30": {
        "Diluted EPS": 0.2,
        "Total Revenue": 12,
        "Gross Profit": 0,
        "Operating Income": -2,
        "EBIT": -1,
        "Net Income": 1
    },
    "2021-06-30": {
        "Diluted EPS": -0.55,
        "Total Revenue": 15,
        "Gross Profit": 0,
        "Operating Income": -8,
        "EBIT": -8,
        "Net Income": -4
    },
    "2021-03-31": {
        "Diluted EPS": 0.1,
        "Total Revenue": 8,
        "Gross Profit": -1,
        "Operating Income": -2,
        "EBIT": -2,
        "Net Income": 1
    },
    "2020-12-31": {
        "Diluted EPS": -0.15,
        "Total Revenue": 11,
        "Gross Profit": 0,
        "Operating Income": -1,
        "EBIT": -1,
        "Net Income": -1
    },
    "2020-09-30": {
        "Diluted EPS": -0.3,
        "Total Revenue": 12,
        "Gross Profit": -1,
        "Operating Income": -1,
        "EBIT": -1,
        "Net Income": -1
    },
    "2020-06-30": {
        "Diluted EPS": -0.2,
        "Total Revenue": 10,
        "Gross Profit": 0,
        "Operating Income": -1,
        "EBIT": -1,
        "Net Income": -1
    },
    "2020-03-31": {
        "Diluted EPS": -0.55,
        "Total Revenue": 4,
        "Gross Profit": 1,
        "Operating Income": -2,
        "EBIT": -2,
        "Net Income": -2
    },
    "2019-12-31": {
        "Diluted EPS": 0.2,
        "Total Revenue": 19,
        "Gross Profit": 4,
        "Operating Income": 1,
        "EBIT": 1,
        "Net Income": 1
    },
    "2019-09-30": {
        "Diluted EPS": -0.1,
        "Total Revenue": 16,
        "Gross Profit": 1,
        "Operating Income": 0,
        "EBIT": 0,
        "Net Income": 0
    },
    "2019-06-30": {
        "Diluted EPS": -0.1,
        "Total Revenue": 15,
        "Gross Profit": 0,
        "Operating Income": -1,
        "EBIT": -1,
        "Net Income": 0
    },
    "2019-03-31": {
        "Diluted EPS": -0.35,
        "Total Revenue": 9,
        "Gross Profit": 0,
        "Operating Income": -1,
        "EBIT": -1,
        "Net Income": -1
    },
    "2018-12-31": {
        "Diluted EPS": -0.25,
        "Total Revenue": 9,
        "Gross Profit": 0,
        "Operating Income": -1,
        "EBIT": -1,
        "Net Income": -1
    },
    "2018-09-30": {
        "Diluted EPS": -0.95,
        "Total Revenue": 17,
        "Gross Profit": 0,
        "Operating Income": -3,
        "EBIT": -3,
        "Net Income": -3
    },
    "2018-06-30": {
        "Diluted EPS": -3.0,
        "Total Revenue": 23,
        "Gross Profit": 1,
        "Operating Income": -8,
        "EBIT": -3,
        "Net Income": -10
    },
    "2018-03-31": {
        "Diluted EPS": -0.2,
        "Total Revenue": 8,
        "Gross Profit": 1,
        "Operating Income": -2,
        "EBIT": -1,
        "Net Income": -1
    },
    "2017-12-31": {
        "Diluted EPS": -2.55,
        "Total Revenue": 15,
        "Gross Profit": 0,
        "Operating Income": -6,
        "EBIT": -6,
        "Net Income": -6
    },
    "2017-09-30": {
        "Diluted EPS": -0.85,
        "Total Revenue": 14,
        "Gross Profit": 1,
        "Operating Income": -2,
        "EBIT": -2,
        "Net Income": -2
    },
    "2017-06-30": {
        "Diluted EPS": -0.35,
        "Total Revenue": 11,
        "Gross Profit": 2,
        "Operating Income": 0,
        "EBIT": 0,
        "Net Income": -1
    },
    "2017-03-31": {
        "Diluted EPS": -0.45,
        "Total Revenue": 7,
        "Gross Profit": 1,
        "Operating Income": -1,
        "EBIT": -1,
        "Net Income": -1
    },
    "2016-12-31": {
        "Diluted EPS": -1.1,
        "Total Revenue": 9,
        "Gross Profit": 2,
        "Operating Income": -2,
        "EBIT": -2,
        "Net Income": -2
    },
    "2016-09-30": {
        "Diluted EPS": -0.65,
        "Total Revenue": 12,
        "Gross Profit": 2,
        "Operating Income": -1,
        "EBIT": -1,
        "Net Income": -1
    },
    "2016-06-30": {
        "Diluted EPS": -0.55,
        "Total Revenue": 8,
        "Gross Profit": 2,
        "Operating Income": -1,
        "EBIT": -1,
        "Net Income": -1
    },
    "2016-03-31": {
        "Diluted EPS": -0.6,
        "Total Revenue": 5,
        "Gross Profit": 2,
        "Operating Income": -1,
        "EBIT": -1,
        "Net Income": -1
    },
    "2015-12-31": {
        "Diluted EPS": -1.93,
        "Total Revenue": 8,
        "Gross Profit": 3,
        "Operating Income": -3,
        "EBIT": 0,
        "Net Income": -4
    },
    "2015-09-30": {
        "Diluted EPS": -0.95,
        "Total Revenue": 8,
        "Gross Profit": 1,
        "Operating Income": -3,
        "EBIT": -2,
        "Net Income": -2
    },
    "2015-06-30": {
        "Diluted EPS": -0.5,
        "Total Revenue": 10,
        "Gross Profit": 2,
        "Operating Income": -1,
        "EBIT": -1,
        "Net Income": -1
    },
    "2015-03-31": {
        "Diluted EPS": -0.88,
        "Total Revenue": 6,
        "Gross Profit": 1,
        "Operating Income": -2,
        "EBIT": -2,
        "Net Income": -2
    },
    "2014-12-31": {
        "Diluted EPS": -6.13,
        "Total Revenue": 10,
        "Gross Profit": 1,
        "Operating Income": -10,
        "EBIT": -4,
        "Net Income": -11
    },
    "2014-09-30": {
        "Diluted EPS": -0.5,
        "Total Revenue": 12,
        "Gross Profit": 2,
        "Operating Income": -1,
        "EBIT": -1,
        "Net Income": -1
    },
    "2014-06-30": {
        "Diluted EPS": -0.75,
        "Total Revenue": 10,
        "Gross Profit": 2,
        "Operating Income": -1,
        "EBIT": -1,
        "Net Income": -1
    },
    "2014-03-31": {
        "Diluted EPS": -0.38,
        "Total Revenue": 5,
        "Gross Profit": 1,
        "Operating Income": -1,
        "EBIT": 0,
        "Net Income": -1
    },
    "2013-12-31": {
        "Diluted EPS": -1.0,
        "Total Revenue": 7,
        "Gross Profit": 3,
        "Operating Income": -2,
        "EBIT": -1,
        "Net Income": -2
    },
    "2013-09-30": {
        "Diluted EPS": 0.63,
        "Total Revenue": 7,
        "Gross Profit": 4,
        "Operating Income": 1,
        "EBIT": 2,
        "Net Income": 1
    },
    "2013-06-30": {
        "Diluted EPS": 0.25,
        "Total Revenue": 9,
        "Gross Profit": 4,
        "Operating Income": 1,
        "EBIT": 1,
        "Net Income": 0
    },
    "2013-03-31": {
        "Diluted EPS": 0.0,
        "Total Revenue": 7,
        "Gross Profit": 3,
        "Operating Income": 0,
        "EBIT": 0,
        "Net Income": 0
    },
    "2012-12-31": {
        "Diluted EPS": 0.88,
        "Total Revenue": 8,
        "Gross Profit": 5,
        "Operating Income": 2,
        "EBIT": 2,
        "Net Income": 1
    },
    "2012-09-30": {
        "Diluted EPS": 0.63,
        "Total Revenue": 10,
        "Gross Profit": 4,
        "Operating Income": 2,
        "EBIT": 2,
        "Net Income": 1
    },
    "2012-06-30": {
        "Diluted EPS": 0.5,
        "Total Revenue": 13,
        "Gross Profit": 4,
        "Operating Income": 1,
        "EBIT": 1,
        "Net Income": 1
    },
    "2012-03-31": {
        "Diluted EPS": -0.25,
        "Total Revenue": 15,
        "Gross Profit": 2,
        "Operating Income": 0,
        "EBIT": 1,
        "Net Income": 0
    },
    "2011-12-31": {
        "Diluted EPS": -2.63,
        "Total Revenue": 6,
        "Gross Profit": 3,
        "Operating Income": -4,
        "EBIT": -4,
        "Net Income": -4
    },
    "2011-09-30": {
        "Diluted EPS": 0.75,
        "Total Revenue": 6,
        "Gross Profit": 3,
        "Operating Income": 1,
        "EBIT": 1,
        "Net Income": 1
    },
    "2011-06-30": {
        "Diluted EPS": 1.88,
        "Total Revenue": 9,
        "Gross Profit": 6,
        "Operating Income": 3,
        "EBIT": 4,
        "Net Income": 3
    },
    "2011-03-31": {
        "Diluted EPS": 1.75,
        "Total Revenue": 7,
        "Gross Profit": 5,
        "Operating Income": 3,
        "EBIT": 3,
        "Net Income": 3
    },
    "2010-12-31": {
        "Diluted EPS": 2.75,
        "Total Revenue": 10,
        "Gross Profit": 7,
        "Operating Income": 5,
        "EBIT": 5,
        "Net Income": 5
    },
    "2010-09-30": {
        "Diluted EPS": 2.38,
        "Total Revenue": 9,
        "Gross Profit": 6,
        "Operating Income": 4,
        "EBIT": 4,
        "Net Income": 4
    },
    "2010-06-30": {
        "Diluted EPS": 2.5,
        "Total Revenue": 12,
        "Gross Profit": 6,
        "Operating Income": 4,
        "EBIT": 4,
        "Net Income": 4
    },
    "2010-03-31": {
        "Diluted EPS": 2.25,
        "Total Revenue": 10,
        "Gross Profit": 4,
        "Operating Income": 2,
        "EBIT": 2,
        "Net Income": 4
    },
    "2009-12-31": {
        "Diluted EPS": 0.0,
        "Total Revenue": 10,
        "Gross Profit": 5,
        "Operating Income": 3,
        "EBIT": 3,
        "Net Income": 0
    },
    "2009-09-30": {
        "Diluted EPS": -4.13,
        "Total Revenue": 8,
        "Gross Profit": 4,
        "Operating Income": 3,
        "EBIT": 3,
        "Net Income": -5
    },
    "2009-06-30": {
        "Diluted EPS": 1.13,
        "Total Revenue": 9,
        "Gross Profit": 4,
        "Operating Income": 2,
        "EBIT": 2,
        "Net Income": 1
    },
    "2009-03-31": {
        "Diluted EPS": 1.13,
        "Total Revenue": 10,
        "Gross Profit": 4,
        "Operating Income": 2,
        "EBIT": 2,
        "Net Income": 1
    },
    "2023-06-30": {
        "Tax Effect Of Unusual Items": NaN,
        "Tax Rate For Calcs": NaN,
        "Normalized EBITDA": NaN,
        "Total Unusual Items": -138000.0,
        "Total Unusual Items Excluding Goodwill": -138000.0,
        "Net Income From Continuing Operation Net Minority Interest": NaN,
        "Reconciled Depreciation": NaN,
        "Reconciled Cost Of Revenue": NaN,
        "EBITDA": NaN,
        "EBIT": NaN,
        "Net Interest Income": NaN,
        "Interest Income": NaN,
        "Normalized Income": NaN,
        "Net Income From Continuing And Discontinued Operation": NaN,
        "Total Expenses": NaN,
        "Total Operating Income As Reported": NaN,
        "Diluted Average Shares": 1798901.0,
        "Basic Average Shares": 1798901.0,
        "Diluted EPS": -0.76,
        "Basic EPS": -0.76,
        "Diluted NI Availto Com Stockholders": NaN,
        "Net Income Common Stockholders": NaN,
        "Net Income": NaN,
        "Minority Interests": 0.0,
        "Net Income Including Noncontrolling Interests": NaN,
        "Net Income Continuous Operations": NaN,
        "Tax Provision": NaN,
        "Pretax Income": NaN,
        "Other Income Expense": NaN,
        "Other Non Operating Income Expenses": NaN,
        "Special Income Charges": -209000.0,
        "Gain On Sale Of Business": NaN,
        "Write Off": 209000.0,
        "Gain On Sale Of Security": 71000.0,
        "Net Non Operating Interest Income Expense": NaN,
        "Interest Income Non Operating": NaN,
        "Operating Income": NaN,
        "Operating Expense": NaN,
        "Research And Development": NaN,
        "Selling General And Administration": NaN,
        "Selling And Marketing Expense": NaN,
        "General And Administrative Expense": NaN,
        "Other Gand A": NaN,
        "Salaries And Wages": 48000.0,
        "Gross Profit": NaN,
        "Cost Of Revenue": NaN,
        "Total Revenue": NaN,
        "Operating Revenue": NaN
    },
    "2023-09-30": {
        "Tax Effect Of Unusual Items": 3750.0,
        "Tax Rate For Calcs": 0.25,
        "Normalized EBITDA": -1198000.0,
        "Total Unusual Items": 15000.0,
        "Total Unusual Items Excluding Goodwill": 15000.0,
        "Net Income From Continuing Operation Net Minority Interest": -1520000.0,
        "Reconciled Depreciation": 423000.0,
        "Reconciled Cost Of Revenue": 9185000.0,
        "EBITDA": -1183000.0,
        "EBIT": -1606000.0,
        "Net Interest Income": 79000.0,
        "Interest Income": 79000.0,
        "Normalized Income": -1531250.0,
        "Net Income From Continuing And Discontinued Operation": -1520000.0,
        "Total Expenses": 10787000.0,
        "Total Operating Income As Reported": -1606000.0,
        "Diluted Average Shares": 1801213.0,
        "Basic Average Shares": 1801213.0,
        "Diluted EPS": -0.84,
        "Basic EPS": -0.84,
        "Diluted NI Availto Com Stockholders": -1520000.0,
        "Net Income Common Stockholders": -1520000.0,
        "Net Income": -1520000.0,
        "Minority Interests": 0.0,
        "Net Income Including Noncontrolling Interests": -1520000.0,
        "Net Income Continuous Operations": -1520000.0,
        "Tax Provision": 2000.0,
        "Pretax Income": -1518000.0,
        "Other Income Expense": 9000.0,
        "Other Non Operating Income Expenses": -6000.0,
        "Special Income Charges": 2000.0,
        "Gain On Sale Of Business": 0.0,
        "Write Off": -2000.0,
        "Gain On Sale Of Security": 13000.0,
        "Net Non Operating Interest Income Expense": 79000.0,
        "Interest Income Non Operating": 79000.0,
        "Operating Income": -1606000.0,
        "Operating Expense": 1602000.0,
        "Research And Development": 0.0,
        "Selling General And Administration": 1602000.0,
        "Selling And Marketing Expense": 55000.0,
        "General And Administrative Expense": 1547000.0,
        "Other Gand A": 1547000.0,
        "Salaries And Wages": NaN,
        "Gross Profit": -4000.0,
        "Cost Of Revenue": 9185000.0,
        "Total Revenue": 9181000.0,
        "Operating Revenue": 9181000.0
    },
    "2023-12-31": {
        "Tax Effect Of Unusual Items": -1515.183246,
        "Tax Rate For Calcs": 0.001047,
        "Normalized EBITDA": 1296000.0,
        "Total Unusual Items": -1447000.0,
        "Total Unusual Items Excluding Goodwill": -1447000.0,
        "Net Income From Continuing Operation Net Minority Interest": -1908000.0,
        "Reconciled Depreciation": 376000.0,
        "Reconciled Cost Of Revenue": 5275000.0,
        "EBITDA": -151000.0,
        "EBIT": -527000.0,
        "Net Interest Income": 68000.0,
        "Interest Income": 68000.0,
        "Normalized Income": -462515.183246,
        "Net Income From Continuing And Discontinued Operation": -1908000.0,
        "Total Expenses": 5795000.0,
        "Total Operating Income As Reported": -1758000.0,
        "Diluted Average Shares": NaN,
        "Basic Average Shares": NaN,
        "Diluted EPS": NaN,
        "Basic EPS": NaN,
        "Diluted NI Availto Com Stockholders": -1908000.0,
        "Net Income Common Stockholders": -1908000.0,
        "Net Income": -1908000.0,
        "Minority Interests": NaN,
        "Net Income Including Noncontrolling Interests": -1908000.0,
        "Net Income Continuous Operations": -1908000.0,
        "Tax Provision": -2000.0,
        "Pretax Income": -1910000.0,
        "Other Income Expense": -1451000.0,
        "Other Non Operating Income Expenses": -4000.0,
        "Special Income Charges": -1447000.0,
        "Gain On Sale Of Business": NaN,
        "Write Off": 226000.0,
        "Gain On Sale Of Security": 0.0,
        "Net Non Operating Interest Income Expense": 68000.0,
        "Interest Income Non Operating": 68000.0,
        "Operating Income": -527000.0,
        "Operating Expense": 520000.0,
        "Research And Development": -1000.0,
        "Selling General And Administration": 521000.0,
        "Selling And Marketing Expense": 119000.0,
        "General And Administrative Expense": 402000.0,
        "Other Gand A": 402000.0,
        "Salaries And Wages": NaN,
        "Gross Profit": -7000.0,
        "Cost Of Revenue": 5275000.0,
        "Total Revenue": 5268000.0,
        "Operating Revenue": 5268000.0
    },
    "2024-03-31": {
        "Tax Effect Of Unusual Items": 0.0,
        "Tax Rate For Calcs": 0.003517,
        "Normalized EBITDA": -662000.0,
        "Total Unusual Items": NaN,
        "Total Unusual Items Excluding Goodwill": NaN,
        "Net Income From Continuing Operation Net Minority Interest": -850000.0,
        "Reconciled Depreciation": 260000.0,
        "Reconciled Cost Of Revenue": 3459000.0,
        "EBITDA": -662000.0,
        "EBIT": -922000.0,
        "Net Interest Income": 91000.0,
        "Interest Income": 91000.0,
        "Normalized Income": -850000.0,
        "Net Income From Continuing And Discontinued Operation": -850000.0,
        "Total Expenses": 4453000.0,
        "Total Operating Income As Reported": -922000.0,
        "Diluted Average Shares": 1801126.0,
        "Basic Average Shares": 1801126.0,
        "Diluted EPS": -0.48,
        "Basic EPS": -0.48,
        "Diluted NI Availto Com Stockholders": -850000.0,
        "Net Income Common Stockholders": -850000.0,
        "Net Income": -850000.0,
        "Minority Interests": NaN,
        "Net Income Including Noncontrolling Interests": -850000.0,
        "Net Income Continuous Operations": -850000.0,
        "Tax Provision": -3000.0,
        "Pretax Income": -853000.0,
        "Other Income Expense": -22000.0,
        "Other Non Operating Income Expenses": -22000.0,
        "Special Income Charges": NaN,
        "Gain On Sale Of Business": NaN,
        "Write Off": NaN,
        "Gain On Sale Of Security": NaN,
        "Net Non Operating Interest Income Expense": 91000.0,
        "Interest Income Non Operating": 91000.0,
        "Operating Income": -922000.0,
        "Operating Expense": 994000.0,
        "Research And Development": 0.0,
        "Selling General And Administration": 994000.0,
        "Selling And Marketing Expense": 79000.0,
        "General And Administrative Expense": 915000.0,
        "Other Gand A": 915000.0,
        "Salaries And Wages": NaN,
        "Gross Profit": 72000.0,
        "Cost Of Revenue": 3459000.0,
        "Total Revenue": 3531000.0,
        "Operating Revenue": 3531000.0
    },
    "2024-06-30": {
        "Tax Effect Of Unusual Items": -8.583691,
        "Tax Rate For Calcs": 0.004292,
        "Normalized EBITDA": -61000.0,
        "Total Unusual Items": -2000.0,
        "Total Unusual Items Excluding Goodwill": -2000.0,
        "Net Income From Continuing Operation Net Minority Interest": -216000.0,
        "Reconciled Depreciation": 238000.0,
        "Reconciled Cost Of Revenue": 6092000.0,
        "EBITDA": -63000.0,
        "EBIT": -301000.0,
        "Net Interest Income": 76000.0,
        "Interest Income": 76000.0,
        "Normalized Income": -214008.583691,
        "Net Income From Continuing And Discontinued Operation": -216000.0,
        "Total Expenses": 6721000.0,
        "Total Operating Income As Reported": -301000.0,
        "Diluted Average Shares": 1801126.0,
        "Basic Average Shares": 1801126.0,
        "Diluted EPS": -0.12,
        "Basic EPS": -0.12,
        "Diluted NI Availto Com Stockholders": -216000.0,
        "Net Income Common Stockholders": -216000.0,
        "Net Income": -216000.0,
        "Minority Interests": 16000.0,
        "Net Income Including Noncontrolling Interests": -232000.0,
        "Net Income Continuous Operations": -232000.0,
        "Tax Provision": -1000.0,
        "Pretax Income": -233000.0,
        "Other Income Expense": -8000.0,
        "Other Non Operating Income Expenses": -6000.0,
        "Special Income Charges": -2000.0,
        "Gain On Sale Of Business": NaN,
        "Write Off": 2000.0,
        "Gain On Sale Of Security": NaN,
        "Net Non Operating Interest Income Expense": 76000.0,
        "Interest Income Non Operating": 76000.0,
        "Operating Income": -301000.0,
        "Operating Expense": 629000.0,
        "Research And Development": 0.0,
        "Selling General And Administration": 629000.0,
        "Selling And Marketing Expense": 54000.0,
        "General And Administrative Expense": 575000.0,
        "Other Gand A": 575000.0,
        "Salaries And Wages": NaN,
        "Gross Profit": 328000.0,
        "Cost Of Revenue": 6092000.0,
        "Total Revenue": 6420000.0,
        "Operating Revenue": 6420000.0
    },
    "2024-09-30": {
        "Tax Effect Of Unusual Items": 0.0,
        "Tax Rate For Calcs": 0.0,
        "Normalized EBITDA": -1778000.0,
        "Total Unusual Items": 23000.0,
        "Total Unusual Items Excluding Goodwill": 23000.0,
        "Net Income From Continuing Operation Net Minority Interest": -1914000.0,
        "Reconciled Depreciation": 237000.0,
        "Reconciled Cost Of Revenue": 3184000.0,
        "EBITDA": -1755000.0,
        "EBIT": -1992000.0,
        "Net Interest Income": 66000.0,
        "Interest Income": 66000.0,
        "Normalized Income": -1937000.0,
        "Net Income From Continuing And Discontinued Operation": -1914000.0,
        "Total Expenses": 5231000.0,
        "Total Operating Income As Reported": -1992000.0,
        "Diluted Average Shares": 1805289.0,
        "Basic Average Shares": 1805289.0,
        "Diluted EPS": -1.06,
        "Basic EPS": -1.06,
        "Diluted NI Availto Com Stockholders": -1914000.0,
        "Net Income Common Stockholders": -1914000.0,
        "Net Income": -1914000.0,
        "Minority Interests": -9000.0,
        "Net Income Including Noncontrolling Interests": -1905000.0,
        "Net Income Continuous Operations": -1905000.0,
        "Tax Provision": 0.0,
        "Pretax Income": -1905000.0,
        "Other Income Expense": 21000.0,
        "Other Non Operating Income Expenses": -2000.0,
        "Special Income Charges": 23000.0,
        "Gain On Sale Of Business": 23000.0,
        "Write Off": 0.0,
        "Gain On Sale Of Security": NaN,
        "Net Non Operating Interest Income Expense": 66000.0,
        "Interest Income Non Operating": 66000.0,
        "Operating Income": -1992000.0,
        "Operating Expense": 2047000.0,
        "Research And Development": 0.0,
        "Selling General And Administration": 2047000.0,
        "Selling And Marketing Expense": 75000.0,
        "General And Administrative Expense": 1972000.0,
        "Other Gand A": 1972000.0,
        "Salaries And Wages": NaN,
        "Gross Profit": 55000.0,
        "Cost Of Revenue": 3184000.0,
        "Total Revenue": 3239000.0,
        "Operating Revenue": 3239000.0
    }
}