{
    "2023-03-31": {
        "Tax Effect Of Unusual Items": 0.0,
        "Tax Rate For Calcs": 0.263,
        "Net Income From Continuing Operation Net Minority Interest": 49336000.0,
        "Net Interest Income": 268578000.0,
        "Interest Expense": 184599000.0,
        "Interest Income": 453177000.0,
        "Normalized Income": 49336000.0,
        "Net Income From Continuing And Discontinued Operation": 49336000.0,
        "Rent Expense Supplemental": 4157000.0,
        "Diluted Average Shares": 68582162.0,
        "Basic Average Shares": 68582162.0,
        "Diluted EPS": 13.0,
        "Basic EPS": 14.4,
        "Diluted NI Availto Com Stockholders": 49336000.0,
        "Net Income Common Stockholders": 49336000.0,
        "Net Income": 49336000.0,
        "Net Income Including Noncontrolling Interests": 49336000.0,
        "Net Income Continuous Operations": 49336000.0,
        "Tax Provision": 17589000.0,
        "Pretax Income": 66925000.0,
        "Gain On Sale Of Security": 3890000.0,
        "Selling General And Administration": 131194000.0,
        "Selling And Marketing Expense": 83007000.0,
        "General And Administrative Expense": 48187000.0,
        "Rent And Landing Fees": 4157000.0,
        "Salaries And Wages": 44030000.0,
        "Total Revenue": 309029000.0,
        "Operating Revenue": 309029000.0,
        "Other Non Interest Expense": 32108000.0
    },
    "2022-12-31": {
        "Tax Effect Of Unusual Items": 314917.826691,
        "Tax Rate For Calcs": 0.062177,
        "Total Unusual Items": 5064868.0,
        "Total Unusual Items Excluding Goodwill": 5064868.0,
        "Net Income From Continuing Operation Net Minority Interest": 28137118.0,
        "Reconciled Depreciation": 443719.0,
        "Net Interest Income": 251132884.0,
        "Interest Expense": 201186603.0,
        "Interest Income": 452319487.0,
        "Normalized Income": 23387167.826691,
        "Net Income From Continuing And Discontinued Operation": 28137118.0,
        "Rent Expense Supplemental": 3202080.0,
        "Diluted Average Shares": 76330000.0,
        "Basic Average Shares": 76330000.0,
        "Diluted EPS": 0.4,
        "Basic EPS": 0.4,
        "Diluted NI Availto Com Stockholders": 28137118.0,
        "Net Income Common Stockholders": 28137118.0,
        "Net Income": 28137118.0,
        "Net Income Including Noncontrolling Interests": 28137118.0,
        "Net Income Continuous Operations": 28137118.0,
        "Tax Provision": 1865468.0,
        "Pretax Income": 30002586.0,
        "Special Income Charges": 5064868.0,
        "Other Special Charges": -5064868.0,
        "Gain On Sale Of Security": -7295273.0,
        "Depreciation Amortization Depletion Income Statement": 443719.0,
        "Depreciation And Amortization In Income Statement": 443719.0,
        "Selling General And Administration": 130333630.0,
        "Selling And Marketing Expense": 83072321.0,
        "General And Administrative Expense": 47261309.0,
        "Rent And Landing Fees": 3202080.0,
        "Salaries And Wages": 58149323.0,
        "Total Revenue": 267163579.0,
        "Operating Revenue": 267163579.0,
        "Professional Expense And Contract Services Expense": 4062575.0,
        "Other Non Interest Expense": 34107246.0
    },
    "2022-09-30": {
        "Tax Effect Of Unusual Items": 0.0,
        "Tax Rate For Calcs": 0.266,
        "Total Unusual Items": NaN,
        "Total Unusual Items Excluding Goodwill": NaN,
        "Net Income From Continuing Operation Net Minority Interest": 46022293.0,
        "Reconciled Depreciation": NaN,
        "Net Interest Income": 254985984.0,
        "Interest Expense": 195395934.0,
        "Interest Income": 450381918.0,
        "Normalized Income": 46022293.0,
        "Net Income From Continuing And Discontinued Operation": 46022293.0,
        "Rent Expense Supplemental": 3781863.0,
        "Diluted Average Shares": 76700000.0,
        "Basic Average Shares": 57525000.0,
        "Diluted EPS": 0.6,
        "Basic EPS": 0.8,
        "Diluted NI Availto Com Stockholders": 46022293.0,
        "Net Income Common Stockholders": 46022293.0,
        "Net Income": 46022293.0,
        "Net Income Including Noncontrolling Interests": 46022293.0,
        "Net Income Continuous Operations": 46022293.0,
        "Tax Provision": 16698175.0,
        "Pretax Income": 62720468.0,
        "Special Income Charges": NaN,
        "Other Special Charges": NaN,
        "Gain On Sale Of Security": 501615.0,
        "Depreciation Amortization Depletion Income Statement": NaN,
        "Depreciation And Amortization In Income Statement": NaN,
        "Selling General And Administration": 100473904.0,
        "Selling And Marketing Expense": 113963955.0,
        "General And Administrative Expense": 71469923.0,
        "Rent And Landing Fees": 3781863.0,
        "Salaries And Wages": 53597966.0,
        "Total Revenue": 273101493.0,
        "Operating Revenue": 273101493.0
    },
    "2022-06-30": {
        "Tax Effect Of Unusual Items": 0.0,
        "Tax Rate For Calcs": 0.114,
        "Total Unusual Items": NaN,
        "Total Unusual Items Excluding Goodwill": NaN,
        "Net Income From Continuing Operation Net Minority Interest": 18115000.0,
        "Reconciled Depreciation": NaN,
        "Net Interest Income": 223269000.0,
        "Interest Expense": 187304000.0,
        "Interest Income": 410573000.0,
        "Normalized Income": 18115000.0,
        "Net Income From Continuing And Discontinued Operation": 18115000.0,
        "Rent Expense Supplemental": 3435000.0,
        "Diluted Average Shares": 68582162.0,
        "Basic Average Shares": 68582162.0,
        "Diluted EPS": 0.2,
        "Basic EPS": 0.2,
        "Diluted NI Availto Com Stockholders": 18115000.0,
        "Net Income Common Stockholders": 18115000.0,
        "Net Income": 18115000.0,
        "Net Income Including Noncontrolling Interests": 18115000.0,
        "Net Income Continuous Operations": 18115000.0,
        "Tax Provision": 3276000.0,
        "Pretax Income": 21391000.0,
        "Special Income Charges": NaN,
        "Other Special Charges": NaN,
        "Gain On Sale Of Security": 8066000.0,
        "Depreciation Amortization Depletion Income Statement": NaN,
        "Depreciation And Amortization In Income Statement": NaN,
        "Selling General And Administration": 53481000.0,
        "Selling And Marketing Expense": 76599000.0,
        "General And Administrative Expense": 53481000.0,
        "Rent And Landing Fees": 3435000.0,
        "Salaries And Wages": 50046000.0,
        "Total Revenue": 268679000.0,
        "Operating Revenue": 268679000.0
    },
    "2022-03-31": {
        "Diluted EPS": 0.1,
        "Total Revenue": 70,
        "Gross Profit": 38,
        "Operating Income": 9,
        "EBIT": NaN,
        "Net Income": 7
    },
    "2021-12-31": {
        "Diluted EPS": -0.21,
        "Total Revenue": 75,
        "Gross Profit": 42,
        "Operating Income": -18,
        "EBIT": NaN,
        "Net Income": -16
    },
    "2021-09-30": {
        "Diluted EPS": 0.04,
        "Total Revenue": 73,
        "Gross Profit": 39,
        "Operating Income": 4,
        "EBIT": NaN,
        "Net Income": 3
    },
    "2021-06-30": {
        "Diluted EPS": 0.15,
        "Total Revenue": 72,
        "Gross Profit": 42,
        "Operating Income": 11,
        "EBIT": NaN,
        "Net Income": 10
    },
    "2021-03-31": {
        "Diluted EPS": 0.18,
        "Total Revenue": 66,
        "Gross Profit": 43,
        "Operating Income": 17,
        "EBIT": NaN,
        "Net Income": 13
    },
    "2020-12-31": {
        "Diluted EPS": 0.22,
        "Total Revenue": 50,
        "Gross Profit": 26,
        "Operating Income": 18,
        "EBIT": NaN,
        "Net Income": 15
    },
    "2020-09-30": {
        "Diluted EPS": 0.1,
        "Total Revenue": 76,
        "Gross Profit": 49,
        "Operating Income": 11,
        "EBIT": NaN,
        "Net Income": 7
    },
    "2020-06-30": {
        "Diluted EPS": 0.05,
        "Total Revenue": 71,
        "Gross Profit": 45,
        "Operating Income": 6,
        "EBIT": NaN,
        "Net Income": 4
    },
    "2020-03-31": {
        "Diluted EPS": -0.14,
        "Total Revenue": 75,
        "Gross Profit": 47,
        "Operating Income": -12,
        "EBIT": NaN,
        "Net Income": -9
    },
    "2019-12-31": {
        "Diluted EPS": 0.13,
        "Total Revenue": 86,
        "Gross Profit": 54,
        "Operating Income": 12,
        "EBIT": NaN,
        "Net Income": 9
    },
    "2019-09-30": {
        "Diluted EPS": 0.33,
        "Total Revenue": 106,
        "Gross Profit": 65,
        "Operating Income": 33,
        "EBIT": NaN,
        "Net Income": 25
    },
    "2019-06-30": {
        "Diluted EPS": 0.31,
        "Total Revenue": 121,
        "Gross Profit": 67,
        "Operating Income": 32,
        "EBIT": NaN,
        "Net Income": 23
    },
    "2019-03-31": {
        "Diluted EPS": 0.27,
        "Total Revenue": 136,
        "Gross Profit": 73,
        "Operating Income": 27,
        "EBIT": NaN,
        "Net Income": 20
    },
    "2018-12-31": {
        "Diluted EPS": 0.39,
        "Total Revenue": 149,
        "Gross Profit": 149,
        "Operating Income": 149,
        "EBIT": NaN,
        "Net Income": 27
    },
    "2018-09-30": {
        "Diluted EPS": 0.5,
        "Total Revenue": 163,
        "Gross Profit": 163,
        "Operating Income": 163,
        "EBIT": NaN,
        "Net Income": 34
    },
    "2023-06-30": {
        "Tax Effect Of Unusual Items": 0.0,
        "Tax Rate For Calcs": 0.209918,
        "Net Income From Continuing Operation Net Minority Interest": 43780000.0,
        "Net Interest Income": 249638000.0,
        "Interest Expense": 181687000.0,
        "Interest Income": 431325000.0,
        "Normalized Income": 43780000.0,
        "Net Income From Continuing And Discontinued Operation": 43780000.0,
        "Rent Expense Supplemental": 3675000.0,
        "Diluted Average Shares": 72966667.0,
        "Basic Average Shares": 72966667.0,
        "Diluted EPS": 0.6,
        "Basic EPS": 0.6,
        "Diluted NI Availto Com Stockholders": 43780000.0,
        "Net Income Common Stockholders": 43780000.0,
        "Net Income": 43780000.0,
        "Net Income Including Noncontrolling Interests": 43780000.0,
        "Net Income Continuous Operations": 43780000.0,
        "Tax Provision": 11632000.0,
        "Pretax Income": 55412000.0,
        "Gain On Sale Of Security": 11827000.0,
        "Selling General And Administration": 137183000.0,
        "Selling And Marketing Expense": 82576000.0,
        "General And Administrative Expense": 54607000.0,
        "Rent And Landing Fees": 3675000.0,
        "Salaries And Wages": 50932000.0,
        "Total Revenue": 287510000.0,
        "Operating Revenue": 287510000.0,
        "Other Non Interest Expense": 44095000.0
    },
    "2023-09-30": {
        "Tax Effect Of Unusual Items": 0.0,
        "Tax Rate For Calcs": 0.218,
        "Net Income From Continuing Operation Net Minority Interest": 53004000.0,
        "Net Interest Income": 255318000.0,
        "Interest Expense": 169615000.0,
        "Interest Income": 424933000.0,
        "Normalized Income": 53004000.0,
        "Net Income From Continuing And Discontinued Operation": 53004000.0,
        "Rent Expense Supplemental": 4604000.0,
        "Diluted Average Shares": 66255000.0,
        "Basic Average Shares": 66255000.0,
        "Diluted EPS": 0.8,
        "Basic EPS": 0.8,
        "Diluted NI Availto Com Stockholders": 53004000.0,
        "Net Income Common Stockholders": 53004000.0,
        "Net Income": 53004000.0,
        "Net Income Including Noncontrolling Interests": 53004000.0,
        "Net Income Continuous Operations": 53004000.0,
        "Tax Provision": 14801000.0,
        "Pretax Income": 67805000.0,
        "Gain On Sale Of Security": -8993000.0,
        "Selling General And Administration": 149063000.0,
        "Selling And Marketing Expense": 86895000.0,
        "General And Administrative Expense": 62168000.0,
        "Rent And Landing Fees": 4604000.0,
        "Salaries And Wages": 57564000.0,
        "Total Revenue": 271770000.0,
        "Operating Revenue": 271770000.0,
        "Other Non Interest Expense": 43388000.0
    },
    "2023-12-31": {
        "Tax Effect Of Unusual Items": 0.0,
        "Tax Rate For Calcs": 0.25,
        "Net Income From Continuing Operation Net Minority Interest": 18496561.0,
        "Net Interest Income": 257845414.0,
        "Interest Expense": 187181286.0,
        "Interest Income": 445026700.0,
        "Normalized Income": 18496561.0,
        "Net Income From Continuing And Discontinued Operation": 18496561.0,
        "Rent Expense Supplemental": 3931797.0,
        "Diluted Average Shares": 68582162.0,
        "Basic Average Shares": 68582162.0,
        "Diluted EPS": 0.2,
        "Basic EPS": 0.2,
        "Diluted NI Availto Com Stockholders": 18496561.0,
        "Net Income Common Stockholders": 18496561.0,
        "Net Income": 18496561.0,
        "Net Income Including Noncontrolling Interests": 18496561.0,
        "Net Income Continuous Operations": 18496561.0,
        "Tax Provision": -3004982.0,
        "Pretax Income": 15491579.0,
        "Gain On Sale Of Security": -5639011.0,
        "Selling General And Administration": 207968301.0,
        "Selling And Marketing Expense": 140858277.0,
        "General And Administrative Expense": 67110024.0,
        "Rent And Landing Fees": 3931797.0,
        "Salaries And Wages": 63178227.0,
        "Total Revenue": 245794537.0,
        "Operating Revenue": 245794537.0,
        "Other Non Interest Expense": -41116637.0
    }
}