{
    "2023-03-31": {
        "Tax Effect Of Unusual Items": -1280000.0,
        "Tax Rate For Calcs": 0.4,
        "Normalized EBITDA": 94200000.0,
        "Total Unusual Items": -3200000.0,
        "Total Unusual Items Excluding Goodwill": -3200000.0,
        "Net Income From Continuing Operation Net Minority Interest": -3100000.0,
        "Reconciled Depreciation": 54900000.0,
        "Reconciled Cost Of Revenue": 210300000.0,
        "EBITDA": 91000000.0,
        "EBIT": 36100000.0,
        "Net Interest Income": -30600000.0,
        "Interest Expense": 42500000.0,
        "Interest Income": 11900000.0,
        "Normalized Income": -1180000.0,
        "Net Income From Continuing And Discontinued Operation": -3100000.0,
        "Total Expenses": 581200000.0,
        "Rent Expense Supplemental": 79500000.0,
        "Total Operating Income As Reported": 28500000.0,
        "Diluted Average Shares": 118800000.0,
        "Basic Average Shares": 118800000.0,
        "Diluted EPS": -0.03,
        "Basic EPS": -0.03,
        "Diluted NI Availto Com Stockholders": -3100000.0,
        "Average Dilution Earnings": NaN,
        "Net Income Common Stockholders": -3100000.0,
        "Otherunder Preferred Stock Dividend": 0.0,
        "Net Income": -3100000.0,
        "Minority Interests": -600000.0,
        "Net Income Including Noncontrolling Interests": -2500000.0,
        "Net Income Continuous Operations": -2500000.0,
        "Tax Provision": -3900000.0,
        "Pretax Income": -6400000.0,
        "Other Income Expense": -5300000.0,
        "Special Income Charges": -1000000.0,
        "Gain On Sale Of Ppe": -300000.0,
        "Other Special Charges": NaN,
        "Impairment Of Capital Assets": 700000.0,
        "Restructuring And Mergern Acquisition": NaN,
        "Earnings From Equity Interest": -2100000.0,
        "Gain On Sale Of Security": -2200000.0,
        "Net Non Operating Interest Income Expense": -30600000.0,
        "Interest Expense Non Operating": 42500000.0,
        "Interest Income Non Operating": 11900000.0,
        "Operating Income": 29500000.0,
        "Operating Expense": 370900000.0,
        "Other Operating Expenses": 103800000.0,
        "Depreciation Amortization Depletion Income Statement": 54900000.0,
        "Depreciation And Amortization In Income Statement": 54900000.0,
        "Selling General And Administration": 316000000.0,
        "General And Administrative Expense": 316000000.0,
        "Other Gand A": 150300000.0,
        "Rent And Landing Fees": 79500000.0,
        "Salaries And Wages": 86200000.0,
        "Gross Profit": 400400000.0,
        "Cost Of Revenue": 210300000.0,
        "Total Revenue": 610700000.0,
        "Operating Revenue": 546800000.0
    },
    "2022-12-31": {
        "Tax Effect Of Unusual Items": -2330362.389814,
        "Tax Rate For Calcs": 0.032321,
        "Normalized EBITDA": 73600000.0,
        "Total Unusual Items": -72100000.0,
        "Total Unusual Items Excluding Goodwill": -72100000.0,
        "Net Income From Continuing Operation Net Minority Interest": -99300000.0,
        "Reconciled Depreciation": 57200000.0,
        "Reconciled Cost Of Revenue": 213800000.0,
        "EBITDA": 1500000.0,
        "EBIT": -55700000.0,
        "Net Interest Income": -37100000.0,
        "Interest Expense": 46400000.0,
        "Interest Income": 9300000.0,
        "Normalized Income": -29530362.389814,
        "Net Income From Continuing And Discontinued Operation": -99300000.0,
        "Total Expenses": 590800000.0,
        "Rent Expense Supplemental": 77100000.0,
        "Total Operating Income As Reported": -57000000.0,
        "Diluted Average Shares": 118500000.0,
        "Basic Average Shares": 118500000.0,
        "Diluted EPS": -0.82,
        "Basic EPS": -0.82,
        "Diluted NI Availto Com Stockholders": -97900000.0,
        "Average Dilution Earnings": NaN,
        "Net Income Common Stockholders": -97900000.0,
        "Otherunder Preferred Stock Dividend": -1400000.0,
        "Net Income": -99300000.0,
        "Minority Interests": -500000.0,
        "Net Income Including Noncontrolling Interests": -98800000.0,
        "Net Income Continuous Operations": -98800000.0,
        "Tax Provision": -3300000.0,
        "Pretax Income": -102100000.0,
        "Other Income Expense": -73900000.0,
        "Special Income Charges": -65900000.0,
        "Gain On Sale Of Ppe": 400000.0,
        "Other Special Charges": NaN,
        "Impairment Of Capital Assets": 66600000.0,
        "Restructuring And Mergern Acquisition": -300000.0,
        "Earnings From Equity Interest": -1800000.0,
        "Gain On Sale Of Security": -6200000.0,
        "Net Non Operating Interest Income Expense": -37100000.0,
        "Interest Expense Non Operating": 46400000.0,
        "Interest Income Non Operating": 9300000.0,
        "Operating Income": 8900000.0,
        "Operating Expense": 377000000.0,
        "Other Operating Expenses": NaN,
        "Depreciation Amortization Depletion Income Statement": 57200000.0,
        "Depreciation And Amortization In Income Statement": 57200000.0,
        "Selling General And Administration": -87400000.0,
        "General And Administrative Expense": -87400000.0,
        "Other Gand A": -260200000.0,
        "Rent And Landing Fees": 77100000.0,
        "Salaries And Wages": 95700000.0,
        "Gross Profit": 385900000.0,
        "Cost Of Revenue": 213800000.0,
        "Total Revenue": 599700000.0,
        "Operating Revenue": 530300000.0
    },
    "2022-09-30": {
        "Tax Effect Of Unusual Items": -8720000.0,
        "Tax Rate For Calcs": 0.4,
        "Normalized EBITDA": 103800000.0,
        "Total Unusual Items": -21800000.0,
        "Total Unusual Items Excluding Goodwill": -21800000.0,
        "Net Income From Continuing Operation Net Minority Interest": -24500000.0,
        "Reconciled Depreciation": 58300000.0,
        "Reconciled Cost Of Revenue": 227200000.0,
        "EBITDA": 82000000.0,
        "EBIT": 23700000.0,
        "Net Interest Income": -37800000.0,
        "Interest Expense": 44200000.0,
        "Interest Income": 6400000.0,
        "Normalized Income": -11420000.0,
        "Net Income From Continuing And Discontinued Operation": -24500000.0,
        "Total Expenses": 615200000.0,
        "Rent Expense Supplemental": 77200000.0,
        "Total Operating Income As Reported": 18800000.0,
        "Diluted Average Shares": 118400000.0,
        "Basic Average Shares": 118400000.0,
        "Diluted EPS": -0.2,
        "Basic EPS": -0.2,
        "Diluted NI Availto Com Stockholders": -24100000.0,
        "Average Dilution Earnings": NaN,
        "Net Income Common Stockholders": -24100000.0,
        "Otherunder Preferred Stock Dividend": -400000.0,
        "Net Income": -24500000.0,
        "Minority Interests": -600000.0,
        "Net Income Including Noncontrolling Interests": -23900000.0,
        "Net Income Continuous Operations": -23900000.0,
        "Tax Provision": 3400000.0,
        "Pretax Income": -20500000.0,
        "Other Income Expense": -17900000.0,
        "Special Income Charges": -16400000.0,
        "Gain On Sale Of Ppe": -1200000.0,
        "Other Special Charges": NaN,
        "Impairment Of Capital Assets": 15200000.0,
        "Restructuring And Mergern Acquisition": 0.0,
        "Earnings From Equity Interest": 3900000.0,
        "Gain On Sale Of Security": -5400000.0,
        "Net Non Operating Interest Income Expense": -37800000.0,
        "Interest Expense Non Operating": 44200000.0,
        "Interest Income Non Operating": 6400000.0,
        "Operating Income": 35200000.0,
        "Operating Expense": 388000000.0,
        "Other Operating Expenses": NaN,
        "Depreciation Amortization Depletion Income Statement": 58300000.0,
        "Depreciation And Amortization In Income Statement": 58300000.0,
        "Selling General And Administration": 329700000.0,
        "General And Administrative Expense": 329700000.0,
        "Other Gand A": 155500000.0,
        "Rent And Landing Fees": 77200000.0,
        "Salaries And Wages": 97000000.0,
        "Gross Profit": 423200000.0,
        "Cost Of Revenue": 227200000.0,
        "Total Revenue": 650400000.0,
        "Operating Revenue": 578200000.0
    },
    "2022-06-30": {
        "Tax Effect Of Unusual Items": -37800000.0,
        "Tax Rate For Calcs": 0.4,
        "Normalized EBITDA": 131400000.0,
        "Total Unusual Items": -94500000.0,
        "Total Unusual Items Excluding Goodwill": -94500000.0,
        "Net Income From Continuing Operation Net Minority Interest": -73400000.0,
        "Reconciled Depreciation": 61000000.0,
        "Reconciled Cost Of Revenue": 275100000.0,
        "EBITDA": 36900000.0,
        "EBIT": -24100000.0,
        "Net Interest Income": -40900000.0,
        "Interest Expense": 44000000.0,
        "Interest Income": 3100000.0,
        "Normalized Income": -16700000.0,
        "Net Income From Continuing And Discontinued Operation": -73400000.0,
        "Total Expenses": 671300000.0,
        "Rent Expense Supplemental": 80300000.0,
        "Total Operating Income As Reported": -18600000.0,
        "Diluted Average Shares": 118200000.0,
        "Basic Average Shares": 118200000.0,
        "Diluted EPS": -0.61,
        "Basic EPS": -0.61,
        "Diluted NI Availto Com Stockholders": -72000000.0,
        "Average Dilution Earnings": NaN,
        "Net Income Common Stockholders": -72000000.0,
        "Otherunder Preferred Stock Dividend": -1400000.0,
        "Net Income": -73400000.0,
        "Minority Interests": -600000.0,
        "Net Income Including Noncontrolling Interests": -72800000.0,
        "Net Income Continuous Operations": -72800000.0,
        "Tax Provision": 4700000.0,
        "Pretax Income": -68100000.0,
        "Other Income Expense": -100000000.0,
        "Special Income Charges": -91400000.0,
        "Gain On Sale Of Ppe": 700000.0,
        "Other Special Charges": NaN,
        "Impairment Of Capital Assets": 92300000.0,
        "Restructuring And Mergern Acquisition": -200000.0,
        "Earnings From Equity Interest": -5500000.0,
        "Gain On Sale Of Security": -3100000.0,
        "Net Non Operating Interest Income Expense": -40900000.0,
        "Interest Expense Non Operating": 44000000.0,
        "Interest Income Non Operating": 3100000.0,
        "Operating Income": 72800000.0,
        "Operating Expense": 396200000.0,
        "Other Operating Expenses": NaN,
        "Depreciation Amortization Depletion Income Statement": 61000000.0,
        "Depreciation And Amortization In Income Statement": 61000000.0,
        "Selling General And Administration": 335200000.0,
        "General And Administrative Expense": 335200000.0,
        "Other Gand A": 154700000.0,
        "Rent And Landing Fees": 80300000.0,
        "Salaries And Wages": 100200000.0,
        "Gross Profit": 469000000.0,
        "Cost Of Revenue": 275100000.0,
        "Total Revenue": 744100000.0,
        "Operating Revenue": 667900000.0
    },
    "2022-03-31": {
        "Diluted EPS": -0.62,
        "Total Revenue": 461,
        "Gross Profit": 142,
        "Operating Income": -33,
        "EBIT": 24,
        "Net Income": -74
    },
    "2021-12-31": {
        "Diluted EPS": 0.04,
        "Total Revenue": 667,
        "Gross Profit": 255,
        "Operating Income": 45,
        "EBIT": 104,
        "Net Income": 6
    },
    "2021-09-30": {
        "Diluted EPS": -0.65,
        "Total Revenue": 435,
        "Gross Profit": 139,
        "Operating Income": -43,
        "EBIT": 20,
        "Net Income": -78
    },
    "2021-06-30": {
        "Diluted EPS": -1.19,
        "Total Revenue": 295,
        "Gross Profit": 71,
        "Operating Income": -85,
        "EBIT": -23,
        "Net Income": -142
    },
    "2021-03-31": {
        "Diluted EPS": -1.75,
        "Total Revenue": 114,
        "Gross Profit": -30,
        "Operating Income": -170,
        "EBIT": -106,
        "Net Income": -208
    },
    "2020-12-31": {
        "Diluted EPS": -2.04,
        "Total Revenue": 98,
        "Gross Profit": -48,
        "Operating Income": -287,
        "EBIT": -228,
        "Net Income": -239
    },
    "2020-09-30": {
        "Diluted EPS": -1.25,
        "Total Revenue": 35,
        "Gross Profit": -86,
        "Operating Income": -211,
        "EBIT": -150,
        "Net Income": -148
    },
    "2020-06-30": {
        "Diluted EPS": -1.45,
        "Total Revenue": 9,
        "Gross Profit": -94,
        "Operating Income": -214,
        "EBIT": -154,
        "Net Income": -170
    },
    "2020-03-31": {
        "Diluted EPS": -0.51,
        "Total Revenue": 544,
        "Gross Profit": 169,
        "Operating Income": -43,
        "EBIT": 16,
        "Net Income": -60
    },
    "2019-12-31": {
        "Diluted EPS": 0.22,
        "Total Revenue": 789,
        "Gross Profit": 295,
        "Operating Income": 66,
        "EBIT": 131,
        "Net Income": 26
    },
    "2019-09-30": {
        "Diluted EPS": 0.27,
        "Total Revenue": 822,
        "Gross Profit": 304,
        "Operating Income": 59,
        "EBIT": 123,
        "Net Income": 31
    },
    "2019-06-30": {
        "Diluted EPS": 0.86,
        "Total Revenue": 958,
        "Gross Profit": 388,
        "Operating Income": 156,
        "EBIT": 218,
        "Net Income": 101
    },
    "2019-03-31": {
        "Diluted EPS": 0.28,
        "Total Revenue": 715,
        "Gross Profit": 265,
        "Operating Income": 57,
        "EBIT": 119,
        "Net Income": 33
    },
    "2018-12-31": {
        "Diluted EPS": 0.17,
        "Total Revenue": 798,
        "Gross Profit": 321,
        "Operating Income": 77,
        "EBIT": 141,
        "Net Income": 19
    },
    "2018-09-30": {
        "Diluted EPS": 0.43,
        "Total Revenue": 754,
        "Gross Profit": 288,
        "Operating Income": 83,
        "EBIT": 144,
        "Net Income": 50
    },
    "2018-06-30": {
        "Diluted EPS": 0.7,
        "Total Revenue": 889,
        "Gross Profit": 354,
        "Operating Income": 127,
        "EBIT": 187,
        "Net Income": 82
    },
    "2018-03-31": {
        "Diluted EPS": 0.53,
        "Total Revenue": 780,
        "Gross Profit": 307,
        "Operating Income": 102,
        "EBIT": 164,
        "Net Income": 62
    },
    "2017-12-31": {
        "Diluted EPS": 0.81,
        "Total Revenue": 750,
        "Gross Profit": 304,
        "Operating Income": 89,
        "EBIT": 150,
        "Net Income": 95
    },
    "2017-09-30": {
        "Diluted EPS": 0.33,
        "Total Revenue": 711,
        "Gross Profit": 270,
        "Operating Income": 74,
        "EBIT": 130,
        "Net Income": 38
    },
    "2017-06-30": {
        "Diluted EPS": 0.44,
        "Total Revenue": 751,
        "Gross Profit": 289,
        "Operating Income": 98,
        "EBIT": 155,
        "Net Income": 51
    },
    "2017-03-31": {
        "Diluted EPS": 0.68,
        "Total Revenue": 780,
        "Gross Profit": 312,
        "Operating Income": 131,
        "EBIT": 187,
        "Net Income": 79
    },
    "2016-12-31": {
        "Diluted EPS": 0.67,
        "Total Revenue": 701,
        "Gross Profit": 264,
        "Operating Income": 85,
        "EBIT": 136,
        "Net Income": 76
    },
    "2016-09-30": {
        "Diluted EPS": 0.56,
        "Total Revenue": 769,
        "Gross Profit": 299,
        "Operating Income": 118,
        "EBIT": 170,
        "Net Income": 66
    },
    "2016-06-30": {
        "Diluted EPS": 0.46,
        "Total Revenue": 744,
        "Gross Profit": 285,
        "Operating Income": 106,
        "EBIT": 156,
        "Net Income": 54
    },
    "2016-03-31": {
        "Diluted EPS": 0.5,
        "Total Revenue": 705,
        "Gross Profit": 276,
        "Operating Income": 115,
        "EBIT": 161,
        "Net Income": 59
    },
    "2015-12-31": {
        "Diluted EPS": 0.49,
        "Total Revenue": 707,
        "Gross Profit": 276,
        "Operating Income": 99,
        "EBIT": 145,
        "Net Income": 57
    },
    "2015-09-30": {
        "Diluted EPS": 0.4,
        "Total Revenue": 700,
        "Gross Profit": 262,
        "Operating Income": 99,
        "EBIT": 143,
        "Net Income": 46
    },
    "2015-06-30": {
        "Diluted EPS": 0.61,
        "Total Revenue": 800,
        "Gross Profit": 306,
        "Operating Income": 134,
        "EBIT": 180,
        "Net Income": 70
    },
    "2015-03-31": {
        "Diluted EPS": 0.37,
        "Total Revenue": 645,
        "Gross Profit": 242,
        "Operating Income": 90,
        "EBIT": 135,
        "Net Income": 43
    },
    "2014-12-31": {
        "Diluted EPS": 0.4,
        "Total Revenue": 660,
        "Gross Profit": 257,
        "Operating Income": 96,
        "EBIT": 138,
        "Net Income": 47
    },
    "2014-09-30": {
        "Diluted EPS": 0.33,
        "Total Revenue": 647,
        "Gross Profit": 238,
        "Operating Income": 82,
        "EBIT": 126,
        "Net Income": 38
    },
    "2014-06-30": {
        "Diluted EPS": 0.62,
        "Total Revenue": 718,
        "Gross Profit": 274,
        "Operating Income": 117,
        "EBIT": 159,
        "Net Income": 72
    },
    "2014-03-31": {
        "Diluted EPS": 0.31,
        "Total Revenue": 602,
        "Gross Profit": 217,
        "Operating Income": 68,
        "EBIT": 109,
        "Net Income": 35
    },
    "2013-12-31": {
        "Diluted EPS": 0.13,
        "Total Revenue": 652,
        "Gross Profit": 240,
        "Operating Income": 81,
        "EBIT": 123,
        "Net Income": 15
    },
    "2013-09-30": {
        "Diluted EPS": 0.69,
        "Total Revenue": 758,
        "Gross Profit": 294,
        "Operating Income": 135,
        "EBIT": 176,
        "Net Income": 79
    },
    "2013-06-30": {
        "Diluted EPS": 0.18,
        "Total Revenue": 726,
        "Gross Profit": 279,
        "Operating Income": 134,
        "EBIT": 172,
        "Net Income": 20
    },
    "2013-03-31": {
        "Diluted EPS": 0.28,
        "Total Revenue": 548,
        "Gross Profit": 201,
        "Operating Income": 66,
        "EBIT": 104,
        "Net Income": 33
    },
    "2012-12-31": {
        "Diluted EPS": 0.24,
        "Total Revenue": 612,
        "Gross Profit": 234,
        "Operating Income": 86,
        "EBIT": 123,
        "Net Income": 27
    },
    "2012-09-30": {
        "Diluted EPS": 0.41,
        "Total Revenue": 634,
        "Gross Profit": 239,
        "Operating Income": 94,
        "EBIT": 131,
        "Net Income": 47
    },
    "2012-06-30": {
        "Diluted EPS": 0.45,
        "Total Revenue": 650,
        "Gross Profit": 249,
        "Operating Income": 114,
        "EBIT": 151,
        "Net Income": 51
    },
    "2012-03-31": {
        "Diluted EPS": 0.37,
        "Total Revenue": 579,
        "Gross Profit": 220,
        "Operating Income": 89,
        "EBIT": 127,
        "Net Income": 42
    },
    "2011-12-31": {
        "Diluted EPS": 0.16,
        "Total Revenue": 536,
        "Gross Profit": 194,
        "Operating Income": 61,
        "EBIT": 97,
        "Net Income": 18
    },
    "2011-09-30": {
        "Diluted EPS": 0.41,
        "Total Revenue": 640,
        "Gross Profit": 237,
        "Operating Income": 101,
        "EBIT": 143,
        "Net Income": 46
    },
    "2011-06-30": {
        "Diluted EPS": 0.35,
        "Total Revenue": 621,
        "Gross Profit": 233,
        "Operating Income": 97,
        "EBIT": 138,
        "Net Income": 40
    },
    "2011-03-31": {
        "Diluted EPS": 0.22,
        "Total Revenue": 483,
        "Gross Profit": 168,
        "Operating Income": 49,
        "EBIT": 89,
        "Net Income": 25
    },
    "2010-12-31": {
        "Diluted EPS": 0.34,
        "Total Revenue": 525,
        "Gross Profit": 187,
        "Operating Income": 68,
        "EBIT": 108,
        "Net Income": 37
    },
    "2010-09-30": {
        "Diluted EPS": 0.29,
        "Total Revenue": 560,
        "Gross Profit": 202,
        "Operating Income": 74,
        "EBIT": 110,
        "Net Income": 33
    },
    "2010-06-30": {
        "Diluted EPS": 0.35,
        "Total Revenue": 539,
        "Gross Profit": 202,
        "Operating Income": 80,
        "EBIT": 116,
        "Net Income": 40
    },
    "2010-03-31": {
        "Diluted EPS": 0.31,
        "Total Revenue": 517,
        "Gross Profit": 187,
        "Operating Income": 72,
        "EBIT": 107,
        "Net Income": 35
    },
    "2009-12-31": {
        "Diluted EPS": 0.35,
        "Total Revenue": 536,
        "Gross Profit": 197,
        "Operating Income": 74,
        "EBIT": 112,
        "Net Income": 40
    },
    "2009-09-30": {
        "Diluted EPS": 0.19,
        "Total Revenue": 497,
        "Gross Profit": 174,
        "Operating Income": 56,
        "EBIT": 96,
        "Net Income": 21
    },
    "2009-06-30": {
        "Diluted EPS": 0.17,
        "Total Revenue": 518,
        "Gross Profit": 189,
        "Operating Income": 71,
        "EBIT": 110,
        "Net Income": 19
    },
    "2009-03-31": {
        "Diluted EPS": 0.16,
        "Total Revenue": 426,
        "Gross Profit": 154,
        "Operating Income": 51,
        "EBIT": 97,
        "Net Income": 18
    },
    "2023-06-30": {
        "Tax Effect Of Unusual Items": -1306932.931424,
        "Tax Rate For Calcs": 0.09269,
        "Normalized EBITDA": 242400000.0,
        "Total Unusual Items": -14100000.0,
        "Total Unusual Items Excluding Goodwill": -14100000.0,
        "Net Income From Continuing Operation Net Minority Interest": 119100000.0,
        "Reconciled Depreciation": 52800000.0,
        "Reconciled Cost Of Revenue": 345400000.0,
        "EBITDA": 228300000.0,
        "EBIT": 175500000.0,
        "Net Interest Income": -29800000.0,
        "Interest Expense": 42800000.0,
        "Interest Income": 13000000.0,
        "Normalized Income": 131893067.068576,
        "Net Income From Continuing And Discontinued Operation": 119100000.0,
        "Total Expenses": 767500000.0,
        "Rent Expense Supplemental": 87000000.0,
        "Total Operating Income As Reported": 168400000.0,
        "Diluted Average Shares": 151700000.0,
        "Basic Average Shares": 119100000.0,
        "Diluted EPS": 0.8,
        "Basic EPS": 0.98,
        "Diluted NI Availto Com Stockholders": 121400000.0,
        "Average Dilution Earnings": 4600000.0,
        "Net Income Common Stockholders": 116800000.0,
        "Otherunder Preferred Stock Dividend": 2300000.0,
        "Net Income": 119100000.0,
        "Minority Interests": -1300000.0,
        "Net Income Including Noncontrolling Interests": 120400000.0,
        "Net Income Continuous Operations": 120400000.0,
        "Tax Provision": 12300000.0,
        "Pretax Income": 132700000.0,
        "Other Income Expense": -12300000.0,
        "Special Income Charges": -17100000.0,
        "Gain On Sale Of Ppe": 3000000.0,
        "Other Special Charges": 10700000.0,
        "Impairment Of Capital Assets": 9400000.0,
        "Restructuring And Mergern Acquisition": 0.0,
        "Earnings From Equity Interest": 1800000.0,
        "Gain On Sale Of Security": 3000000.0,
        "Net Non Operating Interest Income Expense": -29800000.0,
        "Interest Expense Non Operating": 42800000.0,
        "Interest Income Non Operating": 13000000.0,
        "Operating Income": 174800000.0,
        "Operating Expense": 422100000.0,
        "Other Operating Expenses": NaN,
        "Depreciation Amortization Depletion Income Statement": 52800000.0,
        "Depreciation And Amortization In Income Statement": 52800000.0,
        "Selling General And Administration": 369300000.0,
        "General And Administrative Expense": 369300000.0,
        "Other Gand A": 170200000.0,
        "Rent And Landing Fees": 87000000.0,
        "Salaries And Wages": 112100000.0,
        "Gross Profit": 596900000.0,
        "Cost Of Revenue": 345400000.0,
        "Total Revenue": 942300000.0,
        "Operating Revenue": 851800000.0
    }
}