{
    "2023-06-30": {
        "Tax Effect Of Unusual Items": 0.0,
        "Tax Rate For Calcs": 0.212,
        "Normalized EBITDA": 45483000.0,
        "Net Income From Continuing Operation Net Minority Interest": 13732000.0,
        "Reconciled Depreciation": 18065000.0,
        "Reconciled Cost Of Revenue": 146962000.0,
        "EBITDA": 45483000.0,
        "EBIT": 27418000.0,
        "Net Interest Income": -9997000.0,
        "Interest Expense": 9997000.0,
        "Normalized Income": 13732000.0,
        "Net Income From Continuing And Discontinued Operation": 13732000.0,
        "Total Expenses": 290234000.0,
        "Total Operating Income As Reported": 27418000.0,
        "Diluted Average Shares": 31795000.0,
        "Basic Average Shares": 30662000.0,
        "Diluted EPS": 0.43,
        "Basic EPS": 0.45,
        "Diluted NI Availto Com Stockholders": 13732000.0,
        "Net Income Common Stockholders": 13732000.0,
        "Net Income": 13732000.0,
        "Net Income Including Noncontrolling Interests": 13732000.0,
        "Net Income Continuous Operations": 13732000.0,
        "Tax Provision": 3689000.0,
        "Pretax Income": 17421000.0,
        "Other Income Expense": NaN,
        "Net Non Operating Interest Income Expense": -9997000.0,
        "Interest Expense Non Operating": 9997000.0,
        "Operating Income": 27418000.0,
        "Operating Expense": 143272000.0,
        "Research And Development": 13572000.0,
        "Selling General And Administration": 129700000.0,
        "Gross Profit": 170690000.0,
        "Cost Of Revenue": 146962000.0,
        "Total Revenue": 317652000.0,
        "Operating Revenue": 317652000.0
    },
    "2023-03-31": {
        "Tax Effect Of Unusual Items": 0.0,
        "Tax Rate For Calcs": 0.256,
        "Normalized EBITDA": 30633000.0,
        "Net Income From Continuing Operation Net Minority Interest": 1819000.0,
        "Reconciled Depreciation": 17934000.0,
        "Reconciled Cost Of Revenue": 140147000.0,
        "EBITDA": 30633000.0,
        "EBIT": 12699000.0,
        "Net Interest Income": -10255000.0,
        "Interest Expense": 10255000.0,
        "Normalized Income": 1819000.0,
        "Net Income From Continuing And Discontinued Operation": 1819000.0,
        "Total Expenses": 282769000.0,
        "Total Operating Income As Reported": 12699000.0,
        "Diluted Average Shares": 31204000.0,
        "Basic Average Shares": 30511000.0,
        "Diluted EPS": 0.06,
        "Basic EPS": 0.06,
        "Diluted NI Availto Com Stockholders": 1819000.0,
        "Net Income Common Stockholders": 1819000.0,
        "Net Income": 1819000.0,
        "Net Income Including Noncontrolling Interests": 1819000.0,
        "Net Income Continuous Operations": 1819000.0,
        "Tax Provision": 625000.0,
        "Pretax Income": 2444000.0,
        "Other Income Expense": NaN,
        "Net Non Operating Interest Income Expense": -10255000.0,
        "Interest Expense Non Operating": 10255000.0,
        "Operating Income": 12699000.0,
        "Operating Expense": 142622000.0,
        "Research And Development": 12539000.0,
        "Selling General And Administration": 130083000.0,
        "Gross Profit": 155321000.0,
        "Cost Of Revenue": 140147000.0,
        "Total Revenue": 295468000.0,
        "Operating Revenue": 295468000.0
    },
    "2022-12-31": {
        "Tax Effect Of Unusual Items": NaN,
        "Tax Rate For Calcs": NaN,
        "Normalized EBITDA": NaN,
        "Net Income From Continuing Operation Net Minority Interest": NaN,
        "Reconciled Depreciation": NaN,
        "Reconciled Cost Of Revenue": NaN,
        "EBITDA": NaN,
        "EBIT": NaN,
        "Net Interest Income": NaN,
        "Interest Expense": NaN,
        "Normalized Income": NaN,
        "Net Income From Continuing And Discontinued Operation": NaN,
        "Total Expenses": NaN,
        "Total Operating Income As Reported": NaN,
        "Diluted Average Shares": NaN,
        "Basic Average Shares": NaN,
        "Diluted EPS": NaN,
        "Basic EPS": NaN,
        "Diluted NI Availto Com Stockholders": NaN,
        "Net Income Common Stockholders": NaN,
        "Net Income": NaN,
        "Net Income Including Noncontrolling Interests": NaN,
        "Net Income Continuous Operations": NaN,
        "Tax Provision": NaN,
        "Pretax Income": NaN,
        "Other Income Expense": 0.0,
        "Net Non Operating Interest Income Expense": NaN,
        "Interest Expense Non Operating": NaN,
        "Operating Income": NaN,
        "Operating Expense": NaN,
        "Research And Development": NaN,
        "Selling General And Administration": NaN,
        "Gross Profit": NaN,
        "Cost Of Revenue": NaN,
        "Total Revenue": NaN,
        "Operating Revenue": NaN
    },
    "2022-09-30": {
        "Tax Effect Of Unusual Items": NaN,
        "Tax Rate For Calcs": NaN,
        "Normalized EBITDA": NaN,
        "Total Unusual Items": 0.0,
        "Total Unusual Items Excluding Goodwill": 0.0,
        "Net Income From Continuing Operation Net Minority Interest": NaN,
        "Reconciled Depreciation": NaN,
        "Reconciled Cost Of Revenue": NaN,
        "EBITDA": NaN,
        "EBIT": NaN,
        "Net Interest Income": NaN,
        "Interest Expense": NaN,
        "Normalized Income": NaN,
        "Net Income From Continuing And Discontinued Operation": NaN,
        "Total Expenses": NaN,
        "Total Operating Income As Reported": NaN,
        "Diluted Average Shares": NaN,
        "Basic Average Shares": NaN,
        "Diluted EPS": NaN,
        "Basic EPS": NaN,
        "Diluted NI Availto Com Stockholders": NaN,
        "Net Income Common Stockholders": NaN,
        "Net Income": NaN,
        "Net Income Including Noncontrolling Interests": NaN,
        "Net Income Continuous Operations": NaN,
        "Tax Provision": NaN,
        "Pretax Income": NaN,
        "Other Income Expense": NaN,
        "Special Income Charges": 0.0,
        "Net Non Operating Interest Income Expense": NaN,
        "Interest Expense Non Operating": NaN,
        "Operating Income": NaN,
        "Operating Expense": NaN,
        "Research And Development": NaN,
        "Selling General And Administration": NaN,
        "Gross Profit": NaN,
        "Cost Of Revenue": NaN,
        "Total Revenue": NaN,
        "Operating Revenue": NaN
    },
    "2022-06-30": {
        "Tax Effect Of Unusual Items": 0.0,
        "Tax Rate For Calcs": 0.4,
        "Normalized EBITDA": -87553000.0,
        "Total Unusual Items": -112011000.0,
        "Total Unusual Items Excluding Goodwill": -112011000.0,
        "Net Income From Continuing Operation Net Minority Interest": -168291000.0,
        "Reconciled Depreciation": 17324000.0,
        "Reconciled Cost Of Revenue": 125413000.0,
        "EBITDA": -87553000.0,
        "EBIT": -87553000.0,
        "Net Interest Income": -5928000.0,
        "Interest Expense": 5928000.0,
        "Normalized Income": -168291000.0,
        "Net Income From Continuing And Discontinued Operation": -168291000.0,
        "Total Expenses": 252732000.0,
        "Total Operating Income As Reported": 24458000.0,
        "Diluted Average Shares": 29775000.0,
        "Basic Average Shares": 29775000.0,
        "Diluted EPS": -5.65,
        "Basic EPS": -5.65,
        "Diluted NI Availto Com Stockholders": -168291000.0,
        "Net Income Common Stockholders": -168291000.0,
        "Net Income": -168291000.0,
        "Net Income Including Noncontrolling Interests": -168291000.0,
        "Net Income Continuous Operations": -168291000.0,
        "Tax Provision": 74810000.0,
        "Pretax Income": -93481000.0,
        "Other Income Expense": -112011000.0,
        "Other Non Operating Income Expenses": -112011000.0,
        "Special Income Charges": -106551000.0,
        "Other Special Charges": 106551000.0,
        "Gain On Sale Of Security": -5460000.0,
        "Net Non Operating Interest Income Expense": -5928000.0,
        "Interest Expense Non Operating": 5928000.0,
        "Operating Income": 24458000.0,
        "Operating Expense": 127319000.0,
        "Research And Development": 11493000.0,
        "Selling General And Administration": 115826000.0,
        "Gross Profit": 151777000.0,
        "Cost Of Revenue": 125413000.0,
        "Total Revenue": 277190000.0,
        "Operating Revenue": 277190000.0
    },
    "2022-03-31": {
        "Diluted EPS": 0.47,
        "Total Revenue": 242,
        "Gross Profit": 136,
        "Operating Income": 22,
        "EBIT": 40,
        "Net Income": 15
    },
    "2021-12-31": {
        "Diluted EPS": 0.75,
        "Total Revenue": 274,
        "Gross Profit": 156,
        "Operating Income": 37,
        "EBIT": 58,
        "Net Income": 24
    },
    "2021-09-30": {
        "Diluted EPS": 0.47,
        "Total Revenue": 249,
        "Gross Profit": 142,
        "Operating Income": 27,
        "EBIT": 47,
        "Net Income": 15
    },
    "2021-06-30": {
        "Diluted EPS": 0.41,
        "Total Revenue": 255,
        "Gross Profit": 141,
        "Operating Income": 26,
        "EBIT": 47,
        "Net Income": 13
    },
    "2021-03-31": {
        "Diluted EPS": 0.31,
        "Total Revenue": 233,
        "Gross Profit": 128,
        "Operating Income": 20,
        "EBIT": 42,
        "Net Income": 10
    },
    "2020-12-31": {
        "Diluted EPS": 0.85,
        "Total Revenue": 253,
        "Gross Profit": 136,
        "Operating Income": 25,
        "EBIT": 46,
        "Net Income": 24
    },
    "2020-09-30": {
        "Diluted EPS": 0.23,
        "Total Revenue": 238,
        "Gross Profit": 134,
        "Operating Income": 29,
        "EBIT": 51,
        "Net Income": 7
    },
    "2020-06-30": {
        "Diluted EPS": -0.96,
        "Total Revenue": 158,
        "Gross Profit": 72,
        "Operating Income": -21,
        "EBIT": 0,
        "Net Income": -27
    },
    "2020-03-31": {
        "Diluted EPS": 0.2,
        "Total Revenue": 214,
        "Gross Profit": 119,
        "Operating Income": 13,
        "EBIT": 35,
        "Net Income": 6
    },
    "2019-12-31": {
        "Diluted EPS": 0.51,
        "Total Revenue": 265,
        "Gross Profit": 142,
        "Operating Income": 28,
        "EBIT": 50,
        "Net Income": 15
    },
    "2019-09-30": {
        "Diluted EPS": 0.23,
        "Total Revenue": 234,
        "Gross Profit": 130,
        "Operating Income": 21,
        "EBIT": 43,
        "Net Income": 7
    },
    "2019-06-30": {
        "Diluted EPS": 0.19,
        "Total Revenue": 238,
        "Gross Profit": 131,
        "Operating Income": 19,
        "EBIT": 40,
        "Net Income": 6
    },
    "2019-03-31": {
        "Diluted EPS": 0.04,
        "Total Revenue": 218,
        "Gross Profit": 121,
        "Operating Income": 12,
        "EBIT": 30,
        "Net Income": 1
    },
    "2018-12-31": {
        "Diluted EPS": 0.54,
        "Total Revenue": 242,
        "Gross Profit": 133,
        "Operating Income": 26,
        "EBIT": 41,
        "Net Income": 16
    },
    "2018-09-30": {
        "Diluted EPS": 0.2,
        "Total Revenue": 202,
        "Gross Profit": 111,
        "Operating Income": 12,
        "EBIT": 27,
        "Net Income": 6
    },
    "2018-06-30": {
        "Diluted EPS": 0.3,
        "Total Revenue": 213,
        "Gross Profit": 116,
        "Operating Income": 17,
        "EBIT": 32,
        "Net Income": 9
    },
    "2018-03-31": {
        "Diluted EPS": 0.37,
        "Total Revenue": 202,
        "Gross Profit": 110,
        "Operating Income": 17,
        "EBIT": 33,
        "Net Income": 11
    },
    "2017-12-31": {
        "Diluted EPS": 1.65,
        "Total Revenue": 223,
        "Gross Profit": 124,
        "Operating Income": 23,
        "EBIT": 39,
        "Net Income": 47
    },
    "2017-09-30": {
        "Diluted EPS": 0.26,
        "Total Revenue": 190,
        "Gross Profit": 103,
        "Operating Income": 13,
        "EBIT": 28,
        "Net Income": 7
    },
    "2017-06-30": {
        "Diluted EPS": 0.22,
        "Total Revenue": 197,
        "Gross Profit": 105,
        "Operating Income": 13,
        "EBIT": 27,
        "Net Income": 6
    },
    "2017-03-31": {
        "Diluted EPS": -0.16,
        "Total Revenue": 187,
        "Gross Profit": 100,
        "Operating Income": -2,
        "EBIT": 11,
        "Net Income": -5
    },
    "2016-12-31": {
        "Diluted EPS": 0.24,
        "Total Revenue": 204,
        "Gross Profit": 107,
        "Operating Income": 13,
        "EBIT": 27,
        "Net Income": 7
    },
    "2016-09-30": {
        "Diluted EPS": 0.26,
        "Total Revenue": 185,
        "Gross Profit": 101,
        "Operating Income": 14,
        "EBIT": 28,
        "Net Income": 7
    },
    "2016-06-30": {
        "Diluted EPS": 0.1,
        "Total Revenue": 193,
        "Gross Profit": 102,
        "Operating Income": 8,
        "EBIT": 22,
        "Net Income": 3
    },
    "2016-03-31": {
        "Diluted EPS": -0.08,
        "Total Revenue": 181,
        "Gross Profit": 98,
        "Operating Income": 4,
        "EBIT": 17,
        "Net Income": -2
    },
    "2015-12-31": {
        "Diluted EPS": 0.27,
        "Total Revenue": 191,
        "Gross Profit": 102,
        "Operating Income": 13,
        "EBIT": 25,
        "Net Income": 8
    },
    "2015-09-30": {
        "Diluted EPS": 0.32,
        "Total Revenue": 169,
        "Gross Profit": 94,
        "Operating Income": 15,
        "EBIT": 26,
        "Net Income": 9
    },
    "2015-06-30": {
        "Diluted EPS": 0.27,
        "Total Revenue": 181,
        "Gross Profit": 93,
        "Operating Income": 12,
        "EBIT": 23,
        "Net Income": 7
    },
    "2015-03-31": {
        "Diluted EPS": 0.23,
        "Total Revenue": 178,
        "Gross Profit": 92,
        "Operating Income": 11,
        "EBIT": 21,
        "Net Income": 6
    },
    "2014-12-31": {
        "Diluted EPS": 0.41,
        "Total Revenue": 195,
        "Gross Profit": 104,
        "Operating Income": 17,
        "EBIT": 29,
        "Net Income": 11
    },
    "2014-09-30": {
        "Diluted EPS": 0.07,
        "Total Revenue": 175,
        "Gross Profit": 96,
        "Operating Income": 2,
        "EBIT": 14,
        "Net Income": 2
    },
    "2014-06-30": {
        "Diluted EPS": 0.37,
        "Total Revenue": 188,
        "Gross Profit": 101,
        "Operating Income": 16,
        "EBIT": 27,
        "Net Income": 10
    },
    "2014-03-31": {
        "Diluted EPS": 0.31,
        "Total Revenue": 182,
        "Gross Profit": 103,
        "Operating Income": 17,
        "EBIT": 28,
        "Net Income": 9
    },
    "2013-12-31": {
        "Diluted EPS": 0.37,
        "Total Revenue": 203,
        "Gross Profit": 111,
        "Operating Income": 16,
        "EBIT": 29,
        "Net Income": 10
    },
    "2013-09-30": {
        "Diluted EPS": 0.2,
        "Total Revenue": 179,
        "Gross Profit": 95,
        "Operating Income": 9,
        "EBIT": 21,
        "Net Income": 6
    },
    "2013-06-30": {
        "Diluted EPS": 0.34,
        "Total Revenue": 193,
        "Gross Profit": 103,
        "Operating Income": 16,
        "EBIT": 28,
        "Net Income": 10
    },
    "2013-03-31": {
        "Diluted EPS": 0.37,
        "Total Revenue": 187,
        "Gross Profit": 103,
        "Operating Income": 16,
        "EBIT": 28,
        "Net Income": 10
    },
    "2012-12-31": {
        "Diluted EPS": 0.38,
        "Total Revenue": 201,
        "Gross Profit": 107,
        "Operating Income": 17,
        "EBIT": 29,
        "Net Income": 11
    },
    "2012-09-30": {
        "Diluted EPS": 0.32,
        "Total Revenue": 182,
        "Gross Profit": 98,
        "Operating Income": 14,
        "EBIT": 26,
        "Net Income": 9
    },
    "2012-06-30": {
        "Diluted EPS": 0.36,
        "Total Revenue": 190,
        "Gross Profit": 100,
        "Operating Income": 17,
        "EBIT": 28,
        "Net Income": 10
    },
    "2012-03-31": {
        "Diluted EPS": 0.35,
        "Total Revenue": 194,
        "Gross Profit": 101,
        "Operating Income": 17,
        "EBIT": 29,
        "Net Income": 10
    },
    "2011-12-31": {
        "Diluted EPS": -0.87,
        "Total Revenue": 186,
        "Gross Profit": 96,
        "Operating Income": -42,
        "EBIT": 30,
        "Net Income": -25
    },
    "2011-09-30": {
        "Diluted EPS": 0.29,
        "Total Revenue": 173,
        "Gross Profit": 91,
        "Operating Income": 16,
        "EBIT": 27,
        "Net Income": 8
    },
    "2011-06-30": {
        "Diluted EPS": 0.3,
        "Total Revenue": 183,
        "Gross Profit": 91,
        "Operating Income": 17,
        "EBIT": 27,
        "Net Income": 9
    },
    "2011-03-31": {
        "Diluted EPS": 0.31,
        "Total Revenue": 183,
        "Gross Profit": 96,
        "Operating Income": 17,
        "EBIT": 28,
        "Net Income": 9
    },
    "2010-12-31": {
        "Diluted EPS": 0.24,
        "Total Revenue": 184,
        "Gross Profit": 91,
        "Operating Income": 14,
        "EBIT": 24,
        "Net Income": 7
    },
    "2010-09-30": {
        "Diluted EPS": 0.31,
        "Total Revenue": 172,
        "Gross Profit": 89,
        "Operating Income": 15,
        "EBIT": 26,
        "Net Income": 9
    },
    "2010-06-30": {
        "Diluted EPS": 0.25,
        "Total Revenue": 181,
        "Gross Profit": 94,
        "Operating Income": 15,
        "EBIT": 25,
        "Net Income": 7
    },
    "2010-03-31": {
        "Diluted EPS": 0.25,
        "Total Revenue": 176,
        "Gross Profit": 92,
        "Operating Income": 14,
        "EBIT": 24,
        "Net Income": 7
    },
    "2009-12-31": {
        "Diluted EPS": 0.18,
        "Total Revenue": 191,
        "Gross Profit": 96,
        "Operating Income": 11,
        "EBIT": 22,
        "Net Income": 5
    },
    "2009-09-30": {
        "Diluted EPS": 0.04,
        "Total Revenue": 175,
        "Gross Profit": 88,
        "Operating Income": 5,
        "EBIT": 16,
        "Net Income": 1
    },
    "2009-06-30": {
        "Diluted EPS": 0.05,
        "Total Revenue": 165,
        "Gross Profit": 77,
        "Operating Income": 5,
        "EBIT": 15,
        "Net Income": 1
    },
    "2009-03-31": {
        "Diluted EPS": 0.15,
        "Total Revenue": 164,
        "Gross Profit": 76,
        "Operating Income": 7,
        "EBIT": 17,
        "Net Income": 4
    },
    "2023-09-30": {
        "Tax Effect Of Unusual Items": 0.0,
        "Tax Rate For Calcs": 0.219,
        "Normalized EBITDA": 48173000.0,
        "Net Income From Continuing Operation Net Minority Interest": 15837000.0,
        "Reconciled Depreciation": 17873000.0,
        "Reconciled Cost Of Revenue": 136519000.0,
        "EBITDA": 48173000.0,
        "EBIT": 30300000.0,
        "Net Interest Income": -10019000.0,
        "Interest Expense": 10019000.0,
        "Normalized Income": 15837000.0,
        "Net Income From Continuing And Discontinued Operation": 15837000.0,
        "Total Expenses": 274278000.0,
        "Total Operating Income As Reported": 30300000.0,
        "Diluted Average Shares": 31689000.0,
        "Basic Average Shares": 30741000.0,
        "Diluted EPS": 0.5,
        "Basic EPS": 0.52,
        "Diluted NI Availto Com Stockholders": 15837000.0,
        "Net Income Common Stockholders": 15837000.0,
        "Net Income": 15837000.0,
        "Net Income Including Noncontrolling Interests": 15837000.0,
        "Net Income Continuous Operations": 15837000.0,
        "Tax Provision": 4444000.0,
        "Pretax Income": 20281000.0,
        "Other Income Expense": NaN,
        "Net Non Operating Interest Income Expense": -10019000.0,
        "Interest Expense Non Operating": 10019000.0,
        "Operating Income": 30300000.0,
        "Operating Expense": 137759000.0,
        "Research And Development": 12464000.0,
        "Selling General And Administration": 125295000.0,
        "Gross Profit": 168059000.0,
        "Cost Of Revenue": 136519000.0,
        "Total Revenue": 304578000.0,
        "Operating Revenue": 304578000.0
    },
    "2023-12-31": {
        "Tax Effect Of Unusual Items": 0.0,
        "Tax Rate For Calcs": 0.187105,
        "Normalized EBITDA": 68189000.0,
        "Net Income From Continuing Operation Net Minority Interest": 33071000.0,
        "Reconciled Depreciation": 18002000.0,
        "Reconciled Cost Of Revenue": 144870000.0,
        "EBITDA": 68189000.0,
        "EBIT": 50187000.0,
        "Net Interest Income": -9504000.0,
        "Interest Expense": 9504000.0,
        "Normalized Income": 33071000.0,
        "Net Income From Continuing And Discontinued Operation": 33071000.0,
        "Total Expenses": 276858000.0,
        "Total Operating Income As Reported": 50187000.0,
        "Diluted Average Shares": 31502000.0,
        "Basic Average Shares": 30759000.0,
        "Diluted EPS": 1.05,
        "Basic EPS": 1.08,
        "Diluted NI Availto Com Stockholders": 33071000.0,
        "Net Income Common Stockholders": 33071000.0,
        "Net Income": 33071000.0,
        "Net Income Including Noncontrolling Interests": 33071000.0,
        "Net Income Continuous Operations": 33071000.0,
        "Tax Provision": 7612000.0,
        "Pretax Income": 40683000.0,
        "Other Income Expense": NaN,
        "Net Non Operating Interest Income Expense": -9504000.0,
        "Interest Expense Non Operating": 9504000.0,
        "Operating Income": 50187000.0,
        "Operating Expense": 131988000.0,
        "Research And Development": 14028000.0,
        "Selling General And Administration": 117960000.0,
        "Gross Profit": 182175000.0,
        "Cost Of Revenue": 144870000.0,
        "Total Revenue": 327045000.0,
        "Operating Revenue": 327045000.0
    },
    "2024-03-31": {
        "Tax Effect Of Unusual Items": 0.0,
        "Tax Rate For Calcs": 0.225,
        "Normalized EBITDA": 53051000.0,
        "Net Income From Continuing Operation Net Minority Interest": 19709000.0,
        "Reconciled Depreciation": 18038000.0,
        "Reconciled Cost Of Revenue": 140308000.0,
        "EBITDA": 53051000.0,
        "EBIT": 35013000.0,
        "Net Interest Income": -9594000.0,
        "Interest Expense": 9594000.0,
        "Normalized Income": 19709000.0,
        "Net Income From Continuing And Discontinued Operation": 19709000.0,
        "Total Expenses": 277260000.0,
        "Total Operating Income As Reported": 35013000.0,
        "Diluted Average Shares": 31272000.0,
        "Basic Average Shares": 30780000.0,
        "Diluted EPS": 0.63,
        "Basic EPS": 0.64,
        "Diluted NI Availto Com Stockholders": 19709000.0,
        "Net Income Common Stockholders": 19709000.0,
        "Net Income": 19709000.0,
        "Net Income Including Noncontrolling Interests": 19709000.0,
        "Net Income Continuous Operations": 19709000.0,
        "Tax Provision": 5710000.0,
        "Pretax Income": 25419000.0,
        "Other Income Expense": NaN,
        "Net Non Operating Interest Income Expense": -9594000.0,
        "Interest Expense Non Operating": 9594000.0,
        "Operating Income": 35013000.0,
        "Operating Expense": 136952000.0,
        "Research And Development": 13594000.0,
        "Selling General And Administration": 123358000.0,
        "Gross Profit": 171965000.0,
        "Cost Of Revenue": 140308000.0,
        "Total Revenue": 312273000.0,
        "Operating Revenue": 312273000.0
    }
}