{
    "2023-03-31": {
        "Tax Effect Of Unusual Items": 0.0,
        "Tax Rate For Calcs": 0.094,
        "Normalized EBITDA": 42200000.0,
        "Net Income From Continuing Operation Net Minority Interest": -4100000.0,
        "Reconciled Depreciation": 10000000.0,
        "Reconciled Cost Of Revenue": 142300000.0,
        "EBITDA": 42200000.0,
        "EBIT": 32200000.0,
        "Net Interest Income": -1600000.0,
        "Interest Expense": 4400000.0,
        "Interest Income": 2800000.0,
        "Normalized Income": -4100000.0,
        "Net Income From Continuing And Discontinued Operation": -4100000.0,
        "Total Expenses": 177000000.0,
        "Total Operating Income As Reported": -22700000.0,
        "Diluted Average Shares": 76100000.0,
        "Basic Average Shares": 76100000.0,
        "Diluted EPS": -0.05,
        "Basic EPS": -0.05,
        "Diluted NI Availto Com Stockholders": -4100000.0,
        "Net Income Common Stockholders": -4100000.0,
        "Net Income": -4100000.0,
        "Minority Interests": 2800000.0,
        "Net Income Including Noncontrolling Interests": -6900000.0,
        "Net Income Continuous Operations": -6900000.0,
        "Earnings From Equity Interest Net Of Tax": -32100000.0,
        "Tax Provision": 2600000.0,
        "Pretax Income": 27800000.0,
        "Other Income Expense": 52100000.0,
        "Other Non Operating Income Expenses": 52100000.0,
        "Net Non Operating Interest Income Expense": -1600000.0,
        "Interest Expense Non Operating": 4400000.0,
        "Interest Income Non Operating": 2800000.0,
        "Operating Income": -22700000.0,
        "Operating Expense": 29800000.0,
        "Other Operating Expenses": 24700000.0,
        "Depreciation Amortization Depletion Income Statement": 5100000.0,
        "Depreciation And Amortization In Income Statement": 5100000.0,
        "Gross Profit": 7100000.0,
        "Cost Of Revenue": 147200000.0,
        "Total Revenue": 154300000.0,
        "Operating Revenue": 148500000.0
    },
    "2022-12-31": {
        "Tax Effect Of Unusual Items": 0.0,
        "Tax Rate For Calcs": 0.266749,
        "Normalized EBITDA": 95900000.0,
        "Net Income From Continuing Operation Net Minority Interest": 27500000.0,
        "Reconciled Depreciation": 11600000.0,
        "Reconciled Cost Of Revenue": 140500000.0,
        "EBITDA": 95900000.0,
        "EBIT": 84300000.0,
        "Net Interest Income": -1300000.0,
        "Interest Expense": 3700000.0,
        "Interest Income": 2400000.0,
        "Normalized Income": 27500000.0,
        "Net Income From Continuing And Discontinued Operation": 27500000.0,
        "Total Expenses": 176400000.0,
        "Total Operating Income As Reported": -20700000.0,
        "Diluted Average Shares": 77500000.0,
        "Basic Average Shares": 77500000.0,
        "Diluted EPS": 0.35,
        "Basic EPS": 0.35,
        "Diluted NI Availto Com Stockholders": 27500000.0,
        "Net Income Common Stockholders": 27500000.0,
        "Net Income": 27500000.0,
        "Minority Interests": -1700000.0,
        "Net Income Including Noncontrolling Interests": 29200000.0,
        "Net Income Continuous Operations": 29200000.0,
        "Earnings From Equity Interest Net Of Tax": -29900000.0,
        "Tax Provision": 21500000.0,
        "Pretax Income": 80600000.0,
        "Other Income Expense": 102600000.0,
        "Other Non Operating Income Expenses": 102600000.0,
        "Net Non Operating Interest Income Expense": -1300000.0,
        "Interest Expense Non Operating": 3700000.0,
        "Interest Income Non Operating": 2400000.0,
        "Operating Income": -20700000.0,
        "Operating Expense": 29400000.0,
        "Other Operating Expenses": 24300000.0,
        "Depreciation Amortization Depletion Income Statement": 5100000.0,
        "Depreciation And Amortization In Income Statement": 5100000.0,
        "Gross Profit": 8700000.0,
        "Cost Of Revenue": 147000000.0,
        "Total Revenue": 155700000.0,
        "Operating Revenue": 147200000.0
    },
    "2022-09-30": {
        "Tax Effect Of Unusual Items": 0.0,
        "Tax Rate For Calcs": 0.113,
        "Normalized EBITDA": 164400000.0,
        "Net Income From Continuing Operation Net Minority Interest": 55300000.0,
        "Reconciled Depreciation": 10700000.0,
        "Reconciled Cost Of Revenue": 148500000.0,
        "EBITDA": 164400000.0,
        "EBIT": 153700000.0,
        "Net Interest Income": -3600000.0,
        "Interest Expense": 3600000.0,
        "Interest Income": 0.0,
        "Normalized Income": 55300000.0,
        "Net Income From Continuing And Discontinued Operation": 55300000.0,
        "Total Expenses": 185800000.0,
        "Total Operating Income As Reported": -21300000.0,
        "Diluted Average Shares": 79600000.0,
        "Basic Average Shares": 79600000.0,
        "Diluted EPS": 0.69,
        "Basic EPS": 0.69,
        "Diluted NI Availto Com Stockholders": 55300000.0,
        "Net Income Common Stockholders": 55300000.0,
        "Net Income": 55300000.0,
        "Minority Interests": 100000.0,
        "Net Income Including Noncontrolling Interests": 55200000.0,
        "Net Income Continuous Operations": 55200000.0,
        "Earnings From Equity Interest Net Of Tax": -77900000.0,
        "Tax Provision": 17000000.0,
        "Pretax Income": 150100000.0,
        "Other Income Expense": 175000000.0,
        "Other Non Operating Income Expenses": 175000000.0,
        "Net Non Operating Interest Income Expense": -3600000.0,
        "Interest Expense Non Operating": 3600000.0,
        "Interest Income Non Operating": 0.0,
        "Operating Income": -21300000.0,
        "Operating Expense": 32300000.0,
        "Other Operating Expenses": 26600000.0,
        "Depreciation Amortization Depletion Income Statement": 5700000.0,
        "Depreciation And Amortization In Income Statement": 5700000.0,
        "Gross Profit": 11000000.0,
        "Cost Of Revenue": 153500000.0,
        "Total Revenue": 164500000.0,
        "Operating Revenue": 154600000.0
    },
    "2022-06-30": {
        "Tax Effect Of Unusual Items": 0.0,
        "Tax Rate For Calcs": 0.298,
        "Normalized EBITDA": -209200000.0,
        "Net Income From Continuing Operation Net Minority Interest": -263300000.0,
        "Reconciled Depreciation": 11300000.0,
        "Reconciled Cost Of Revenue": 158800000.0,
        "EBITDA": -209200000.0,
        "EBIT": -220500000.0,
        "Net Interest Income": -2500000.0,
        "Interest Expense": 2600000.0,
        "Interest Income": 100000.0,
        "Normalized Income": -263300000.0,
        "Net Income From Continuing And Discontinued Operation": -263300000.0,
        "Total Expenses": 201500000.0,
        "Total Operating Income As Reported": -27000000.0,
        "Diluted Average Shares": 83500000.0,
        "Basic Average Shares": 83500000.0,
        "Diluted EPS": -3.15,
        "Basic EPS": -3.15,
        "Diluted NI Availto Com Stockholders": -263300000.0,
        "Net Income Common Stockholders": -263300000.0,
        "Net Income": -263300000.0,
        "Minority Interests": 1300000.0,
        "Net Income Including Noncontrolling Interests": -264600000.0,
        "Net Income Continuous Operations": -264600000.0,
        "Earnings From Equity Interest Net Of Tax": -108000000.0,
        "Tax Provision": -66500000.0,
        "Pretax Income": -223100000.0,
        "Other Income Expense": -193600000.0,
        "Other Non Operating Income Expenses": -193600000.0,
        "Net Non Operating Interest Income Expense": -2500000.0,
        "Interest Expense Non Operating": 2600000.0,
        "Interest Income Non Operating": 100000.0,
        "Operating Income": -27000000.0,
        "Operating Expense": 37600000.0,
        "Other Operating Expenses": 31400000.0,
        "Depreciation Amortization Depletion Income Statement": 6200000.0,
        "Depreciation And Amortization In Income Statement": 6200000.0,
        "Gross Profit": 10600000.0,
        "Cost Of Revenue": 163900000.0,
        "Total Revenue": 174500000.0,
        "Operating Revenue": 166700000.0
    },
    "2022-03-31": {
        "Diluted EPS": -2.88,
        "Total Revenue": 167,
        "Gross Profit": 22,
        "Operating Income": -76,
        "EBIT": -65,
        "Net Income": -248
    },
    "2021-12-31": {
        "Diluted EPS": -1.22,
        "Total Revenue": 182,
        "Gross Profit": 27,
        "Operating Income": -37,
        "EBIT": -24,
        "Net Income": -109
    },
    "2021-09-30": {
        "Diluted EPS": -1.36,
        "Total Revenue": 186,
        "Gross Profit": 31,
        "Operating Income": -25,
        "EBIT": -13,
        "Net Income": -121
    },
    "2021-06-30": {
        "Diluted EPS": 1.94,
        "Total Revenue": 202,
        "Gross Profit": 42,
        "Operating Income": -36,
        "EBIT": -25,
        "Net Income": 176
    },
    "2021-03-31": {
        "Diluted EPS": -2.55,
        "Total Revenue": 172,
        "Gross Profit": 24,
        "Operating Income": -36,
        "EBIT": -22,
        "Net Income": -233
    },
    "2020-12-31": {
        "Diluted EPS": 5.31,
        "Total Revenue": 170,
        "Gross Profit": 22,
        "Operating Income": -61,
        "EBIT": -45,
        "Net Income": 531
    },
    "2020-09-30": {
        "Diluted EPS": 1.44,
        "Total Revenue": 140,
        "Gross Profit": 18,
        "Operating Income": -28,
        "EBIT": -16,
        "Net Income": 132
    },
    "2020-06-30": {
        "Diluted EPS": 5.87,
        "Total Revenue": 103,
        "Gross Profit": 2,
        "Operating Income": -46,
        "EBIT": -33,
        "Net Income": 475
    },
    "2020-03-31": {
        "Diluted EPS": 8.17,
        "Total Revenue": 173,
        "Gross Profit": 20,
        "Operating Income": -53,
        "EBIT": -39,
        "Net Income": 648
    },
    "2019-12-31": {
        "Diluted EPS": 0.34,
        "Total Revenue": 279,
        "Gross Profit": 44,
        "Operating Income": -64,
        "EBIT": -38,
        "Net Income": 25
    },
    "2019-09-30": {
        "Diluted EPS": 0.64,
        "Total Revenue": 257,
        "Gross Profit": 37,
        "Operating Income": -22,
        "EBIT": 0,
        "Net Income": 46
    },
    "2019-06-30": {
        "Diluted EPS": 0.33,
        "Total Revenue": 272,
        "Gross Profit": 41,
        "Operating Income": -21,
        "EBIT": 0,
        "Net Income": 23
    },
    "2019-03-31": {
        "Diluted EPS": -0.24,
        "Total Revenue": 262,
        "Gross Profit": 35,
        "Operating Income": -11,
        "EBIT": 13,
        "Net Income": -17
    },
    "2018-12-31": {
        "Diluted EPS": 0.67,
        "Total Revenue": 259,
        "Gross Profit": -7,
        "Operating Income": -44,
        "EBIT": -28,
        "Net Income": 47
    },
    "2018-09-30": {
        "Diluted EPS": 0.02,
        "Total Revenue": 294,
        "Gross Profit": 49,
        "Operating Income": -25,
        "EBIT": -9,
        "Net Income": 2
    },
    "2018-06-30": {
        "Diluted EPS": -0.28,
        "Total Revenue": 302,
        "Gross Profit": 62,
        "Operating Income": -68,
        "EBIT": -53,
        "Net Income": -20
    },
    "2018-03-31": {
        "Diluted EPS": -0.02,
        "Total Revenue": 292,
        "Gross Profit": 52,
        "Operating Income": -8,
        "EBIT": 6,
        "Net Income": -1
    },
    "2017-12-31": {
        "Diluted EPS": -0.07,
        "Total Revenue": 317,
        "Gross Profit": 54,
        "Operating Income": -2,
        "EBIT": 12,
        "Net Income": -5
    },
    "2017-09-30": {
        "Diluted EPS": -0.24,
        "Total Revenue": 281,
        "Gross Profit": 38,
        "Operating Income": -21,
        "EBIT": -9,
        "Net Income": -17
    },
    "2017-06-30": {
        "Diluted EPS": 1.79,
        "Total Revenue": 296,
        "Gross Profit": 47,
        "Operating Income": -35,
        "EBIT": -20,
        "Net Income": 126
    },
    "2017-03-31": {
        "Diluted EPS": 0.01,
        "Total Revenue": 275,
        "Gross Profit": 39,
        "Operating Income": -6,
        "EBIT": 10,
        "Net Income": 1
    },
    "2016-12-31": {
        "Diluted EPS": -0.12,
        "Total Revenue": 339,
        "Gross Profit": -645,
        "Operating Income": NaN,
        "EBIT": NaN,
        "Net Income": -8
    },
    "2016-09-30": {
        "Diluted EPS": -0.11,
        "Total Revenue": 319,
        "Gross Profit": 319,
        "Operating Income": NaN,
        "EBIT": NaN,
        "Net Income": -7
    },
    "2016-06-30": {
        "Diluted EPS": 0.14,
        "Total Revenue": 348,
        "Gross Profit": 348,
        "Operating Income": NaN,
        "EBIT": NaN,
        "Net Income": 10
    },
    "2016-03-31": {
        "Diluted EPS": 0.01,
        "Total Revenue": 329,
        "Gross Profit": 329,
        "Operating Income": NaN,
        "EBIT": NaN,
        "Net Income": 1
    },
    "2015-12-31": {
        "Diluted EPS": 3.14,
        "Total Revenue": 398,
        "Gross Profit": -797,
        "Operating Income": NaN,
        "EBIT": NaN,
        "Net Income": 292
    },
    "2015-09-30": {
        "Diluted EPS": -0.24,
        "Total Revenue": 369,
        "Gross Profit": 369,
        "Operating Income": NaN,
        "EBIT": NaN,
        "Net Income": -18
    },
    "2015-06-30": {
        "Diluted EPS": 0.12,
        "Total Revenue": 400,
        "Gross Profit": 400,
        "Operating Income": NaN,
        "EBIT": NaN,
        "Net Income": 10
    },
    "2015-03-31": {
        "Diluted EPS": 0.0,
        "Total Revenue": 478,
        "Gross Profit": 478,
        "Operating Income": NaN,
        "EBIT": NaN,
        "Net Income": 86
    },
    "2014-12-31": {
        "Diluted EPS": 3.14,
        "Total Revenue": 398,
        "Gross Profit": 398,
        "Operating Income": NaN,
        "EBIT": NaN,
        "Net Income": 292
    },
    "2014-09-30": {
        "Diluted EPS": -0.13,
        "Total Revenue": 657,
        "Gross Profit": 657,
        "Operating Income": NaN,
        "EBIT": NaN,
        "Net Income": -12
    },
    "2014-06-30": {
        "Diluted EPS": 0.0,
        "Total Revenue": NaN,
        "Gross Profit": NaN,
        "Operating Income": 247,
        "EBIT": 350,
        "Net Income": 112
    },
    "2014-03-31": {
        "Diluted EPS": 0.0,
        "Total Revenue": NaN,
        "Gross Profit": NaN,
        "Operating Income": -5,
        "EBIT": 127,
        "Net Income": -22
    },
    "2013-12-31": {
        "Diluted EPS": 0.0,
        "Total Revenue": 946,
        "Gross Profit": 946,
        "Operating Income": 166,
        "EBIT": 216,
        "Net Income": 72
    },
    "2013-09-30": {
        "Diluted EPS": 0.0,
        "Total Revenue": NaN,
        "Gross Profit": NaN,
        "Operating Income": 266,
        "EBIT": 321,
        "Net Income": 94
    },
    "2013-06-30": {
        "Diluted EPS": 0.0,
        "Total Revenue": NaN,
        "Gross Profit": NaN,
        "Operating Income": 323,
        "EBIT": 375,
        "Net Income": 138
    },
    "2013-03-31": {
        "Diluted EPS": 0.0,
        "Total Revenue": NaN,
        "Gross Profit": NaN,
        "Operating Income": 225,
        "EBIT": 277,
        "Net Income": 90
    },
    "2012-12-31": {
        "Diluted EPS": 0.0,
        "Total Revenue": NaN,
        "Gross Profit": NaN,
        "Operating Income": 214,
        "EBIT": 268,
        "Net Income": 152
    },
    "2012-09-30": {
        "Diluted EPS": 0.0,
        "Total Revenue": NaN,
        "Gross Profit": NaN,
        "Operating Income": 389,
        "EBIT": 424,
        "Net Income": 234
    },
    "2012-06-30": {
        "Diluted EPS": 0.0,
        "Total Revenue": NaN,
        "Gross Profit": NaN,
        "Operating Income": 312,
        "EBIT": 338,
        "Net Income": 147
    },
    "2012-03-31": {
        "Diluted EPS": 0.0,
        "Total Revenue": NaN,
        "Gross Profit": NaN,
        "Operating Income": 174,
        "EBIT": 191,
        "Net Income": 74
    },
    "2011-12-31": {
        "Diluted EPS": 0.0,
        "Total Revenue": NaN,
        "Gross Profit": NaN,
        "Operating Income": 181,
        "EBIT": 199,
        "Net Income": 172
    },
    "2011-09-30": {
        "Diluted EPS": 0.0,
        "Total Revenue": NaN,
        "Gross Profit": NaN,
        "Operating Income": 180,
        "EBIT": 199,
        "Net Income": 74
    },
    "2011-06-30": {
        "Diluted EPS": 0.0,
        "Total Revenue": NaN,
        "Gross Profit": NaN,
        "Operating Income": 180,
        "EBIT": 200,
        "Net Income": 80
    },
    "2011-03-31": {
        "Diluted EPS": 0.0,
        "Total Revenue": NaN,
        "Gross Profit": NaN,
        "Operating Income": 142,
        "EBIT": 163,
        "Net Income": 43
    },
    "2010-12-31": {
        "Diluted EPS": 0.0,
        "Total Revenue": NaN,
        "Gross Profit": NaN,
        "Operating Income": 154,
        "EBIT": 177,
        "Net Income": 131
    },
    "2010-09-30": {
        "Diluted EPS": 0.0,
        "Total Revenue": NaN,
        "Gross Profit": NaN,
        "Operating Income": 231,
        "EBIT": 253,
        "Net Income": 83
    },
    "2010-06-30": {
        "Diluted EPS": 0.0,
        "Total Revenue": NaN,
        "Gross Profit": NaN,
        "Operating Income": 323,
        "EBIT": 345,
        "Net Income": 140
    },
    "2010-03-31": {
        "Diluted EPS": 0.0,
        "Total Revenue": NaN,
        "Gross Profit": NaN,
        "Operating Income": 136,
        "EBIT": 159,
        "Net Income": 17
    },
    "2009-12-31": {
        "Diluted EPS": 0.0,
        "Total Revenue": NaN,
        "Gross Profit": NaN,
        "Operating Income": NaN,
        "EBIT": NaN,
        "Net Income": NaN
    },
    "2023-06-30": {
        "Tax Effect Of Unusual Items": 0.0,
        "Tax Rate For Calcs": 0.345,
        "Normalized EBITDA": -49700000.0,
        "Net Income From Continuing Operation Net Minority Interest": -87200000.0,
        "Reconciled Depreciation": 9400000.0,
        "Reconciled Cost Of Revenue": 134800000.0,
        "EBITDA": -49700000.0,
        "EBIT": -59100000.0,
        "Net Interest Income": -1300000.0,
        "Interest Expense": 4000000.0,
        "Interest Income": 2700000.0,
        "Normalized Income": -87200000.0,
        "Net Income From Continuing And Discontinued Operation": -87200000.0,
        "Total Expenses": 172400000.0,
        "Total Operating Income As Reported": -19600000.0,
        "Diluted Average Shares": 75400000.0,
        "Basic Average Shares": 75400000.0,
        "Diluted EPS": NaN,
        "Basic EPS": -1.16,
        "Diluted NI Availto Com Stockholders": -87200000.0,
        "Net Income Common Stockholders": -87200000.0,
        "Net Income": -87200000.0,
        "Minority Interests": 3200000.0,
        "Net Income Including Noncontrolling Interests": -90400000.0,
        "Net Income Continuous Operations": -90400000.0,
        "Earnings From Equity Interest Net Of Tax": -49100000.0,
        "Tax Provision": -21800000.0,
        "Pretax Income": -63100000.0,
        "Other Income Expense": -42200000.0,
        "Other Non Operating Income Expenses": -42200000.0,
        "Net Non Operating Interest Income Expense": -1300000.0,
        "Interest Expense Non Operating": 4000000.0,
        "Interest Income Non Operating": 2700000.0,
        "Operating Income": -19600000.0,
        "Operating Expense": 32800000.0,
        "Other Operating Expenses": 28200000.0,
        "Depreciation Amortization Depletion Income Statement": 4600000.0,
        "Depreciation And Amortization In Income Statement": 4600000.0,
        "Gross Profit": 13200000.0,
        "Cost Of Revenue": 139600000.0,
        "Total Revenue": 152800000.0,
        "Operating Revenue": 145200000.0
    },
    "2023-09-30": {
        "Tax Effect Of Unusual Items": 0.0,
        "Tax Rate For Calcs": 0.219,
        "Normalized EBITDA": -168800000.0,
        "Net Income From Continuing Operation Net Minority Interest": -157300000.0,
        "Reconciled Depreciation": 10500000.0,
        "Reconciled Cost Of Revenue": 127500000.0,
        "EBITDA": -168800000.0,
        "EBIT": -179300000.0,
        "Net Interest Income": -2400000.0,
        "Interest Expense": 5800000.0,
        "Interest Income": 3400000.0,
        "Normalized Income": -157300000.0,
        "Net Income From Continuing And Discontinued Operation": -157300000.0,
        "Total Expenses": 195500000.0,
        "Total Operating Income As Reported": -51900000.0,
        "Diluted Average Shares": 72100000.0,
        "Basic Average Shares": 72100000.0,
        "Diluted EPS": -2.18,
        "Basic EPS": -2.18,
        "Diluted NI Availto Com Stockholders": -157300000.0,
        "Net Income Common Stockholders": -157300000.0,
        "Net Income": -157300000.0,
        "Minority Interests": 13300000.0,
        "Net Income Including Noncontrolling Interests": -170600000.0,
        "Net Income Continuous Operations": -170600000.0,
        "Earnings From Equity Interest Net Of Tax": -26000000.0,
        "Tax Provision": -40500000.0,
        "Pretax Income": -185100000.0,
        "Other Income Expense": -130800000.0,
        "Other Non Operating Income Expenses": -130800000.0,
        "Net Non Operating Interest Income Expense": -2400000.0,
        "Interest Expense Non Operating": 5800000.0,
        "Interest Income Non Operating": 3400000.0,
        "Operating Income": -51900000.0,
        "Operating Expense": 63400000.0,
        "Other Operating Expenses": 57500000.0,
        "Depreciation Amortization Depletion Income Statement": 5900000.0,
        "Depreciation And Amortization In Income Statement": 5900000.0,
        "Gross Profit": 11500000.0,
        "Cost Of Revenue": 132100000.0,
        "Total Revenue": 143600000.0,
        "Operating Revenue": 131200000.0
    }
}