{
    "2023-06-30": {
        "Tax Effect Of Unusual Items": 0.0,
        "Tax Rate For Calcs": 0.258,
        "Total Unusual Items": 0.0,
        "Total Unusual Items Excluding Goodwill": 0.0,
        "Net Income From Continuing Operation Net Minority Interest": 21394000.0,
        "Reconciled Depreciation": 1506000.0,
        "Net Interest Income": 62898000.0,
        "Interest Expense": 57482000.0,
        "Interest Income": 120380000.0,
        "Normalized Income": 21394000.0,
        "Net Income From Continuing And Discontinued Operation": 21394000.0,
        "Diluted Average Shares": 39017000.0,
        "Basic Average Shares": 38974000.0,
        "Diluted EPS": 0.51,
        "Basic EPS": 0.51,
        "Diluted NI Availto Com Stockholders": 19832000.0,
        "Net Income Common Stockholders": 19832000.0,
        "Otherunder Preferred Stock Dividend": 53000.0,
        "Preferred Stock Dividends": 1509000.0,
        "Net Income": 21394000.0,
        "Net Income Including Noncontrolling Interests": 21394000.0,
        "Net Income Continuous Operations": 21394000.0,
        "Tax Provision": 7437000.0,
        "Pretax Income": 28831000.0,
        "Special Income Charges": 0.0,
        "Gain On Sale Of Business": NaN,
        "Restructuring And Mergern Acquisition": 0.0,
        "Gain On Sale Of Security": -210000.0,
        "Depreciation Amortization Depletion Income Statement": 371000.0,
        "Depreciation And Amortization In Income Statement": 371000.0,
        "Amortization": 371000.0,
        "Amortization Of Intangibles Income Statement": 371000.0,
        "Selling General And Administration": 24022000.0,
        "Selling And Marketing Expense": 556000.0,
        "General And Administrative Expense": 23466000.0,
        "Other Gand A": NaN,
        "Insurance And Claims": 1715000.0,
        "Salaries And Wages": 21751000.0,
        "Total Revenue": 67281000.0,
        "Operating Revenue": 67281000.0
    },
    "2023-03-31": {
        "Tax Effect Of Unusual Items": 0.0,
        "Tax Rate For Calcs": 0.267,
        "Total Unusual Items": 0.0,
        "Total Unusual Items Excluding Goodwill": 0.0,
        "Net Income From Continuing Operation Net Minority Interest": 24929000.0,
        "Reconciled Depreciation": 1448000.0,
        "Net Interest Income": 66186000.0,
        "Interest Expense": 49013000.0,
        "Interest Income": 115199000.0,
        "Normalized Income": 24929000.0,
        "Net Income From Continuing And Discontinued Operation": 24929000.0,
        "Diluted Average Shares": 39301000.0,
        "Basic Average Shares": 39104000.0,
        "Diluted EPS": 0.59,
        "Basic EPS": 0.6,
        "Diluted NI Availto Com Stockholders": 23376000.0,
        "Net Income Common Stockholders": 23376000.0,
        "Otherunder Preferred Stock Dividend": 44000.0,
        "Preferred Stock Dividends": 1509000.0,
        "Net Income": 24929000.0,
        "Net Income Including Noncontrolling Interests": 24929000.0,
        "Net Income Continuous Operations": 24929000.0,
        "Tax Provision": 9077000.0,
        "Pretax Income": 34006000.0,
        "Special Income Charges": 0.0,
        "Gain On Sale Of Business": NaN,
        "Restructuring And Mergern Acquisition": 0.0,
        "Gain On Sale Of Security": -191000.0,
        "Depreciation Amortization Depletion Income Statement": 372000.0,
        "Depreciation And Amortization In Income Statement": 372000.0,
        "Amortization": 372000.0,
        "Amortization Of Intangibles Income Statement": 372000.0,
        "Selling General And Administration": 23743000.0,
        "Selling And Marketing Expense": 532000.0,
        "General And Administrative Expense": 23211000.0,
        "Other Gand A": NaN,
        "Insurance And Claims": 950000.0,
        "Salaries And Wages": 22261000.0,
        "Total Revenue": 69876000.0,
        "Operating Revenue": 69876000.0
    },
    "2022-12-31": {
        "Tax Effect Of Unusual Items": NaN,
        "Tax Rate For Calcs": NaN,
        "Total Unusual Items": 0.0,
        "Total Unusual Items Excluding Goodwill": 0.0,
        "Net Income From Continuing Operation Net Minority Interest": NaN,
        "Reconciled Depreciation": NaN,
        "Net Interest Income": NaN,
        "Interest Expense": NaN,
        "Interest Income": NaN,
        "Normalized Income": NaN,
        "Net Income From Continuing And Discontinued Operation": NaN,
        "Diluted Average Shares": NaN,
        "Basic Average Shares": NaN,
        "Diluted EPS": NaN,
        "Basic EPS": NaN,
        "Diluted NI Availto Com Stockholders": NaN,
        "Net Income Common Stockholders": NaN,
        "Otherunder Preferred Stock Dividend": NaN,
        "Preferred Stock Dividends": NaN,
        "Net Income": NaN,
        "Net Income Including Noncontrolling Interests": NaN,
        "Net Income Continuous Operations": NaN,
        "Tax Provision": NaN,
        "Pretax Income": NaN,
        "Special Income Charges": 0.0,
        "Gain On Sale Of Business": 0.0,
        "Restructuring And Mergern Acquisition": 0.0,
        "Gain On Sale Of Security": NaN,
        "Depreciation Amortization Depletion Income Statement": NaN,
        "Depreciation And Amortization In Income Statement": NaN,
        "Amortization": NaN,
        "Amortization Of Intangibles Income Statement": NaN,
        "Selling General And Administration": NaN,
        "Selling And Marketing Expense": NaN,
        "General And Administrative Expense": NaN,
        "Other Gand A": NaN,
        "Insurance And Claims": NaN,
        "Salaries And Wages": NaN,
        "Total Revenue": NaN,
        "Operating Revenue": NaN
    },
    "2022-09-30": {
        "Tax Effect Of Unusual Items": NaN,
        "Tax Rate For Calcs": NaN,
        "Total Unusual Items": NaN,
        "Total Unusual Items Excluding Goodwill": NaN,
        "Net Income From Continuing Operation Net Minority Interest": NaN,
        "Reconciled Depreciation": NaN,
        "Net Interest Income": NaN,
        "Interest Expense": NaN,
        "Interest Income": NaN,
        "Normalized Income": NaN,
        "Net Income From Continuing And Discontinued Operation": NaN,
        "Diluted Average Shares": NaN,
        "Basic Average Shares": NaN,
        "Diluted EPS": NaN,
        "Basic EPS": NaN,
        "Diluted NI Availto Com Stockholders": NaN,
        "Net Income Common Stockholders": NaN,
        "Otherunder Preferred Stock Dividend": NaN,
        "Preferred Stock Dividends": NaN,
        "Net Income": NaN,
        "Net Income Including Noncontrolling Interests": NaN,
        "Net Income Continuous Operations": NaN,
        "Tax Provision": NaN,
        "Pretax Income": NaN,
        "Special Income Charges": NaN,
        "Gain On Sale Of Business": 0.0,
        "Restructuring And Mergern Acquisition": NaN,
        "Gain On Sale Of Security": NaN,
        "Depreciation Amortization Depletion Income Statement": NaN,
        "Depreciation And Amortization In Income Statement": NaN,
        "Amortization": NaN,
        "Amortization Of Intangibles Income Statement": NaN,
        "Selling General And Administration": NaN,
        "Selling And Marketing Expense": NaN,
        "General And Administrative Expense": NaN,
        "Other Gand A": 2747000.0,
        "Insurance And Claims": NaN,
        "Salaries And Wages": NaN,
        "Total Revenue": NaN,
        "Operating Revenue": NaN
    },
    "2022-06-30": {
        "Tax Effect Of Unusual Items": -224077.0,
        "Tax Rate For Calcs": 0.269,
        "Total Unusual Items": -833000.0,
        "Total Unusual Items Excluding Goodwill": -833000.0,
        "Net Income From Continuing Operation Net Minority Interest": 32358000.0,
        "Reconciled Depreciation": 434000.0,
        "Net Interest Income": 75300000.0,
        "Interest Expense": 9765000.0,
        "Interest Income": 85065000.0,
        "Normalized Income": 32966923.0,
        "Net Income From Continuing And Discontinued Operation": 32358000.0,
        "Diluted Average Shares": 39466000.0,
        "Basic Average Shares": 39290000.0,
        "Diluted EPS": 0.78,
        "Basic EPS": 0.78,
        "Diluted NI Availto Com Stockholders": 30849000.0,
        "Net Income Common Stockholders": 30849000.0,
        "Otherunder Preferred Stock Dividend": 70000.0,
        "Preferred Stock Dividends": 1509000.0,
        "Net Income": 32358000.0,
        "Net Income Including Noncontrolling Interests": 32358000.0,
        "Net Income Continuous Operations": 32358000.0,
        "Tax Provision": 11889000.0,
        "Pretax Income": 44247000.0,
        "Special Income Charges": -833000.0,
        "Gain On Sale Of Business": 0.0,
        "Restructuring And Mergern Acquisition": 833000.0,
        "Gain On Sale Of Security": -405000.0,
        "Depreciation Amortization Depletion Income Statement": 434000.0,
        "Depreciation And Amortization In Income Statement": 434000.0,
        "Amortization": 434000.0,
        "Amortization Of Intangibles Income Statement": 434000.0,
        "Selling General And Administration": 20670000.0,
        "Selling And Marketing Expense": 426000.0,
        "General And Administrative Expense": 20244000.0,
        "Other Gand A": 2801000.0,
        "Insurance And Claims": 725000.0,
        "Salaries And Wages": 19519000.0,
        "Total Revenue": 78950000.0,
        "Operating Revenue": 78950000.0
    },
    "2022-03-31": {
        "Diluted EPS": 0.75,
        "Total Revenue": 82,
        "Gross Profit": 73,
        "Operating Income": 43,
        "EBIT": NaN,
        "Net Income": 30
    },
    "2021-12-31": {
        "Diluted EPS": 0.79,
        "Total Revenue": 83,
        "Gross Profit": 74,
        "Operating Income": 45,
        "EBIT": NaN,
        "Net Income": 31
    },
    "2021-09-30": {
        "Diluted EPS": 0.8,
        "Total Revenue": 81,
        "Gross Profit": 72,
        "Operating Income": 43,
        "EBIT": NaN,
        "Net Income": 32
    },
    "2021-06-30": {
        "Diluted EPS": 0.81,
        "Total Revenue": 78,
        "Gross Profit": 67,
        "Operating Income": 43,
        "EBIT": NaN,
        "Net Income": 32
    },
    "2021-03-31": {
        "Diluted EPS": 0.82,
        "Total Revenue": 76,
        "Gross Profit": 65,
        "Operating Income": 44,
        "EBIT": NaN,
        "Net Income": 33
    },
    "2020-12-31": {
        "Diluted EPS": 0.65,
        "Total Revenue": 79,
        "Gross Profit": 65,
        "Operating Income": 33,
        "EBIT": NaN,
        "Net Income": 26
    },
    "2020-09-30": {
        "Diluted EPS": 0.62,
        "Total Revenue": 81,
        "Gross Profit": 64,
        "Operating Income": 33,
        "EBIT": NaN,
        "Net Income": 25
    },
    "2020-06-30": {
        "Diluted EPS": 0.37,
        "Total Revenue": 83,
        "Gross Profit": 65,
        "Operating Income": 17,
        "EBIT": NaN,
        "Net Income": 15
    },
    "2020-03-31": {
        "Diluted EPS": 0.15,
        "Total Revenue": 80,
        "Gross Profit": 58,
        "Operating Income": 7,
        "EBIT": NaN,
        "Net Income": 6
    },
    "2019-12-31": {
        "Diluted EPS": 0.59,
        "Total Revenue": 70,
        "Gross Profit": 50,
        "Operating Income": 23,
        "EBIT": NaN,
        "Net Income": 21
    },
    "2019-09-30": {
        "Diluted EPS": 0.61,
        "Total Revenue": 72,
        "Gross Profit": 51,
        "Operating Income": 28,
        "EBIT": NaN,
        "Net Income": 22
    },
    "2019-06-30": {
        "Diluted EPS": 0.54,
        "Total Revenue": 70,
        "Gross Profit": 47,
        "Operating Income": 25,
        "EBIT": NaN,
        "Net Income": 19
    },
    "2019-03-31": {
        "Diluted EPS": 0.33,
        "Total Revenue": 67,
        "Gross Profit": 47,
        "Operating Income": 14,
        "EBIT": NaN,
        "Net Income": 12
    },
    "2018-12-31": {
        "Diluted EPS": 0.58,
        "Total Revenue": 59,
        "Gross Profit": 42,
        "Operating Income": 20,
        "EBIT": NaN,
        "Net Income": 19
    },
    "2018-09-30": {
        "Diluted EPS": 0.61,
        "Total Revenue": 57,
        "Gross Profit": 41,
        "Operating Income": 22,
        "EBIT": NaN,
        "Net Income": 20
    },
    "2018-06-30": {
        "Diluted EPS": 0.54,
        "Total Revenue": 54,
        "Gross Profit": 40,
        "Operating Income": 22,
        "EBIT": NaN,
        "Net Income": 17
    },
    "2018-03-31": {
        "Diluted EPS": 0.13,
        "Total Revenue": 52,
        "Gross Profit": 39,
        "Operating Income": 5,
        "EBIT": NaN,
        "Net Income": 4
    },
    "2017-12-31": {
        "Diluted EPS": 0.32,
        "Total Revenue": 52,
        "Gross Profit": 42,
        "Operating Income": 23,
        "EBIT": NaN,
        "Net Income": 10
    },
    "2017-09-30": {
        "Diluted EPS": 0.41,
        "Total Revenue": 48,
        "Gross Profit": 39,
        "Operating Income": 19,
        "EBIT": NaN,
        "Net Income": 13
    },
    "2017-06-30": {
        "Diluted EPS": 0.24,
        "Total Revenue": 45,
        "Gross Profit": 37,
        "Operating Income": 10,
        "EBIT": NaN,
        "Net Income": 8
    },
    "2017-03-31": {
        "Diluted EPS": 0.37,
        "Total Revenue": 44,
        "Gross Profit": 36,
        "Operating Income": 17,
        "EBIT": NaN,
        "Net Income": 12
    },
    "2016-12-31": {
        "Diluted EPS": -0.08,
        "Total Revenue": 43,
        "Gross Profit": 35,
        "Operating Income": -5,
        "EBIT": NaN,
        "Net Income": -2
    },
    "2016-09-30": {
        "Diluted EPS": 0.39,
        "Total Revenue": 47,
        "Gross Profit": 39,
        "Operating Income": 17,
        "EBIT": NaN,
        "Net Income": 12
    },
    "2016-06-30": {
        "Diluted EPS": 0.36,
        "Total Revenue": 42,
        "Gross Profit": 34,
        "Operating Income": 16,
        "EBIT": NaN,
        "Net Income": 11
    },
    "2016-03-31": {
        "Diluted EPS": 0.34,
        "Total Revenue": 40,
        "Gross Profit": 33,
        "Operating Income": 15,
        "EBIT": NaN,
        "Net Income": 10
    },
    "2015-12-31": {
        "Diluted EPS": 0.31,
        "Total Revenue": 40,
        "Gross Profit": 33,
        "Operating Income": 14,
        "EBIT": NaN,
        "Net Income": 10
    },
    "2015-09-30": {
        "Diluted EPS": 0.36,
        "Total Revenue": 40,
        "Gross Profit": 34,
        "Operating Income": 16,
        "EBIT": NaN,
        "Net Income": 11
    },
    "2015-06-30": {
        "Diluted EPS": 0.35,
        "Total Revenue": 38,
        "Gross Profit": 32,
        "Operating Income": 16,
        "EBIT": NaN,
        "Net Income": 10
    },
    "2015-03-31": {
        "Diluted EPS": 0.34,
        "Total Revenue": 35,
        "Gross Profit": 30,
        "Operating Income": 15,
        "EBIT": NaN,
        "Net Income": 10
    },
    "2014-12-31": {
        "Diluted EPS": 0.2,
        "Total Revenue": 35,
        "Gross Profit": 31,
        "Operating Income": 13,
        "EBIT": NaN,
        "Net Income": 8
    },
    "2014-09-30": {
        "Diluted EPS": 0.06,
        "Total Revenue": 34,
        "Gross Profit": 29,
        "Operating Income": 2,
        "EBIT": NaN,
        "Net Income": 2
    },
    "2014-06-30": {
        "Diluted EPS": 0.26,
        "Total Revenue": 16,
        "Gross Profit": 13,
        "Operating Income": 6,
        "EBIT": NaN,
        "Net Income": 4
    },
    "2014-03-31": {
        "Diluted EPS": 0.27,
        "Total Revenue": 17,
        "Gross Profit": 14,
        "Operating Income": 6,
        "EBIT": NaN,
        "Net Income": 4
    },
    "2013-12-31": {
        "Diluted EPS": 0.3,
        "Total Revenue": 16,
        "Gross Profit": 14,
        "Operating Income": 6,
        "EBIT": NaN,
        "Net Income": 5
    },
    "2013-09-30": {
        "Diluted EPS": 0.31,
        "Total Revenue": 16,
        "Gross Profit": 13,
        "Operating Income": 7,
        "EBIT": NaN,
        "Net Income": 5
    },
    "2013-06-30": {
        "Diluted EPS": 0.3,
        "Total Revenue": 16,
        "Gross Profit": 13,
        "Operating Income": 7,
        "EBIT": NaN,
        "Net Income": 5
    },
    "2013-03-31": {
        "Diluted EPS": 0.3,
        "Total Revenue": 16,
        "Gross Profit": 13,
        "Operating Income": 7,
        "EBIT": NaN,
        "Net Income": 5
    },
    "2012-12-31": {
        "Diluted EPS": 0.27,
        "Total Revenue": 15,
        "Gross Profit": 12,
        "Operating Income": 6,
        "EBIT": NaN,
        "Net Income": 4
    },
    "2012-09-30": {
        "Diluted EPS": 0.27,
        "Total Revenue": 17,
        "Gross Profit": 14,
        "Operating Income": 6,
        "EBIT": NaN,
        "Net Income": 4
    },
    "2012-06-30": {
        "Diluted EPS": 0.26,
        "Total Revenue": 15,
        "Gross Profit": 12,
        "Operating Income": 7,
        "EBIT": NaN,
        "Net Income": 4
    },
    "2012-03-31": {
        "Diluted EPS": 0.25,
        "Total Revenue": 15,
        "Gross Profit": 12,
        "Operating Income": 6,
        "EBIT": NaN,
        "Net Income": 4
    },
    "2011-12-31": {
        "Diluted EPS": 0.19,
        "Total Revenue": 15,
        "Gross Profit": 12,
        "Operating Income": 6,
        "EBIT": NaN,
        "Net Income": 3
    },
    "2011-09-30": {
        "Diluted EPS": 0.22,
        "Total Revenue": 15,
        "Gross Profit": 12,
        "Operating Income": 6,
        "EBIT": NaN,
        "Net Income": 4
    },
    "2011-06-30": {
        "Diluted EPS": 0.21,
        "Total Revenue": 15,
        "Gross Profit": 12,
        "Operating Income": 6,
        "EBIT": NaN,
        "Net Income": 3
    },
    "2011-03-31": {
        "Diluted EPS": 0.18,
        "Total Revenue": 14,
        "Gross Profit": 12,
        "Operating Income": 5,
        "EBIT": NaN,
        "Net Income": 3
    },
    "2010-12-31": {
        "Diluted EPS": 0.15,
        "Total Revenue": 13,
        "Gross Profit": 10,
        "Operating Income": 2,
        "EBIT": NaN,
        "Net Income": 2
    },
    "2010-09-30": {
        "Diluted EPS": 0.14,
        "Total Revenue": 14,
        "Gross Profit": 11,
        "Operating Income": 4,
        "EBIT": NaN,
        "Net Income": 2
    },
    "2010-06-30": {
        "Diluted EPS": 0.13,
        "Total Revenue": 14,
        "Gross Profit": 10,
        "Operating Income": 3,
        "EBIT": NaN,
        "Net Income": 2
    },
    "2010-03-31": {
        "Diluted EPS": 0.01,
        "Total Revenue": 10,
        "Gross Profit": 6,
        "Operating Income": -1,
        "EBIT": NaN,
        "Net Income": 0
    },
    "2009-12-31": {
        "Diluted EPS": 0.0,
        "Total Revenue": 13,
        "Gross Profit": 8,
        "Operating Income": 0,
        "EBIT": NaN,
        "Net Income": 0
    },
    "2009-09-30": {
        "Diluted EPS": 0.11,
        "Total Revenue": 14,
        "Gross Profit": 8,
        "Operating Income": 2,
        "EBIT": NaN,
        "Net Income": 1
    },
    "2009-06-30": {
        "Diluted EPS": 0.08,
        "Total Revenue": 15,
        "Gross Profit": 9,
        "Operating Income": 2,
        "EBIT": NaN,
        "Net Income": 1
    },
    "2009-03-31": {
        "Diluted EPS": 0.05,
        "Total Revenue": 13,
        "Gross Profit": 8,
        "Operating Income": 1,
        "EBIT": NaN,
        "Net Income": 1
    },
    "2023-09-30": {
        "Tax Effect Of Unusual Items": 0.0,
        "Tax Rate For Calcs": 0.252,
        "Total Unusual Items": 0.0,
        "Total Unusual Items Excluding Goodwill": 0.0,
        "Net Income From Continuing Operation Net Minority Interest": 21407000.0,
        "Reconciled Depreciation": 1491000.0,
        "Net Interest Income": 61450000.0,
        "Interest Expense": 61329000.0,
        "Interest Income": 122779000.0,
        "Normalized Income": 21407000.0,
        "Net Income From Continuing And Discontinued Operation": 21407000.0,
        "Diluted Average Shares": 38829000.0,
        "Basic Average Shares": 38694000.0,
        "Diluted EPS": 0.51,
        "Basic EPS": 0.51,
        "Diluted NI Availto Com Stockholders": 19835000.0,
        "Net Income Common Stockholders": 19835000.0,
        "Otherunder Preferred Stock Dividend": 63000.0,
        "Preferred Stock Dividends": 1509000.0,
        "Net Income": 21407000.0,
        "Net Income Including Noncontrolling Interests": 21407000.0,
        "Net Income Continuous Operations": 21407000.0,
        "Tax Provision": 7228000.0,
        "Pretax Income": 28635000.0,
        "Special Income Charges": 0.0,
        "Gain On Sale Of Business": NaN,
        "Restructuring And Mergern Acquisition": 0.0,
        "Gain On Sale Of Security": -273000.0,
        "Depreciation Amortization Depletion Income Statement": 347000.0,
        "Depreciation And Amortization In Income Statement": 347000.0,
        "Amortization": 347000.0,
        "Amortization Of Intangibles Income Statement": 347000.0,
        "Selling General And Administration": 24630000.0,
        "Selling And Marketing Expense": 554000.0,
        "General And Administrative Expense": 24076000.0,
        "Other Gand A": NaN,
        "Insurance And Claims": 1800000.0,
        "Salaries And Wages": 22276000.0,
        "Total Revenue": 65919000.0,
        "Operating Revenue": 65919000.0
    },
    "2023-12-31": {
        "Tax Effect Of Unusual Items": 0.0,
        "Tax Rate For Calcs": 0.243781,
        "Total Unusual Items": 0.0,
        "Total Unusual Items Excluding Goodwill": 0.0,
        "Net Income From Continuing Operation Net Minority Interest": 19273000.0,
        "Reconciled Depreciation": 1496000.0,
        "Net Interest Income": 60910000.0,
        "Interest Expense": 67135000.0,
        "Interest Income": 128045000.0,
        "Normalized Income": 19273000.0,
        "Net Income From Continuing And Discontinued Operation": 19273000.0,
        "Diluted Average Shares": 38651391.0,
        "Basic Average Shares": 38617391.0,
        "Diluted EPS": 0.46,
        "Basic EPS": 0.46,
        "Diluted NI Availto Com Stockholders": 17708000.0,
        "Net Income Common Stockholders": 17708000.0,
        "Otherunder Preferred Stock Dividend": 56000.0,
        "Preferred Stock Dividends": 1509000.0,
        "Net Income": 19273000.0,
        "Net Income Including Noncontrolling Interests": 19273000.0,
        "Net Income Continuous Operations": 19273000.0,
        "Tax Provision": 6213000.0,
        "Pretax Income": 25486000.0,
        "Special Income Charges": 0.0,
        "Gain On Sale Of Business": NaN,
        "Restructuring And Mergern Acquisition": 0.0,
        "Gain On Sale Of Security": 557000.0,
        "Depreciation Amortization Depletion Income Statement": 348000.0,
        "Depreciation And Amortization In Income Statement": 348000.0,
        "Amortization": 348000.0,
        "Amortization Of Intangibles Income Statement": 348000.0,
        "Selling General And Administration": 26259000.0,
        "Selling And Marketing Expense": 323000.0,
        "General And Administrative Expense": 25936000.0,
        "Other Gand A": NaN,
        "Insurance And Claims": 3900000.0,
        "Salaries And Wages": 22036000.0,
        "Total Revenue": 66031000.0,
        "Operating Revenue": 66031000.0
    },
    "2024-03-31": {
        "Tax Effect Of Unusual Items": 0.0,
        "Tax Rate For Calcs": 0.255,
        "Total Unusual Items": NaN,
        "Total Unusual Items Excluding Goodwill": NaN,
        "Net Income From Continuing Operation Net Minority Interest": 17205000.0,
        "Reconciled Depreciation": 1423000.0,
        "Net Interest Income": 59175000.0,
        "Interest Expense": 69307000.0,
        "Interest Income": 128482000.0,
        "Normalized Income": 17205000.0,
        "Net Income From Continuing And Discontinued Operation": 17205000.0,
        "Diluted Average Shares": 38512000.0,
        "Basic Average Shares": 38319000.0,
        "Diluted EPS": 0.41,
        "Basic EPS": 0.41,
        "Diluted NI Availto Com Stockholders": 15654000.0,
        "Net Income Common Stockholders": 15654000.0,
        "Otherunder Preferred Stock Dividend": 42000.0,
        "Preferred Stock Dividends": 1509000.0,
        "Net Income": 17205000.0,
        "Net Income Including Noncontrolling Interests": 17205000.0,
        "Net Income Continuous Operations": 17205000.0,
        "Tax Provision": 5878000.0,
        "Pretax Income": 23083000.0,
        "Special Income Charges": NaN,
        "Gain On Sale Of Business": NaN,
        "Restructuring And Mergern Acquisition": NaN,
        "Gain On Sale Of Security": 86000.0,
        "Depreciation Amortization Depletion Income Statement": 321000.0,
        "Depreciation And Amortization In Income Statement": 321000.0,
        "Amortization": 321000.0,
        "Amortization Of Intangibles Income Statement": 321000.0,
        "Selling General And Administration": 24673000.0,
        "Selling And Marketing Expense": 677000.0,
        "General And Administrative Expense": 23996000.0,
        "Other Gand A": NaN,
        "Insurance And Claims": 1800000.0,
        "Salaries And Wages": 22196000.0,
        "Total Revenue": 64148000.0,
        "Operating Revenue": 64148000.0
    }
}