{
    "2023-06-30": {
        "Tax Effect Of Unusual Items": NaN,
        "Tax Rate For Calcs": NaN,
        "Normalized EBITDA": NaN,
        "Total Unusual Items": NaN,
        "Total Unusual Items Excluding Goodwill": NaN,
        "Net Income From Continuing Operation Net Minority Interest": NaN,
        "Reconciled Depreciation": NaN,
        "Reconciled Cost Of Revenue": NaN,
        "EBITDA": NaN,
        "EBIT": NaN,
        "Net Interest Income": 3428000.0,
        "Interest Income": 3428000.0,
        "Normalized Income": NaN,
        "Net Income From Continuing And Discontinued Operation": NaN,
        "Total Expenses": NaN,
        "Total Operating Income As Reported": NaN,
        "Diluted Average Shares": NaN,
        "Basic Average Shares": NaN,
        "Diluted EPS": NaN,
        "Basic EPS": NaN,
        "Diluted NI Availto Com Stockholders": NaN,
        "Net Income Common Stockholders": NaN,
        "Net Income": NaN,
        "Minority Interests": NaN,
        "Net Income Including Noncontrolling Interests": NaN,
        "Net Income Continuous Operations": NaN,
        "Tax Provision": NaN,
        "Pretax Income": NaN,
        "Other Income Expense": NaN,
        "Gain On Sale Of Security": NaN,
        "Net Non Operating Interest Income Expense": 3428000.0,
        "Interest Income Non Operating": 3428000.0,
        "Operating Income": NaN,
        "Operating Expense": NaN,
        "Depreciation Amortization Depletion Income Statement": NaN,
        "Depreciation And Amortization In Income Statement": NaN,
        "Selling General And Administration": NaN,
        "General And Administrative Expense": NaN,
        "Other Gand A": NaN,
        "Gross Profit": NaN,
        "Cost Of Revenue": NaN,
        "Total Revenue": NaN,
        "Operating Revenue": NaN
    },
    "2023-03-31": {
        "Tax Effect Of Unusual Items": NaN,
        "Tax Rate For Calcs": NaN,
        "Normalized EBITDA": NaN,
        "Total Unusual Items": NaN,
        "Total Unusual Items Excluding Goodwill": NaN,
        "Net Income From Continuing Operation Net Minority Interest": NaN,
        "Reconciled Depreciation": NaN,
        "Reconciled Cost Of Revenue": NaN,
        "EBITDA": NaN,
        "EBIT": NaN,
        "Net Interest Income": 3216000.0,
        "Interest Income": 3216000.0,
        "Normalized Income": NaN,
        "Net Income From Continuing And Discontinued Operation": NaN,
        "Total Expenses": NaN,
        "Total Operating Income As Reported": NaN,
        "Diluted Average Shares": NaN,
        "Basic Average Shares": NaN,
        "Diluted EPS": NaN,
        "Basic EPS": NaN,
        "Diluted NI Availto Com Stockholders": NaN,
        "Net Income Common Stockholders": NaN,
        "Net Income": NaN,
        "Minority Interests": NaN,
        "Net Income Including Noncontrolling Interests": NaN,
        "Net Income Continuous Operations": NaN,
        "Tax Provision": NaN,
        "Pretax Income": NaN,
        "Other Income Expense": NaN,
        "Gain On Sale Of Security": NaN,
        "Net Non Operating Interest Income Expense": 3216000.0,
        "Interest Income Non Operating": 3216000.0,
        "Operating Income": NaN,
        "Operating Expense": NaN,
        "Depreciation Amortization Depletion Income Statement": NaN,
        "Depreciation And Amortization In Income Statement": NaN,
        "Selling General And Administration": NaN,
        "General And Administrative Expense": NaN,
        "Other Gand A": NaN,
        "Gross Profit": NaN,
        "Cost Of Revenue": NaN,
        "Total Revenue": NaN,
        "Operating Revenue": NaN
    },
    "2022-12-31": {
        "Tax Effect Of Unusual Items": NaN,
        "Tax Rate For Calcs": NaN,
        "Normalized EBITDA": NaN,
        "Total Unusual Items": NaN,
        "Total Unusual Items Excluding Goodwill": NaN,
        "Net Income From Continuing Operation Net Minority Interest": NaN,
        "Reconciled Depreciation": NaN,
        "Reconciled Cost Of Revenue": NaN,
        "EBITDA": NaN,
        "EBIT": NaN,
        "Net Interest Income": 2492000.0,
        "Interest Income": 2492000.0,
        "Normalized Income": NaN,
        "Net Income From Continuing And Discontinued Operation": NaN,
        "Total Expenses": NaN,
        "Total Operating Income As Reported": NaN,
        "Diluted Average Shares": NaN,
        "Basic Average Shares": NaN,
        "Diluted EPS": NaN,
        "Basic EPS": NaN,
        "Diluted NI Availto Com Stockholders": NaN,
        "Net Income Common Stockholders": NaN,
        "Net Income": NaN,
        "Minority Interests": NaN,
        "Net Income Including Noncontrolling Interests": NaN,
        "Net Income Continuous Operations": NaN,
        "Tax Provision": NaN,
        "Pretax Income": NaN,
        "Other Income Expense": NaN,
        "Gain On Sale Of Security": NaN,
        "Net Non Operating Interest Income Expense": 2492000.0,
        "Interest Income Non Operating": 2492000.0,
        "Operating Income": NaN,
        "Operating Expense": NaN,
        "Depreciation Amortization Depletion Income Statement": NaN,
        "Depreciation And Amortization In Income Statement": NaN,
        "Selling General And Administration": NaN,
        "General And Administrative Expense": NaN,
        "Other Gand A": NaN,
        "Gross Profit": NaN,
        "Cost Of Revenue": NaN,
        "Total Revenue": NaN,
        "Operating Revenue": NaN
    },
    "2022-09-30": {
        "Tax Effect Of Unusual Items": -910385.0,
        "Tax Rate For Calcs": 0.259,
        "Normalized EBITDA": 61831000.0,
        "Total Unusual Items": -3515000.0,
        "Total Unusual Items Excluding Goodwill": -3515000.0,
        "Net Income From Continuing Operation Net Minority Interest": 44570000.0,
        "Reconciled Depreciation": 1135000.0,
        "Reconciled Cost Of Revenue": 68087000.0,
        "EBITDA": 58316000.0,
        "EBIT": 57181000.0,
        "Net Interest Income": 1541000.0,
        "Interest Income": 1541000.0,
        "Normalized Income": 47174615.0,
        "Net Income From Continuing And Discontinued Operation": 44570000.0,
        "Total Expenses": 82770000.0,
        "Total Operating Income As Reported": 57181000.0,
        "Diluted Average Shares": 49317000.0,
        "Basic Average Shares": 48815000.0,
        "Diluted EPS": 0.9,
        "Basic EPS": 0.91,
        "Diluted NI Availto Com Stockholders": 44570000.0,
        "Net Income Common Stockholders": 44570000.0,
        "Net Income": 44570000.0,
        "Minority Interests": 4956000.0,
        "Net Income Including Noncontrolling Interests": 39614000.0,
        "Net Income Continuous Operations": 39614000.0,
        "Tax Provision": 15593000.0,
        "Pretax Income": 55207000.0,
        "Other Income Expense": -3515000.0,
        "Gain On Sale Of Security": -3515000.0,
        "Net Non Operating Interest Income Expense": 1541000.0,
        "Interest Income Non Operating": 1541000.0,
        "Operating Income": 57181000.0,
        "Operating Expense": 14683000.0,
        "Depreciation Amortization Depletion Income Statement": 1135000.0,
        "Depreciation And Amortization In Income Statement": 1135000.0,
        "Selling General And Administration": 13548000.0,
        "General And Administrative Expense": 13548000.0,
        "Other Gand A": 13548000.0,
        "Gross Profit": 71864000.0,
        "Cost Of Revenue": 68087000.0,
        "Total Revenue": 139951000.0,
        "Operating Revenue": 139442000.0
    },
    "2022-06-30": {
        "Tax Effect Of Unusual Items": -4275510.0,
        "Tax Rate For Calcs": 0.159,
        "Normalized EBITDA": 88990000.0,
        "Total Unusual Items": -26890000.0,
        "Total Unusual Items Excluding Goodwill": -26890000.0,
        "Net Income From Continuing Operation Net Minority Interest": 51956000.0,
        "Reconciled Depreciation": 1106000.0,
        "Reconciled Cost Of Revenue": 72093000.0,
        "EBITDA": 62100000.0,
        "EBIT": 60994000.0,
        "Net Interest Income": 1888000.0,
        "Interest Income": 1888000.0,
        "Normalized Income": 74570490.0,
        "Net Income From Continuing And Discontinued Operation": 51956000.0,
        "Total Expenses": 86437000.0,
        "Total Operating Income As Reported": 60994000.0,
        "Diluted Average Shares": 49208000.0,
        "Basic Average Shares": 48805000.0,
        "Diluted EPS": 1.06,
        "Basic EPS": 1.06,
        "Diluted NI Availto Com Stockholders": 51956000.0,
        "Net Income Common Stockholders": 51956000.0,
        "Net Income": 51956000.0,
        "Minority Interests": 25807000.0,
        "Net Income Including Noncontrolling Interests": 26149000.0,
        "Net Income Continuous Operations": 26149000.0,
        "Tax Provision": 9843000.0,
        "Pretax Income": 35992000.0,
        "Other Income Expense": -26890000.0,
        "Gain On Sale Of Security": -26890000.0,
        "Net Non Operating Interest Income Expense": 1888000.0,
        "Interest Income Non Operating": 1888000.0,
        "Operating Income": 60994000.0,
        "Operating Expense": 14344000.0,
        "Depreciation Amortization Depletion Income Statement": 1106000.0,
        "Depreciation And Amortization In Income Statement": 1106000.0,
        "Selling General And Administration": 13238000.0,
        "General And Administrative Expense": 13238000.0,
        "Other Gand A": 13238000.0,
        "Gross Profit": 75338000.0,
        "Cost Of Revenue": 72093000.0,
        "Total Revenue": 147431000.0,
        "Operating Revenue": 146660000.0
    },
    "2022-03-31": {
        "Diluted EPS": 0.85,
        "Total Revenue": 154,
        "Gross Profit": 154,
        "Operating Income": 51,
        "EBIT": 55,
        "Net Income": 42
    },
    "2021-12-31": {
        "Diluted EPS": 1.31,
        "Total Revenue": 160,
        "Gross Profit": 160,
        "Operating Income": 81,
        "EBIT": 84,
        "Net Income": 64
    },
    "2021-09-30": {
        "Diluted EPS": 1.05,
        "Total Revenue": 154,
        "Gross Profit": 154,
        "Operating Income": 68,
        "EBIT": 72,
        "Net Income": 51
    },
    "2021-06-30": {
        "Diluted EPS": 0.95,
        "Total Revenue": 144,
        "Gross Profit": 144,
        "Operating Income": 60,
        "EBIT": 64,
        "Net Income": 47
    },
    "2021-03-31": {
        "Diluted EPS": 1.0,
        "Total Revenue": 126,
        "Gross Profit": 126,
        "Operating Income": 52,
        "EBIT": 56,
        "Net Income": 49
    },
    "2020-12-31": {
        "Diluted EPS": -0.1,
        "Total Revenue": 116,
        "Gross Profit": 116,
        "Operating Income": -12,
        "EBIT": -5,
        "Net Income": -4
    },
    "2020-09-30": {
        "Diluted EPS": 0.66,
        "Total Revenue": 111,
        "Gross Profit": 111,
        "Operating Income": 43,
        "EBIT": 45,
        "Net Income": 32
    },
    "2020-06-30": {
        "Diluted EPS": 0.59,
        "Total Revenue": 94,
        "Gross Profit": 94,
        "Operating Income": 35,
        "EBIT": 39,
        "Net Income": 29
    },
    "2020-03-31": {
        "Diluted EPS": 0.42,
        "Total Revenue": 106,
        "Gross Profit": 106,
        "Operating Income": 28,
        "EBIT": 32,
        "Net Income": 21
    },
    "2019-12-31": {
        "Diluted EPS": 0.76,
        "Total Revenue": 110,
        "Gross Profit": 110,
        "Operating Income": 46,
        "EBIT": 50,
        "Net Income": 37
    },
    "2019-09-30": {
        "Diluted EPS": 0.7,
        "Total Revenue": 105,
        "Gross Profit": 105,
        "Operating Income": 40,
        "EBIT": 44,
        "Net Income": 34
    },
    "2019-06-30": {
        "Diluted EPS": 0.65,
        "Total Revenue": 102,
        "Gross Profit": 102,
        "Operating Income": 38,
        "EBIT": 42,
        "Net Income": 31
    },
    "2019-03-31": {
        "Diluted EPS": 0.68,
        "Total Revenue": 94,
        "Gross Profit": 94,
        "Operating Income": 35,
        "EBIT": 39,
        "Net Income": 33
    },
    "2018-12-31": {
        "Diluted EPS": 0.53,
        "Total Revenue": 94,
        "Gross Profit": 94,
        "Operating Income": 34,
        "EBIT": 38,
        "Net Income": 26
    },
    "2018-09-30": {
        "Diluted EPS": 0.65,
        "Total Revenue": 98,
        "Gross Profit": 98,
        "Operating Income": 39,
        "EBIT": 43,
        "Net Income": 31
    },
    "2018-06-30": {
        "Diluted EPS": 0.63,
        "Total Revenue": 94,
        "Gross Profit": 94,
        "Operating Income": 36,
        "EBIT": 41,
        "Net Income": 30
    },
    "2018-03-31": {
        "Diluted EPS": 0.59,
        "Total Revenue": 94,
        "Gross Profit": 94,
        "Operating Income": 37,
        "EBIT": 40,
        "Net Income": 28
    },
    "2017-12-31": {
        "Diluted EPS": 0.44,
        "Total Revenue": 99,
        "Gross Profit": 99,
        "Operating Income": 41,
        "EBIT": 50,
        "Net Income": 20
    },
    "2017-09-30": {
        "Diluted EPS": 0.53,
        "Total Revenue": 97,
        "Gross Profit": 97,
        "Operating Income": 41,
        "EBIT": 43,
        "Net Income": 25
    },
    "2017-06-30": {
        "Diluted EPS": 0.5,
        "Total Revenue": 93,
        "Gross Profit": 93,
        "Operating Income": 37,
        "EBIT": 39,
        "Net Income": 23
    },
    "2017-03-31": {
        "Diluted EPS": 0.49,
        "Total Revenue": 90,
        "Gross Profit": 90,
        "Operating Income": 36,
        "EBIT": 38,
        "Net Income": 23
    },
    "2016-12-31": {
        "Diluted EPS": 0.57,
        "Total Revenue": 91,
        "Gross Profit": 91,
        "Operating Income": 36,
        "EBIT": 38,
        "Net Income": 26
    },
    "2016-09-30": {
        "Diluted EPS": 0.51,
        "Total Revenue": 94,
        "Gross Profit": 94,
        "Operating Income": 37,
        "EBIT": 39,
        "Net Income": 24
    },
    "2016-06-30": {
        "Diluted EPS": 0.53,
        "Total Revenue": 86,
        "Gross Profit": 86,
        "Operating Income": 34,
        "EBIT": 36,
        "Net Income": 25
    },
    "2016-03-31": {
        "Diluted EPS": 0.39,
        "Total Revenue": 80,
        "Gross Profit": 80,
        "Operating Income": 28,
        "EBIT": 30,
        "Net Income": 18
    },
    "2015-12-31": {
        "Diluted EPS": 0.27,
        "Total Revenue": 82,
        "Gross Profit": 82,
        "Operating Income": 30,
        "EBIT": 32,
        "Net Income": 12
    },
    "2015-09-30": {
        "Diluted EPS": 0.27,
        "Total Revenue": 80,
        "Gross Profit": 80,
        "Operating Income": 31,
        "EBIT": 33,
        "Net Income": 12
    },
    "2015-06-30": {
        "Diluted EPS": 0.42,
        "Total Revenue": 84,
        "Gross Profit": 84,
        "Operating Income": 31,
        "EBIT": 33,
        "Net Income": 19
    },
    "2015-03-31": {
        "Diluted EPS": 0.45,
        "Total Revenue": 84,
        "Gross Profit": 84,
        "Operating Income": 35,
        "EBIT": 36,
        "Net Income": 21
    },
    "2014-12-31": {
        "Diluted EPS": 0.33,
        "Total Revenue": 82,
        "Gross Profit": 82,
        "Operating Income": 32,
        "EBIT": 34,
        "Net Income": 16
    },
    "2014-09-30": {
        "Diluted EPS": 0.4,
        "Total Revenue": 81,
        "Gross Profit": 81,
        "Operating Income": 32,
        "EBIT": 34,
        "Net Income": 18
    },
    "2014-06-30": {
        "Diluted EPS": 0.49,
        "Total Revenue": 78,
        "Gross Profit": 78,
        "Operating Income": 30,
        "EBIT": 31,
        "Net Income": 22
    },
    "2014-03-31": {
        "Diluted EPS": 0.43,
        "Total Revenue": 73,
        "Gross Profit": 73,
        "Operating Income": 28,
        "EBIT": 29,
        "Net Income": 19
    },
    "2013-12-31": {
        "Diluted EPS": 0.42,
        "Total Revenue": 73,
        "Gross Profit": 73,
        "Operating Income": 29,
        "EBIT": 32,
        "Net Income": 19
    },
    "2013-09-30": {
        "Diluted EPS": 0.41,
        "Total Revenue": 74,
        "Gross Profit": 74,
        "Operating Income": 28,
        "EBIT": 30,
        "Net Income": 18
    },
    "2013-06-30": {
        "Diluted EPS": 0.34,
        "Total Revenue": 78,
        "Gross Profit": 78,
        "Operating Income": 29,
        "EBIT": 31,
        "Net Income": 15
    },
    "2013-03-31": {
        "Diluted EPS": 0.34,
        "Total Revenue": 72,
        "Gross Profit": 72,
        "Operating Income": 21,
        "EBIT": 23,
        "Net Income": 15
    },
    "2012-12-31": {
        "Diluted EPS": 0.49,
        "Total Revenue": 71,
        "Gross Profit": 71,
        "Operating Income": 33,
        "EBIT": 35,
        "Net Income": 22
    },
    "2012-09-30": {
        "Diluted EPS": 0.23,
        "Total Revenue": 71,
        "Gross Profit": 71,
        "Operating Income": 12,
        "EBIT": 14,
        "Net Income": 10
    },
    "2012-06-30": {
        "Diluted EPS": 0.36,
        "Total Revenue": 67,
        "Gross Profit": 67,
        "Operating Income": 26,
        "EBIT": 28,
        "Net Income": 16
    },
    "2012-03-31": {
        "Diluted EPS": 0.41,
        "Total Revenue": 64,
        "Gross Profit": 64,
        "Operating Income": 25,
        "EBIT": 27,
        "Net Income": 18
    },
    "2011-12-31": {
        "Diluted EPS": 0.35,
        "Total Revenue": 59,
        "Gross Profit": 59,
        "Operating Income": 23,
        "EBIT": 25,
        "Net Income": 16
    },
    "2011-09-30": {
        "Diluted EPS": 0.22,
        "Total Revenue": 62,
        "Gross Profit": 62,
        "Operating Income": 22,
        "EBIT": 24,
        "Net Income": 10
    },
    "2011-06-30": {
        "Diluted EPS": 0.36,
        "Total Revenue": 61,
        "Gross Profit": 61,
        "Operating Income": 23,
        "EBIT": 25,
        "Net Income": 16
    },
    "2011-03-31": {
        "Diluted EPS": 0.3,
        "Total Revenue": 55,
        "Gross Profit": 55,
        "Operating Income": 19,
        "EBIT": 20,
        "Net Income": 13
    },
    "2010-12-31": {
        "Diluted EPS": 0.29,
        "Total Revenue": 52,
        "Gross Profit": 52,
        "Operating Income": 13,
        "EBIT": 14,
        "Net Income": 13
    },
    "2010-09-30": {
        "Diluted EPS": 0.3,
        "Total Revenue": 46,
        "Gross Profit": 46,
        "Operating Income": 14,
        "EBIT": 15,
        "Net Income": 13
    },
    "2010-06-30": {
        "Diluted EPS": 0.27,
        "Total Revenue": 44,
        "Gross Profit": 44,
        "Operating Income": 13,
        "EBIT": 15,
        "Net Income": 12
    },
    "2010-03-31": {
        "Diluted EPS": 0.21,
        "Total Revenue": 41,
        "Gross Profit": 41,
        "Operating Income": 12,
        "EBIT": 14,
        "Net Income": 9
    },
    "2009-12-31": {
        "Diluted EPS": 0.27,
        "Total Revenue": 40,
        "Gross Profit": 40,
        "Operating Income": 11,
        "EBIT": 12,
        "Net Income": 12
    },
    "2009-09-30": {
        "Diluted EPS": 0.18,
        "Total Revenue": 34,
        "Gross Profit": 34,
        "Operating Income": 6,
        "EBIT": 7,
        "Net Income": 8
    },
    "2009-06-30": {
        "Diluted EPS": -0.15,
        "Total Revenue": 26,
        "Gross Profit": 26,
        "Operating Income": 0,
        "EBIT": 2,
        "Net Income": -6
    },
    "2009-03-31": {
        "Diluted EPS": -0.34,
        "Total Revenue": 24,
        "Gross Profit": 24,
        "Operating Income": 0,
        "EBIT": 1,
        "Net Income": -14
    },
    "2023-09-30": {
        "Tax Effect Of Unusual Items": -2633978.662634,
        "Tax Rate For Calcs": 0.295223,
        "Normalized EBITDA": 54357000.0,
        "Total Unusual Items": -8922000.0,
        "Total Unusual Items Excluding Goodwill": -8922000.0,
        "Net Income From Continuing Operation Net Minority Interest": 32140000.0,
        "Reconciled Depreciation": -6940000.0,
        "Reconciled Cost Of Revenue": 74260000.0,
        "EBITDA": 45435000.0,
        "EBIT": 44634000.0,
        "Net Interest Income": 3763000.0,
        "Interest Income": 3763000.0,
        "Normalized Income": 38428021.337366,
        "Net Income From Continuing And Discontinued Operation": 32140000.0,
        "Total Expenses": 82866000.0,
        "Total Operating Income As Reported": 40871000.0,
        "Diluted Average Shares": 49617000.0,
        "Basic Average Shares": 49351000.0,
        "Diluted EPS": 0.65,
        "Basic EPS": 0.65,
        "Diluted NI Availto Com Stockholders": 32140000.0,
        "Net Income Common Stockholders": 32140000.0,
        "Net Income": 32140000.0,
        "Minority Interests": 6971000.0,
        "Net Income Including Noncontrolling Interests": 25169000.0,
        "Net Income Continuous Operations": 25169000.0,
        "Tax Provision": 10543000.0,
        "Pretax Income": 35712000.0,
        "Other Income Expense": -8922000.0,
        "Gain On Sale Of Security": -8922000.0,
        "Net Non Operating Interest Income Expense": 3763000.0,
        "Interest Income Non Operating": 3763000.0,
        "Operating Income": 44634000.0,
        "Operating Expense": 16347000.0,
        "Depreciation Amortization Depletion Income Statement": 801000.0,
        "Depreciation And Amortization In Income Statement": 801000.0,
        "Selling General And Administration": 15546000.0,
        "General And Administrative Expense": 15546000.0,
        "Other Gand A": 15546000.0,
        "Gross Profit": 60981000.0,
        "Cost Of Revenue": 66519000.0,
        "Total Revenue": 127500000.0,
        "Operating Revenue": 127003000.0
    },
    "2023-12-31": {
        "Tax Effect Of Unusual Items": 2710846.158079,
        "Tax Rate For Calcs": 0.217914,
        "Normalized EBITDA": 35039000.0,
        "Total Unusual Items": 12440000.0,
        "Total Unusual Items Excluding Goodwill": 12440000.0,
        "Net Income From Continuing Operation Net Minority Interest": 29817000.0,
        "Reconciled Depreciation": 5402000.0,
        "Reconciled Cost Of Revenue": 58612000.0,
        "EBITDA": 47479000.0,
        "EBIT": 42077000.0,
        "Net Interest Income": 4211000.0,
        "Interest Income": 4211000.0,
        "Normalized Income": 20087846.158079,
        "Net Income From Continuing And Discontinued Operation": 29817000.0,
        "Total Expenses": 81322000.0,
        "Total Operating Income As Reported": 37866000.0,
        "Diluted Average Shares": 49725000.0,
        "Basic Average Shares": 49366000.0,
        "Diluted EPS": 0.6,
        "Basic EPS": 0.6,
        "Diluted NI Availto Com Stockholders": 29817000.0,
        "Net Income Common Stockholders": 29817000.0,
        "Net Income": 29817000.0,
        "Minority Interests": -12820000.0,
        "Net Income Including Noncontrolling Interests": 42637000.0,
        "Net Income Continuous Operations": 42637000.0,
        "Tax Provision": 11880000.0,
        "Pretax Income": 54517000.0,
        "Other Income Expense": 12440000.0,
        "Gain On Sale Of Security": 12440000.0,
        "Net Non Operating Interest Income Expense": 4211000.0,
        "Interest Income Non Operating": 4211000.0,
        "Operating Income": 42077000.0,
        "Operating Expense": 18785000.0,
        "Depreciation Amortization Depletion Income Statement": 1477000.0,
        "Depreciation And Amortization In Income Statement": 1477000.0,
        "Selling General And Administration": 17308000.0,
        "General And Administrative Expense": 17308000.0,
        "Other Gand A": 17308000.0,
        "Gross Profit": 60862000.0,
        "Cost Of Revenue": 62537000.0,
        "Total Revenue": 123399000.0,
        "Operating Revenue": 122891000.0
    },
    "2024-03-31": {
        "Tax Effect Of Unusual Items": 271674.0,
        "Tax Rate For Calcs": 0.243,
        "Normalized EBITDA": 47809000.0,
        "Total Unusual Items": 1118000.0,
        "Total Unusual Items Excluding Goodwill": 1118000.0,
        "Net Income From Continuing Operation Net Minority Interest": 34004000.0,
        "Reconciled Depreciation": 4743000.0,
        "Reconciled Cost Of Revenue": 62909000.0,
        "EBITDA": 48927000.0,
        "EBIT": 44184000.0,
        "Net Interest Income": NaN,
        "Interest Income": NaN,
        "Normalized Income": 33157674.0,
        "Net Income From Continuing And Discontinued Operation": 34004000.0,
        "Total Expenses": 82445000.0,
        "Total Operating Income As Reported": 40265000.0,
        "Diluted Average Shares": 49835000.0,
        "Basic Average Shares": 49569000.0,
        "Diluted EPS": 0.68,
        "Basic EPS": 0.69,
        "Diluted NI Availto Com Stockholders": 34004000.0,
        "Net Income Common Stockholders": 34004000.0,
        "Net Income": 34004000.0,
        "Minority Interests": -410000.0,
        "Net Income Including Noncontrolling Interests": 34414000.0,
        "Net Income Continuous Operations": 34414000.0,
        "Tax Provision": 10888000.0,
        "Pretax Income": 45302000.0,
        "Other Income Expense": 1118000.0,
        "Gain On Sale Of Security": 1118000.0,
        "Net Non Operating Interest Income Expense": NaN,
        "Interest Income Non Operating": NaN,
        "Operating Income": 44184000.0,
        "Operating Expense": 17047000.0,
        "Depreciation Amortization Depletion Income Statement": 2254000.0,
        "Depreciation And Amortization In Income Statement": 2254000.0,
        "Selling General And Administration": 14793000.0,
        "General And Administrative Expense": 14793000.0,
        "Other Gand A": 14793000.0,
        "Gross Profit": 61231000.0,
        "Cost Of Revenue": 65398000.0,
        "Total Revenue": 126629000.0,
        "Operating Revenue": 126081000.0
    },
    "2024-06-30": {
        "Tax Effect Of Unusual Items": -637755.0,
        "Tax Rate For Calcs": 0.255,
        "Normalized EBITDA": 50206000.0,
        "Total Unusual Items": -2501000.0,
        "Total Unusual Items Excluding Goodwill": -2501000.0,
        "Net Income From Continuing Operation Net Minority Interest": 31771000.0,
        "Reconciled Depreciation": 4246000.0,
        "Reconciled Cost Of Revenue": 64389000.0,
        "EBITDA": 47705000.0,
        "EBIT": 43459000.0,
        "Net Interest Income": NaN,
        "Interest Income": NaN,
        "Normalized Income": 33634245.0,
        "Net Income From Continuing And Discontinued Operation": 31771000.0,
        "Total Expenses": 83319000.0,
        "Total Operating Income As Reported": 38402000.0,
        "Diluted Average Shares": 50770000.0,
        "Basic Average Shares": 50419000.0,
        "Diluted EPS": 0.63,
        "Basic EPS": 0.63,
        "Diluted NI Availto Com Stockholders": 31771000.0,
        "Net Income Common Stockholders": 31771000.0,
        "Net Income": 31771000.0,
        "Minority Interests": 1694000.0,
        "Net Income Including Noncontrolling Interests": 30077000.0,
        "Net Income Continuous Operations": 30077000.0,
        "Tax Provision": 10881000.0,
        "Pretax Income": 40958000.0,
        "Other Income Expense": -2501000.0,
        "Gain On Sale Of Security": -2501000.0,
        "Net Non Operating Interest Income Expense": NaN,
        "Interest Income Non Operating": NaN,
        "Operating Income": 43459000.0,
        "Operating Expense": 16952000.0,
        "Depreciation Amortization Depletion Income Statement": 2268000.0,
        "Depreciation And Amortization In Income Statement": 2268000.0,
        "Selling General And Administration": 14684000.0,
        "General And Administrative Expense": 14684000.0,
        "Other Gand A": 14684000.0,
        "Gross Profit": 60411000.0,
        "Cost Of Revenue": 66367000.0,
        "Total Revenue": 126778000.0,
        "Operating Revenue": 126265000.0
    },
    "2024-09-30": {
        "Tax Effect Of Unusual Items": 3144014.428199,
        "Tax Rate For Calcs": 0.181914,
        "Normalized EBITDA": 35351000.0,
        "Total Unusual Items": 17283000.0,
        "Total Unusual Items Excluding Goodwill": 17283000.0,
        "Net Income From Continuing Operation Net Minority Interest": 39668000.0,
        "Reconciled Depreciation": -690000.0,
        "Reconciled Cost Of Revenue": 74146000.0,
        "EBITDA": 52634000.0,
        "EBIT": 50293000.0,
        "Net Interest Income": NaN,
        "Interest Income": NaN,
        "Normalized Income": 25529014.428199,
        "Net Income From Continuing And Discontinued Operation": 39668000.0,
        "Total Expenses": 88330000.0,
        "Total Operating Income As Reported": 44873000.0,
        "Diluted Average Shares": 51428000.0,
        "Basic Average Shares": 50778000.0,
        "Diluted EPS": 0.77,
        "Basic EPS": 0.78,
        "Diluted NI Availto Com Stockholders": 39668000.0,
        "Net Income Common Stockholders": 39668000.0,
        "Net Income": 39668000.0,
        "Minority Interests": -15615000.0,
        "Net Income Including Noncontrolling Interests": 55283000.0,
        "Net Income Continuous Operations": 55283000.0,
        "Tax Provision": 12293000.0,
        "Pretax Income": 67576000.0,
        "Other Income Expense": 17283000.0,
        "Gain On Sale Of Security": 17283000.0,
        "Net Non Operating Interest Income Expense": NaN,
        "Interest Income Non Operating": NaN,
        "Operating Income": 50293000.0,
        "Operating Expense": 17215000.0,
        "Depreciation Amortization Depletion Income Statement": 2341000.0,
        "Depreciation And Amortization In Income Statement": 2341000.0,
        "Selling General And Administration": 14874000.0,
        "General And Administrative Expense": 14874000.0,
        "Other Gand A": 14874000.0,
        "Gross Profit": 67508000.0,
        "Cost Of Revenue": 71115000.0,
        "Total Revenue": 138623000.0,
        "Operating Revenue": 138061000.0
    }
}