{
    "2023-03-31": {
        "Tax Effect Of Unusual Items": -822696.0,
        "Tax Rate For Calcs": 0.249,
        "Normalized EBITDA": 66208000.0,
        "Total Unusual Items": -3304000.0,
        "Total Unusual Items Excluding Goodwill": -3304000.0,
        "Net Income From Continuing Operation Net Minority Interest": -37104000.0,
        "Reconciled Depreciation": 77699000.0,
        "Reconciled Cost Of Revenue": 131938000.0,
        "EBITDA": 62904000.0,
        "EBIT": -14795000.0,
        "Net Interest Income": -33860000.0,
        "Normalized Income": -34622696.0,
        "Net Income From Continuing And Discontinued Operation": -37104000.0,
        "Total Expenses": 290921000.0,
        "Total Operating Income As Reported": -18099000.0,
        "Diluted NI Availto Com Stockholders": -47691000.0,
        "Net Income Common Stockholders": -47691000.0,
        "Preferred Stock Dividends": 10587000.0,
        "Net Income": -37104000.0,
        "Minority Interests": -143000.0,
        "Net Income Including Noncontrolling Interests": -36961000.0,
        "Net Income Discontinuous Operations": 0.0,
        "Net Income Continuous Operations": -36961000.0,
        "Tax Provision": -12240000.0,
        "Pretax Income": -49201000.0,
        "Other Income Expense": -546000.0,
        "Other Non Operating Income Expenses": 2758000.0,
        "Special Income Charges": -3304000.0,
        "Gain On Sale Of Ppe": -3304000.0,
        "Write Off": 0.0,
        "Restructuring And Mergern Acquisition": NaN,
        "Net Non Operating Interest Income Expense": -33860000.0,
        "Total Other Finance Cost": 33860000.0,
        "Operating Income": -14795000.0,
        "Operating Expense": 158983000.0,
        "Depreciation Amortization Depletion Income Statement": 77699000.0,
        "Depreciation And Amortization In Income Statement": 77699000.0,
        "Selling General And Administration": 81284000.0,
        "Gross Profit": 144188000.0,
        "Cost Of Revenue": 131938000.0,
        "Total Revenue": 276126000.0,
        "Operating Revenue": 276126000.0
    },
    "2022-12-31": {
        "Tax Effect Of Unusual Items": -4325106.471482,
        "Tax Rate For Calcs": 0.184865,
        "Normalized EBITDA": 105685000.0,
        "Total Unusual Items": -23396000.0,
        "Total Unusual Items Excluding Goodwill": -23396000.0,
        "Net Income From Continuing Operation Net Minority Interest": -40931000.0,
        "Reconciled Depreciation": 79614000.0,
        "Reconciled Cost Of Revenue": 133652000.0,
        "EBITDA": 82289000.0,
        "EBIT": 2675000.0,
        "Net Interest Income": -33236000.0,
        "Normalized Income": -21860106.471482,
        "Net Income From Continuing And Discontinued Operation": -35138000.0,
        "Total Expenses": 293301000.0,
        "Total Operating Income As Reported": -20721000.0,
        "Diluted NI Availto Com Stockholders": -48367000.0,
        "Net Income Common Stockholders": -48367000.0,
        "Preferred Stock Dividends": 10352000.0,
        "Net Income": -35138000.0,
        "Minority Interests": -171000.0,
        "Net Income Including Noncontrolling Interests": -34967000.0,
        "Net Income Discontinuous Operations": 5793000.0,
        "Net Income Continuous Operations": -40760000.0,
        "Tax Provision": -9244000.0,
        "Pretax Income": -50004000.0,
        "Other Income Expense": -19443000.0,
        "Other Non Operating Income Expenses": 3953000.0,
        "Special Income Charges": -23396000.0,
        "Gain On Sale Of Ppe": -23396000.0,
        "Write Off": NaN,
        "Restructuring And Mergern Acquisition": 0.0,
        "Net Non Operating Interest Income Expense": -33236000.0,
        "Total Other Finance Cost": 33236000.0,
        "Operating Income": 2675000.0,
        "Operating Expense": 159649000.0,
        "Depreciation Amortization Depletion Income Statement": 79614000.0,
        "Depreciation And Amortization In Income Statement": 79614000.0,
        "Selling General And Administration": 80035000.0,
        "Gross Profit": 162324000.0,
        "Cost Of Revenue": 133652000.0,
        "Total Revenue": 295976000.0,
        "Operating Revenue": 295976000.0
    },
    "2022-09-30": {
        "Tax Effect Of Unusual Items": 1657315.118397,
        "Tax Rate For Calcs": 0.118761,
        "Normalized EBITDA": 68601000.0,
        "Total Unusual Items": 13955000.0,
        "Total Unusual Items Excluding Goodwill": 13955000.0,
        "Net Income From Continuing Operation Net Minority Interest": -7332000.0,
        "Reconciled Depreciation": 75659000.0,
        "Reconciled Cost Of Revenue": 141226000.0,
        "EBITDA": 82556000.0,
        "EBIT": 6897000.0,
        "Net Interest Income": -32071000.0,
        "Normalized Income": -19629684.881603,
        "Net Income From Continuing And Discontinued Operation": 292602000.0,
        "Total Expenses": 289722000.0,
        "Total Operating Income As Reported": 20852000.0,
        "Diluted Average Shares": 111697000.0,
        "Basic Average Shares": 111697000.0,
        "Diluted EPS": 2.45,
        "Basic EPS": 2.45,
        "Diluted NI Availto Com Stockholders": 282250000.0,
        "Net Income Common Stockholders": 282250000.0,
        "Preferred Stock Dividends": 10352000.0,
        "Net Income": 292602000.0,
        "Minority Interests": -75000.0,
        "Net Income Including Noncontrolling Interests": 292677000.0,
        "Net Income Discontinuous Operations": 299934000.0,
        "Net Income Continuous Operations": -7257000.0,
        "Tax Provision": -978000.0,
        "Pretax Income": -8235000.0,
        "Other Income Expense": 16939000.0,
        "Other Non Operating Income Expenses": 2984000.0,
        "Special Income Charges": 13955000.0,
        "Gain On Sale Of Ppe": 19163000.0,
        "Write Off": 5208000.0,
        "Restructuring And Mergern Acquisition": 0.0,
        "Net Non Operating Interest Income Expense": -32071000.0,
        "Total Other Finance Cost": 32071000.0,
        "Operating Income": 6897000.0,
        "Operating Expense": 148496000.0,
        "Depreciation Amortization Depletion Income Statement": 75659000.0,
        "Depreciation And Amortization In Income Statement": 75659000.0,
        "Selling General And Administration": 72837000.0,
        "Gross Profit": 155393000.0,
        "Cost Of Revenue": 141226000.0,
        "Total Revenue": 296619000.0,
        "Operating Revenue": 296619000.0
    },
    "2022-06-30": {
        "Tax Effect Of Unusual Items": 0.0,
        "Tax Rate For Calcs": 0.4,
        "Normalized EBITDA": 86992000.0,
        "Total Unusual Items": 0.0,
        "Total Unusual Items Excluding Goodwill": 0.0,
        "Net Income From Continuing Operation Net Minority Interest": -1715000.0,
        "Reconciled Depreciation": 72543000.0,
        "Reconciled Cost Of Revenue": 135888000.0,
        "EBITDA": 86992000.0,
        "EBIT": 14449000.0,
        "Net Interest Income": -30156000.0,
        "Normalized Income": -1715000.0,
        "Net Income From Continuing And Discontinued Operation": -1715000.0,
        "Total Expenses": 283941000.0,
        "Total Operating Income As Reported": 14449000.0,
        "Diluted Average Shares": 111697000.0,
        "Basic Average Shares": 111697000.0,
        "Diluted EPS": -0.1,
        "Basic EPS": -0.1,
        "Diluted NI Availto Com Stockholders": -11517000.0,
        "Net Income Common Stockholders": -11517000.0,
        "Preferred Stock Dividends": 9802000.0,
        "Net Income": -1715000.0,
        "Minority Interests": -203000.0,
        "Net Income Including Noncontrolling Interests": -1512000.0,
        "Net Income Discontinuous Operations": NaN,
        "Net Income Continuous Operations": -1512000.0,
        "Tax Provision": -1275000.0,
        "Pretax Income": -2787000.0,
        "Other Income Expense": 12920000.0,
        "Other Non Operating Income Expenses": 12920000.0,
        "Special Income Charges": 0.0,
        "Gain On Sale Of Ppe": NaN,
        "Write Off": 0.0,
        "Restructuring And Mergern Acquisition": 0.0,
        "Gain On Sale Of Security": 9902000.0,
        "Net Non Operating Interest Income Expense": -30156000.0,
        "Total Other Finance Cost": 30156000.0,
        "Operating Income": 14449000.0,
        "Operating Expense": 148053000.0,
        "Depreciation Amortization Depletion Income Statement": 72543000.0,
        "Depreciation And Amortization In Income Statement": 72543000.0,
        "Selling General And Administration": 75510000.0,
        "Gross Profit": 162502000.0,
        "Cost Of Revenue": 135888000.0,
        "Total Revenue": 298390000.0,
        "Operating Revenue": 298390000.0
    },
    "2022-03-31": {
        "Diluted EPS": -1.12,
        "Total Revenue": 300,
        "Gross Profit": 164,
        "Operating Income": -108,
        "EBIT": -34,
        "Net Income": -125
    },
    "2021-12-31": {
        "Diluted EPS": 0.3,
        "Total Revenue": 318,
        "Gross Profit": 181,
        "Operating Income": 34,
        "EBIT": 112,
        "Net Income": 12
    },
    "2021-09-30": {
        "Diluted EPS": -0.05,
        "Total Revenue": 319,
        "Gross Profit": 176,
        "Operating Income": 33,
        "EBIT": 111,
        "Net Income": -5
    },
    "2021-06-30": {
        "Diluted EPS": -0.71,
        "Total Revenue": 320,
        "Gross Profit": 175,
        "Operating Income": 30,
        "EBIT": 110,
        "Net Income": -55
    },
    "2021-03-31": {
        "Diluted EPS": -0.8,
        "Total Revenue": 325,
        "Gross Profit": 181,
        "Operating Income": 38,
        "EBIT": 118,
        "Net Income": -62
    },
    "2020-12-31": {
        "Diluted EPS": -0.14,
        "Total Revenue": 326,
        "Gross Profit": 187,
        "Operating Income": 21,
        "EBIT": 106,
        "Net Income": -6
    },
    "2020-09-30": {
        "Diluted EPS": 0.2,
        "Total Revenue": 327,
        "Gross Profit": 183,
        "Operating Income": 37,
        "EBIT": 119,
        "Net Income": 14
    },
    "2020-06-30": {
        "Diluted EPS": 0.19,
        "Total Revenue": 325,
        "Gross Profit": 186,
        "Operating Income": 40,
        "EBIT": 122,
        "Net Income": 14
    },
    "2020-03-31": {
        "Diluted EPS": 0.22,
        "Total Revenue": 326,
        "Gross Profit": 188,
        "Operating Income": 37,
        "EBIT": 121,
        "Net Income": 15
    },
    "2019-12-31": {
        "Diluted EPS": -0.08,
        "Total Revenue": 331,
        "Gross Profit": 195,
        "Operating Income": 27,
        "EBIT": 120,
        "Net Income": -6
    },
    "2019-09-30": {
        "Diluted EPS": 0.0,
        "Total Revenue": 333,
        "Gross Profit": 187,
        "Operating Income": 24,
        "EBIT": 118,
        "Net Income": 0
    },
    "2019-06-30": {
        "Diluted EPS": -0.1,
        "Total Revenue": 334,
        "Gross Profit": 190,
        "Operating Income": 14,
        "EBIT": 113,
        "Net Income": -7
    },
    "2019-03-31": {
        "Diluted EPS": -0.11,
        "Total Revenue": 339,
        "Gross Profit": 190,
        "Operating Income": 17,
        "EBIT": 117,
        "Net Income": -8
    },
    "2018-12-31": {
        "Diluted EPS": -0.21,
        "Total Revenue": 345,
        "Gross Profit": 190,
        "Operating Income": 4,
        "EBIT": 4,
        "Net Income": -14
    },
    "2018-09-30": {
        "Diluted EPS": -0.21,
        "Total Revenue": 348,
        "Gross Profit": 195,
        "Operating Income": 1,
        "EBIT": 1,
        "Net Income": -15
    },
    "2018-06-30": {
        "Diluted EPS": -0.15,
        "Total Revenue": 350,
        "Gross Profit": 199,
        "Operating Income": 5,
        "EBIT": 5,
        "Net Income": -11
    },
    "2018-03-31": {
        "Diluted EPS": -0.16,
        "Total Revenue": 356,
        "Gross Profit": 203,
        "Operating Income": 9,
        "EBIT": 9,
        "Net Income": -11
    },
    "2017-12-31": {
        "Diluted EPS": 1.61,
        "Total Revenue": 356,
        "Gross Profit": 201,
        "Operating Income": 7,
        "EBIT": 7,
        "Net Income": 100
    },
    "2017-09-30": {
        "Diluted EPS": -0.41,
        "Total Revenue": 363,
        "Gross Profit": 215,
        "Operating Income": -8,
        "EBIT": -8,
        "Net Income": -29
    },
    "2017-06-30": {
        "Diluted EPS": -0.06,
        "Total Revenue": 170,
        "Gross Profit": 99,
        "Operating Income": 21,
        "EBIT": 21,
        "Net Income": -3
    },
    "2017-03-31": {
        "Diluted EPS": -0.07,
        "Total Revenue": 170,
        "Gross Profit": 99,
        "Operating Income": 19,
        "EBIT": 19,
        "Net Income": -4
    },
    "2016-12-31": {
        "Diluted EPS": 0.0,
        "Total Revenue": 176,
        "Gross Profit": 101,
        "Operating Income": 19,
        "EBIT": 19,
        "Net Income": 0
    },
    "2016-09-30": {
        "Diluted EPS": 0.14,
        "Total Revenue": 192,
        "Gross Profit": 106,
        "Operating Income": 23,
        "EBIT": 23,
        "Net Income": 7
    },
    "2016-06-30": {
        "Diluted EPS": -0.0,
        "Total Revenue": 187,
        "Gross Profit": 106,
        "Operating Income": 23,
        "EBIT": 23,
        "Net Income": 0
    },
    "2016-03-31": {
        "Diluted EPS": 0.15,
        "Total Revenue": 189,
        "Gross Profit": 109,
        "Operating Income": 24,
        "EBIT": 24,
        "Net Income": 8
    },
    "2015-12-31": {
        "Diluted EPS": 0.1,
        "Total Revenue": 188,
        "Gross Profit": 109,
        "Operating Income": 20,
        "EBIT": 20,
        "Net Income": 5
    },
    "2015-09-30": {
        "Diluted EPS": 0.05,
        "Total Revenue": 194,
        "Gross Profit": 111,
        "Operating Income": 14,
        "EBIT": 14,
        "Net Income": 2
    },
    "2015-06-30": {
        "Diluted EPS": -0.32,
        "Total Revenue": 201,
        "Gross Profit": 115,
        "Operating Income": 28,
        "EBIT": 28,
        "Net Income": -16
    },
    "2015-03-31": {
        "Diluted EPS": 0.15,
        "Total Revenue": 193,
        "Gross Profit": 113,
        "Operating Income": 27,
        "EBIT": 27,
        "Net Income": 8
    },
    "2014-12-31": {
        "Diluted EPS": -0.28,
        "Total Revenue": 186,
        "Gross Profit": 111,
        "Operating Income": 16,
        "EBIT": 16,
        "Net Income": -10
    },
    "2014-09-30": {
        "Diluted EPS": 0.19,
        "Total Revenue": 149,
        "Gross Profit": 93,
        "Operating Income": 24,
        "EBIT": 24,
        "Net Income": 7
    },
    "2014-06-30": {
        "Diluted EPS": 0.24,
        "Total Revenue": 151,
        "Gross Profit": 95,
        "Operating Income": 25,
        "EBIT": 25,
        "Net Income": 10
    },
    "2014-03-31": {
        "Diluted EPS": 0.2,
        "Total Revenue": 150,
        "Gross Profit": 94,
        "Operating Income": 26,
        "EBIT": 26,
        "Net Income": 8
    },
    "2013-12-31": {
        "Diluted EPS": 0.08,
        "Total Revenue": 148,
        "Gross Profit": 92,
        "Operating Income": 22,
        "EBIT": 22,
        "Net Income": 3
    },
    "2013-09-30": {
        "Diluted EPS": 0.29,
        "Total Revenue": 151,
        "Gross Profit": 95,
        "Operating Income": 26,
        "EBIT": 26,
        "Net Income": 12
    },
    "2013-06-30": {
        "Diluted EPS": 0.22,
        "Total Revenue": 151,
        "Gross Profit": 95,
        "Operating Income": 27,
        "EBIT": 27,
        "Net Income": 9
    },
    "2013-03-31": {
        "Diluted EPS": 0.17,
        "Total Revenue": 152,
        "Gross Profit": 96,
        "Operating Income": 28,
        "EBIT": 28,
        "Net Income": 7
    },
    "2012-12-31": {
        "Diluted EPS": 0.02,
        "Total Revenue": 147,
        "Gross Profit": 94,
        "Operating Income": 19,
        "EBIT": 19,
        "Net Income": 2
    },
    "2012-09-30": {
        "Diluted EPS": -0.02,
        "Total Revenue": 151,
        "Gross Profit": 96,
        "Operating Income": 8,
        "EBIT": 8,
        "Net Income": -1
    },
    "2012-06-30": {
        "Diluted EPS": 0.09,
        "Total Revenue": 87,
        "Gross Profit": 55,
        "Operating Income": 13,
        "EBIT": 13,
        "Net Income": 3
    },
    "2012-03-31": {
        "Diluted EPS": 0.06,
        "Total Revenue": 93,
        "Gross Profit": 58,
        "Operating Income": 11,
        "EBIT": 11,
        "Net Income": 2
    },
    "2011-12-31": {
        "Diluted EPS": 0.26,
        "Total Revenue": 68,
        "Gross Profit": 51,
        "Operating Income": 12,
        "EBIT": 12,
        "Net Income": 8
    },
    "2011-09-30": {
        "Diluted EPS": 0.19,
        "Total Revenue": 93,
        "Gross Profit": 59,
        "Operating Income": 15,
        "EBIT": 15,
        "Net Income": 6
    },
    "2011-06-30": {
        "Diluted EPS": 0.18,
        "Total Revenue": 93,
        "Gross Profit": 58,
        "Operating Income": 15,
        "EBIT": 37,
        "Net Income": 5
    },
    "2011-03-31": {
        "Diluted EPS": 0.25,
        "Total Revenue": 95,
        "Gross Profit": 60,
        "Operating Income": 17,
        "EBIT": 39,
        "Net Income": 7
    },
    "2010-12-31": {
        "Diluted EPS": 0.22,
        "Total Revenue": 94,
        "Gross Profit": 59,
        "Operating Income": 15,
        "EBIT": 38,
        "Net Income": 7
    },
    "2010-09-30": {
        "Diluted EPS": 0.4,
        "Total Revenue": 96,
        "Gross Profit": 59,
        "Operating Income": 16,
        "EBIT": 38,
        "Net Income": 12
    },
    "2010-06-30": {
        "Diluted EPS": 0.24,
        "Total Revenue": 96,
        "Gross Profit": 60,
        "Operating Income": 17,
        "EBIT": 39,
        "Net Income": 7
    },
    "2010-03-31": {
        "Diluted EPS": 0.23,
        "Total Revenue": 98,
        "Gross Profit": 62,
        "Operating Income": 18,
        "EBIT": 40,
        "Net Income": 7
    },
    "2009-12-31": {
        "Diluted EPS": 0.24,
        "Total Revenue": 101,
        "Gross Profit": 64,
        "Operating Income": 17,
        "EBIT": 39,
        "Net Income": 7
    },
    "2009-09-30": {
        "Diluted EPS": 0.24,
        "Total Revenue": 102,
        "Gross Profit": 65,
        "Operating Income": 18,
        "EBIT": 40,
        "Net Income": 7
    },
    "2009-06-30": {
        "Diluted EPS": 0.25,
        "Total Revenue": 102,
        "Gross Profit": 66,
        "Operating Income": 19,
        "EBIT": 40,
        "Net Income": 7
    },
    "2009-03-31": {
        "Diluted EPS": 0.11,
        "Total Revenue": 102,
        "Gross Profit": 66,
        "Operating Income": 16,
        "EBIT": 38,
        "Net Income": 3
    },
    "2023-06-30": {
        "Tax Effect Of Unusual Items": -11700294.0,
        "Tax Rate For Calcs": 0.146,
        "Normalized EBITDA": 144769000.0,
        "Total Unusual Items": -80139000.0,
        "Total Unusual Items Excluding Goodwill": -80139000.0,
        "Net Income From Continuing Operation Net Minority Interest": -108253000.0,
        "Reconciled Depreciation": 79538000.0,
        "Reconciled Cost Of Revenue": 126967000.0,
        "EBITDA": 64630000.0,
        "EBIT": -14908000.0,
        "Net Interest Income": -36903000.0,
        "Normalized Income": -39814294.0,
        "Net Income From Continuing And Discontinued Operation": -108253000.0,
        "Total Expenses": 290070000.0,
        "Total Operating Income As Reported": -95047000.0,
        "Diluted NI Availto Com Stockholders": -118957000.0,
        "Net Income Common Stockholders": -118957000.0,
        "Preferred Stock Dividends": 10704000.0,
        "Net Income": -108253000.0,
        "Minority Interests": -161000.0,
        "Net Income Including Noncontrolling Interests": -108092000.0,
        "Net Income Discontinuous Operations": 0.0,
        "Net Income Continuous Operations": -108092000.0,
        "Tax Provision": -18448000.0,
        "Pretax Income": -126540000.0,
        "Other Income Expense": -74729000.0,
        "Other Non Operating Income Expenses": 5410000.0,
        "Special Income Charges": -80139000.0,
        "Gain On Sale Of Ppe": -2384000.0,
        "Write Off": 77755000.0,
        "Restructuring And Mergern Acquisition": NaN,
        "Net Non Operating Interest Income Expense": -36903000.0,
        "Total Other Finance Cost": 36903000.0,
        "Operating Income": -14908000.0,
        "Operating Expense": 163103000.0,
        "Depreciation Amortization Depletion Income Statement": 79538000.0,
        "Depreciation And Amortization In Income Statement": 79538000.0,
        "Selling General And Administration": 83565000.0,
        "Gross Profit": 148195000.0,
        "Cost Of Revenue": 126967000.0,
        "Total Revenue": 275162000.0,
        "Operating Revenue": 275162000.0
    },
    "2023-09-30": {
        "Tax Effect Of Unusual Items": -1003800.0,
        "Tax Rate For Calcs": 0.15,
        "Normalized EBITDA": 61110000.0,
        "Total Unusual Items": -6692000.0,
        "Total Unusual Items Excluding Goodwill": -6692000.0,
        "Net Income From Continuing Operation Net Minority Interest": -57857000.0,
        "Reconciled Depreciation": 79604000.0,
        "Reconciled Cost Of Revenue": 132422000.0,
        "EBITDA": 54418000.0,
        "EBIT": -25186000.0,
        "Net Interest Income": -39571000.0,
        "Normalized Income": -52168800.0,
        "Net Income From Continuing And Discontinued Operation": -57857000.0,
        "Total Expenses": 308840000.0,
        "Total Operating Income As Reported": -31878000.0,
        "Diluted NI Availto Com Stockholders": -69162000.0,
        "Net Income Common Stockholders": -69162000.0,
        "Preferred Stock Dividends": 11305000.0,
        "Net Income": -57857000.0,
        "Minority Interests": -137000.0,
        "Net Income Including Noncontrolling Interests": -57720000.0,
        "Net Income Discontinuous Operations": 0.0,
        "Net Income Continuous Operations": -57720000.0,
        "Tax Provision": -10220000.0,
        "Pretax Income": -67940000.0,
        "Other Income Expense": -3183000.0,
        "Other Non Operating Income Expenses": 3509000.0,
        "Special Income Charges": -6692000.0,
        "Gain On Sale Of Ppe": -6692000.0,
        "Write Off": 0.0,
        "Restructuring And Mergern Acquisition": NaN,
        "Net Non Operating Interest Income Expense": -39571000.0,
        "Total Other Finance Cost": 39571000.0,
        "Operating Income": -25186000.0,
        "Operating Expense": 176418000.0,
        "Depreciation Amortization Depletion Income Statement": 79604000.0,
        "Depreciation And Amortization In Income Statement": 79604000.0,
        "Selling General And Administration": 96814000.0,
        "Gross Profit": 151232000.0,
        "Cost Of Revenue": 132422000.0,
        "Total Revenue": 283654000.0,
        "Operating Revenue": 283654000.0
    }
}