{
    "2022-06-30": {
        "Tax Effect Of Unusual Items": 974400.0,
        "Tax Rate For Calcs": 0.4,
        "Normalized EBITDA": -9720000.0,
        "Total Unusual Items": 2436000.0,
        "Total Unusual Items Excluding Goodwill": 2436000.0,
        "Net Income From Continuing Operation Net Minority Interest": -11887000.0,
        "Reconciled Depreciation": 2150000.0,
        "Reconciled Cost Of Revenue": 6586000.0,
        "EBITDA": -7284000.0,
        "EBIT": -9434000.0,
        "Net Interest Income": -2278000.0,
        "Interest Expense": 2278000.0,
        "Interest Income": 0.0,
        "Normalized Income": -13348600.0,
        "Net Income From Continuing And Discontinued Operation": -10348000.0,
        "Total Expenses": 23068000.0,
        "Total Operating Income As Reported": -10835000.0,
        "Diluted Average Shares": 27231579.0,
        "Basic Average Shares": 27231579.0,
        "Diluted EPS": -0.38,
        "Basic EPS": -0.38,
        "Diluted NI Availto Com Stockholders": -10348000.0,
        "Net Income Common Stockholders": -10348000.0,
        "Net Income": -10348000.0,
        "Net Income Including Noncontrolling Interests": -10348000.0,
        "Net Income Discontinuous Operations": 1539000.0,
        "Net Income Continuous Operations": -11887000.0,
        "Tax Provision": 175000.0,
        "Pretax Income": -11712000.0,
        "Other Income Expense": 2436000.0,
        "Special Income Charges": 1035000.0,
        "Write Off": -1035000.0,
        "Gain On Sale Of Security": 1401000.0,
        "Net Non Operating Interest Income Expense": -2278000.0,
        "Interest Expense Non Operating": 2278000.0,
        "Interest Income Non Operating": 0.0,
        "Operating Income": -11870000.0,
        "Operating Expense": 16482000.0,
        "Other Operating Expenses": -151000.0,
        "Research And Development": 4457000.0,
        "Selling General And Administration": 12176000.0,
        "Selling And Marketing Expense": 2798000.0,
        "General And Administrative Expense": 9378000.0,
        "Other Gand A": 9378000.0,
        "Gross Profit": 4612000.0,
        "Cost Of Revenue": 6586000.0,
        "Total Revenue": 11198000.0,
        "Operating Revenue": 11198000.0
    },
    "2022-03-31": {
        "Diluted EPS": -0.31,
        "Total Revenue": 12,
        "Gross Profit": 4,
        "Operating Income": -12,
        "EBIT": -7,
        "Net Income": -7
    },
    "2021-12-31": {
        "Diluted EPS": -0.59,
        "Total Revenue": 48,
        "Gross Profit": 14,
        "Operating Income": -14,
        "EBIT": -5,
        "Net Income": -14
    },
    "2021-09-30": {
        "Diluted EPS": -1.13,
        "Total Revenue": 36,
        "Gross Profit": -6,
        "Operating Income": -25,
        "EBIT": -17,
        "Net Income": -26
    },
    "2021-06-30": {
        "Diluted EPS": -0.45,
        "Total Revenue": 62,
        "Gross Profit": 10,
        "Operating Income": -9,
        "EBIT": -5,
        "Net Income": -10
    },
    "2021-03-31": {
        "Diluted EPS": -0.27,
        "Total Revenue": 78,
        "Gross Profit": 16,
        "Operating Income": -6,
        "EBIT": -2,
        "Net Income": -6
    },
    "2020-12-31": {
        "Diluted EPS": 0.2,
        "Total Revenue": 80,
        "Gross Profit": 27,
        "Operating Income": 3,
        "EBIT": 12,
        "Net Income": 3
    },
    "2020-09-30": {
        "Diluted EPS": -0.32,
        "Total Revenue": 42,
        "Gross Profit": 12,
        "Operating Income": -6,
        "EBIT": -2,
        "Net Income": -7
    },
    "2020-06-30": {
        "Diluted EPS": -0.57,
        "Total Revenue": 11,
        "Gross Profit": 3,
        "Operating Income": -11,
        "EBIT": -9,
        "Net Income": -11
    },
    "2020-03-31": {
        "Diluted EPS": -0.47,
        "Total Revenue": 13,
        "Gross Profit": 6,
        "Operating Income": -9,
        "EBIT": -7,
        "Net Income": -10
    },
    "2019-09-30": {
        "Diluted EPS": -0.02,
        "Total Revenue": 13,
        "Gross Profit": 6,
        "Operating Income": -3,
        "EBIT": -1,
        "Net Income": -5
    },
    "2019-06-30": {
        "Diluted EPS": 0.0,
        "Total Revenue": NaN,
        "Gross Profit": NaN,
        "Operating Income": NaN,
        "Net Income": NaN
    },
    "2018-12-31": {
        "Diluted EPS": 0.0,
        "Total Revenue": NaN,
        "Gross Profit": NaN,
        "Operating Income": NaN,
        "EBIT": NaN,
        "Net Income": NaN
    }
}