{
    "2023-03-31": {
        "Tax Effect Of Unusual Items": NaN,
        "Tax Rate For Calcs": NaN,
        "Normalized EBITDA": NaN,
        "Total Unusual Items": NaN,
        "Total Unusual Items Excluding Goodwill": NaN,
        "Net Income From Continuing Operation Net Minority Interest": NaN,
        "Reconciled Depreciation": NaN,
        "Reconciled Cost Of Revenue": NaN,
        "EBITDA": NaN,
        "EBIT": NaN,
        "Net Interest Income": NaN,
        "Interest Expense": NaN,
        "Interest Income": NaN,
        "Normalized Income": NaN,
        "Net Income From Continuing And Discontinued Operation": NaN,
        "Total Expenses": NaN,
        "Total Operating Income As Reported": NaN,
        "Diluted Average Shares": 30056000.0,
        "Basic Average Shares": 30056000.0,
        "Diluted EPS": -0.04,
        "Basic EPS": -0.04,
        "Diluted NI Availto Com Stockholders": NaN,
        "Net Income Common Stockholders": NaN,
        "Net Income": NaN,
        "Minority Interests": NaN,
        "Net Income Including Noncontrolling Interests": NaN,
        "Net Income Continuous Operations": NaN,
        "Tax Provision": NaN,
        "Pretax Income": NaN,
        "Other Income Expense": NaN,
        "Special Income Charges": NaN,
        "Gain On Sale Of Ppe": 0.0,
        "Gain On Sale Of Business": NaN,
        "Earnings From Equity Interest": NaN,
        "Gain On Sale Of Security": NaN,
        "Net Non Operating Interest Income Expense": NaN,
        "Interest Expense Non Operating": NaN,
        "Interest Income Non Operating": NaN,
        "Operating Income": NaN,
        "Operating Expense": NaN,
        "Other Operating Expenses": NaN,
        "Depreciation Amortization Depletion Income Statement": NaN,
        "Depreciation And Amortization In Income Statement": NaN,
        "Selling General And Administration": NaN,
        "General And Administrative Expense": NaN,
        "Other Gand A": NaN,
        "Gross Profit": NaN,
        "Cost Of Revenue": NaN,
        "Total Revenue": NaN,
        "Operating Revenue": NaN
    },
    "2022-12-31": {
        "Tax Effect Of Unusual Items": NaN,
        "Tax Rate For Calcs": NaN,
        "Normalized EBITDA": NaN,
        "Total Unusual Items": NaN,
        "Total Unusual Items Excluding Goodwill": NaN,
        "Net Income From Continuing Operation Net Minority Interest": NaN,
        "Reconciled Depreciation": NaN,
        "Reconciled Cost Of Revenue": NaN,
        "EBITDA": NaN,
        "EBIT": NaN,
        "Net Interest Income": NaN,
        "Interest Expense": NaN,
        "Interest Income": NaN,
        "Normalized Income": NaN,
        "Net Income From Continuing And Discontinued Operation": NaN,
        "Total Expenses": NaN,
        "Total Operating Income As Reported": NaN,
        "Diluted Average Shares": NaN,
        "Basic Average Shares": NaN,
        "Diluted EPS": NaN,
        "Basic EPS": NaN,
        "Diluted NI Availto Com Stockholders": NaN,
        "Net Income Common Stockholders": NaN,
        "Net Income": NaN,
        "Minority Interests": NaN,
        "Net Income Including Noncontrolling Interests": NaN,
        "Net Income Continuous Operations": NaN,
        "Tax Provision": NaN,
        "Pretax Income": NaN,
        "Other Income Expense": NaN,
        "Special Income Charges": NaN,
        "Gain On Sale Of Ppe": 0.0,
        "Gain On Sale Of Business": NaN,
        "Earnings From Equity Interest": NaN,
        "Gain On Sale Of Security": NaN,
        "Net Non Operating Interest Income Expense": NaN,
        "Interest Expense Non Operating": NaN,
        "Interest Income Non Operating": NaN,
        "Operating Income": NaN,
        "Operating Expense": NaN,
        "Other Operating Expenses": NaN,
        "Depreciation Amortization Depletion Income Statement": NaN,
        "Depreciation And Amortization In Income Statement": NaN,
        "Selling General And Administration": NaN,
        "General And Administrative Expense": NaN,
        "Other Gand A": NaN,
        "Gross Profit": NaN,
        "Cost Of Revenue": NaN,
        "Total Revenue": NaN,
        "Operating Revenue": NaN
    },
    "2022-09-30": {
        "Tax Effect Of Unusual Items": 69041.461007,
        "Tax Rate For Calcs": 0.168806,
        "Normalized EBITDA": 28133000.0,
        "Total Unusual Items": 409000.0,
        "Total Unusual Items Excluding Goodwill": 409000.0,
        "Net Income From Continuing Operation Net Minority Interest": 2944000.0,
        "Reconciled Depreciation": 7553000.0,
        "Reconciled Cost Of Revenue": 59885000.0,
        "EBITDA": 28542000.0,
        "EBIT": 20989000.0,
        "Net Interest Income": -15350000.0,
        "Interest Expense": 15924000.0,
        "Interest Income": 574000.0,
        "Normalized Income": 2604041.461007,
        "Net Income From Continuing And Discontinued Operation": 2944000.0,
        "Total Expenses": 93617000.0,
        "Total Operating Income As Reported": 20006000.0,
        "Diluted Average Shares": 31404000.0,
        "Basic Average Shares": 29864000.0,
        "Diluted EPS": 0.09,
        "Basic EPS": 0.1,
        "Diluted NI Availto Com Stockholders": 2944000.0,
        "Net Income Common Stockholders": 2944000.0,
        "Net Income": 2944000.0,
        "Minority Interests": -1266000.0,
        "Net Income Including Noncontrolling Interests": 4210000.0,
        "Net Income Continuous Operations": 4210000.0,
        "Tax Provision": 855000.0,
        "Pretax Income": 5065000.0,
        "Other Income Expense": 1480000.0,
        "Other Non Operating Income Expenses": NaN,
        "Special Income Charges": 0.0,
        "Gain On Sale Of Ppe": 0.0,
        "Gain On Sale Of Business": NaN,
        "Earnings From Equity Interest": 1071000.0,
        "Gain On Sale Of Security": 409000.0,
        "Net Non Operating Interest Income Expense": -15350000.0,
        "Interest Expense Non Operating": 15924000.0,
        "Interest Income Non Operating": 574000.0,
        "Operating Income": 18935000.0,
        "Operating Expense": 32955000.0,
        "Other Operating Expenses": NaN,
        "Depreciation Amortization Depletion Income Statement": 6776000.0,
        "Depreciation And Amortization In Income Statement": 6776000.0,
        "Selling General And Administration": 26179000.0,
        "General And Administrative Expense": 26179000.0,
        "Other Gand A": 26179000.0,
        "Gross Profit": 51890000.0,
        "Cost Of Revenue": 60662000.0,
        "Total Revenue": 112552000.0,
        "Operating Revenue": 109222000.0
    },
    "2022-06-30": {
        "Tax Effect Of Unusual Items": 169600.0,
        "Tax Rate For Calcs": 0.4,
        "Normalized EBITDA": 28632000.0,
        "Total Unusual Items": 424000.0,
        "Total Unusual Items Excluding Goodwill": 424000.0,
        "Net Income From Continuing Operation Net Minority Interest": 8856000.0,
        "Reconciled Depreciation": 7722000.0,
        "Reconciled Cost Of Revenue": 57807000.0,
        "EBITDA": 29056000.0,
        "EBIT": 21334000.0,
        "Net Interest Income": -21796000.0,
        "Interest Expense": 21904000.0,
        "Interest Income": 108000.0,
        "Normalized Income": 8601600.0,
        "Net Income From Continuing And Discontinued Operation": 8856000.0,
        "Total Expenses": 91383000.0,
        "Total Operating Income As Reported": 20802000.0,
        "Diluted Average Shares": 31506000.0,
        "Basic Average Shares": 29843000.0,
        "Diluted EPS": 0.28,
        "Basic EPS": 0.3,
        "Diluted NI Availto Com Stockholders": 8856000.0,
        "Net Income Common Stockholders": 8856000.0,
        "Net Income": 8856000.0,
        "Minority Interests": -995000.0,
        "Net Income Including Noncontrolling Interests": 9851000.0,
        "Net Income Continuous Operations": 9851000.0,
        "Tax Provision": -10421000.0,
        "Pretax Income": -570000.0,
        "Other Income Expense": 1487000.0,
        "Other Non Operating Income Expenses": NaN,
        "Special Income Charges": 0.0,
        "Gain On Sale Of Ppe": 0.0,
        "Gain On Sale Of Business": NaN,
        "Earnings From Equity Interest": 1063000.0,
        "Gain On Sale Of Security": 424000.0,
        "Net Non Operating Interest Income Expense": -21796000.0,
        "Interest Expense Non Operating": 21904000.0,
        "Interest Income Non Operating": 108000.0,
        "Operating Income": 19739000.0,
        "Operating Expense": 32633000.0,
        "Other Operating Expenses": NaN,
        "Depreciation Amortization Depletion Income Statement": 6779000.0,
        "Depreciation And Amortization In Income Statement": 6779000.0,
        "Selling General And Administration": 25854000.0,
        "General And Administrative Expense": 25854000.0,
        "Other Gand A": 25854000.0,
        "Gross Profit": 52372000.0,
        "Cost Of Revenue": 58750000.0,
        "Total Revenue": 111122000.0,
        "Operating Revenue": 108298000.0
    },
    "2022-03-31": {
        "Diluted EPS": 0.01,
        "Total Revenue": 103,
        "Gross Profit": 49,
        "Operating Income": 13,
        "EBIT": 22,
        "Net Income": 0
    },
    "2021-12-31": {
        "Diluted EPS": 0.13,
        "Total Revenue": 107,
        "Gross Profit": 50,
        "Operating Income": 16,
        "EBIT": 25,
        "Net Income": 4
    },
    "2021-09-30": {
        "Diluted EPS": 0.36,
        "Total Revenue": 117,
        "Gross Profit": 57,
        "Operating Income": 26,
        "EBIT": 35,
        "Net Income": 11
    },
    "2021-06-30": {
        "Diluted EPS": 0.22,
        "Total Revenue": 92,
        "Gross Profit": 46,
        "Operating Income": 18,
        "EBIT": 27,
        "Net Income": 7
    },
    "2021-03-31": {
        "Diluted EPS": -0.05,
        "Total Revenue": 72,
        "Gross Profit": 35,
        "Operating Income": 8,
        "EBIT": 17,
        "Net Income": -1
    },
    "2020-12-31": {
        "Diluted EPS": 0.23,
        "Total Revenue": 85,
        "Gross Profit": 40,
        "Operating Income": 19,
        "EBIT": -9,
        "Net Income": 7
    },
    "2020-09-30": {
        "Diluted EPS": 0.13,
        "Total Revenue": 96,
        "Gross Profit": 46,
        "Operating Income": 15,
        "EBIT": 58,
        "Net Income": 4
    },
    "2020-06-30": {
        "Diluted EPS": -0.43,
        "Total Revenue": 36,
        "Gross Profit": 14,
        "Operating Income": -2,
        "EBIT": -27,
        "Net Income": -13
    },
    "2020-03-31": {
        "Diluted EPS": -1.55,
        "Total Revenue": 88,
        "Gross Profit": 35,
        "Operating Income": -32,
        "EBIT": 10,
        "Net Income": -46
    },
    "2019-12-31": {
        "Diluted EPS": -0.69,
        "Total Revenue": 67,
        "Gross Profit": 18,
        "Operating Income": -15,
        "EBIT": -5,
        "Net Income": -20
    },
    "2019-09-30": {
        "Diluted EPS": 0.02,
        "Total Revenue": 53,
        "Gross Profit": 26,
        "Operating Income": 3,
        "EBIT": 7,
        "Net Income": 0
    },
    "2019-06-30": {
        "Diluted EPS": -0.02,
        "Total Revenue": 52,
        "Gross Profit": 26,
        "Operating Income": 3,
        "EBIT": 5,
        "Net Income": -1
    },
    "2019-03-31": {
        "Diluted EPS": 0.04,
        "Total Revenue": 46,
        "Gross Profit": 22,
        "Operating Income": 3,
        "EBIT": 6,
        "Net Income": 1
    },
    "2018-12-31": {
        "Diluted EPS": 0.02,
        "Total Revenue": 45,
        "Gross Profit": 20,
        "Operating Income": 2,
        "EBIT": 5,
        "Net Income": 1
    },
    "2018-09-30": {
        "Diluted EPS": 0.05,
        "Total Revenue": 44,
        "Gross Profit": 21,
        "Operating Income": 3,
        "EBIT": 6,
        "Net Income": 2
    },
    "2018-06-30": {
        "Diluted EPS": 0.01,
        "Total Revenue": 40,
        "Gross Profit": 19,
        "Operating Income": 1,
        "EBIT": 3,
        "Net Income": 0
    },
    "2018-03-31": {
        "Diluted EPS": 0.03,
        "Total Revenue": 41,
        "Gross Profit": 19,
        "Operating Income": 3,
        "EBIT": 6,
        "Net Income": 1
    },
    "2017-12-31": {
        "Diluted EPS": -0.23,
        "Total Revenue": 39,
        "Gross Profit": 18,
        "Operating Income": 2,
        "EBIT": 5,
        "Net Income": -5
    },
    "2017-09-30": {
        "Diluted EPS": 0.31,
        "Total Revenue": 41,
        "Gross Profit": 20,
        "Operating Income": 5,
        "EBIT": 7,
        "Net Income": 8
    },
    "2017-06-30": {
        "Diluted EPS": 0.07,
        "Total Revenue": 37,
        "Gross Profit": 18,
        "Operating Income": 4,
        "EBIT": 6,
        "Net Income": 2
    },
    "2017-03-31": {
        "Diluted EPS": 0.09,
        "Total Revenue": 36,
        "Gross Profit": 18,
        "Operating Income": 4,
        "EBIT": 7,
        "Net Income": 2
    },
    "2016-12-31": {
        "Diluted EPS": 0.11,
        "Total Revenue": 36,
        "Gross Profit": 16,
        "Operating Income": 4,
        "EBIT": 6,
        "Net Income": 3
    },
    "2016-09-30": {
        "Diluted EPS": 0.08,
        "Total Revenue": 35,
        "Gross Profit": 17,
        "Operating Income": 4,
        "EBIT": 6,
        "Net Income": 2
    },
    "2016-06-30": {
        "Diluted EPS": 0.09,
        "Total Revenue": 35,
        "Gross Profit": 18,
        "Operating Income": 5,
        "EBIT": 7,
        "Net Income": 2
    },
    "2016-03-31": {
        "Diluted EPS": 0.09,
        "Total Revenue": 33,
        "Gross Profit": 17,
        "Operating Income": 4,
        "EBIT": 6,
        "Net Income": 2
    },
    "2015-12-31": {
        "Diluted EPS": 0.01,
        "Total Revenue": 32,
        "Gross Profit": 15,
        "Operating Income": 2,
        "EBIT": 4,
        "Net Income": 0
    },
    "2015-09-30": {
        "Diluted EPS": 0.11,
        "Total Revenue": 34,
        "Gross Profit": 17,
        "Operating Income": 4,
        "EBIT": 7,
        "Net Income": 3
    },
    "2015-06-30": {
        "Diluted EPS": 0.27,
        "Total Revenue": 38,
        "Gross Profit": 21,
        "Operating Income": 8,
        "EBIT": 10,
        "Net Income": 7
    },
    "2015-03-31": {
        "Diluted EPS": 0.08,
        "Total Revenue": 30,
        "Gross Profit": 13,
        "Operating Income": 2,
        "EBIT": 4,
        "Net Income": 2
    },
    "2014-12-31": {
        "Diluted EPS": -0.01,
        "Total Revenue": 31,
        "Gross Profit": 13,
        "Operating Income": 1,
        "EBIT": 4,
        "Net Income": 0
    },
    "2014-09-30": {
        "Diluted EPS": 0.03,
        "Total Revenue": 28,
        "Gross Profit": 12,
        "Operating Income": 1,
        "EBIT": 3,
        "Net Income": 1
    },
    "2014-06-30": {
        "Diluted EPS": 0.01,
        "Total Revenue": 32,
        "Gross Profit": 13,
        "Operating Income": 0,
        "EBIT": 2,
        "Net Income": 0
    },
    "2014-03-31": {
        "Diluted EPS": 0.02,
        "Total Revenue": 29,
        "Gross Profit": 11,
        "Operating Income": 1,
        "EBIT": 3,
        "Net Income": 1
    },
    "2013-12-31": {
        "Diluted EPS": 0.0,
        "Total Revenue": 29,
        "Gross Profit": 12,
        "Operating Income": 0,
        "EBIT": 2,
        "Net Income": 0
    },
    "2013-09-30": {
        "Diluted EPS": 0.04,
        "Total Revenue": 29,
        "Gross Profit": 12,
        "Operating Income": 1,
        "EBIT": 3,
        "Net Income": 1
    },
    "2013-06-30": {
        "Diluted EPS": 0.15,
        "Total Revenue": 28,
        "Gross Profit": 12,
        "Operating Income": 2,
        "EBIT": 4,
        "Net Income": 4
    },
    "2013-03-31": {
        "Diluted EPS": 0.07,
        "Total Revenue": 18,
        "Gross Profit": 9,
        "Operating Income": 2,
        "EBIT": 3,
        "Net Income": 2
    },
    "2012-12-31": {
        "Diluted EPS": 0.02,
        "Total Revenue": 18,
        "Gross Profit": 8,
        "Operating Income": 1,
        "EBIT": 2,
        "Net Income": 1
    },
    "2012-09-30": {
        "Diluted EPS": 0.05,
        "Total Revenue": 19,
        "Gross Profit": 8,
        "Operating Income": 2,
        "EBIT": 3,
        "Net Income": 1
    },
    "2012-06-30": {
        "Diluted EPS": 0.05,
        "Total Revenue": 18,
        "Gross Profit": 8,
        "Operating Income": 2,
        "EBIT": 3,
        "Net Income": 1
    },
    "2012-03-31": {
        "Diluted EPS": 0.05,
        "Total Revenue": 18,
        "Gross Profit": 8,
        "Operating Income": 2,
        "EBIT": 3,
        "Net Income": 1
    },
    "2011-12-31": {
        "Diluted EPS": 0.02,
        "Total Revenue": 18,
        "Gross Profit": 8,
        "Operating Income": 1,
        "EBIT": 2,
        "Net Income": 1
    },
    "2011-09-30": {
        "Diluted EPS": 0.06,
        "Total Revenue": 18,
        "Gross Profit": 8,
        "Operating Income": 2,
        "EBIT": 3,
        "Net Income": 1
    },
    "2011-06-30": {
        "Diluted EPS": 0.03,
        "Total Revenue": 18,
        "Gross Profit": 8,
        "Operating Income": 1,
        "EBIT": 3,
        "Net Income": 1
    },
    "2011-03-31": {
        "Diluted EPS": 0.02,
        "Total Revenue": 17,
        "Gross Profit": 8,
        "Operating Income": 1,
        "EBIT": 3,
        "Net Income": 0
    },
    "2010-12-31": {
        "Diluted EPS": 0.03,
        "Total Revenue": 16,
        "Gross Profit": 6,
        "Operating Income": 0,
        "EBIT": 1,
        "Net Income": 1
    },
    "2010-09-30": {
        "Diluted EPS": 0.01,
        "Total Revenue": 16,
        "Gross Profit": 7,
        "Operating Income": 1,
        "EBIT": 2,
        "Net Income": 0
    },
    "2010-06-30": {
        "Diluted EPS": -0.01,
        "Total Revenue": 15,
        "Gross Profit": 7,
        "Operating Income": 0,
        "EBIT": 2,
        "Net Income": 0
    },
    "2010-03-31": {
        "Diluted EPS": 0.01,
        "Total Revenue": 14,
        "Gross Profit": 7,
        "Operating Income": 0,
        "EBIT": 2,
        "Net Income": 0
    },
    "2009-12-31": {
        "Diluted EPS": -0.32,
        "Total Revenue": 12,
        "Gross Profit": 6,
        "Operating Income": -9,
        "EBIT": -7,
        "Net Income": -8
    },
    "2009-09-30": {
        "Diluted EPS": -0.03,
        "Total Revenue": 14,
        "Gross Profit": 7,
        "Operating Income": 1,
        "EBIT": 4,
        "Net Income": -1
    },
    "2009-06-30": {
        "Diluted EPS": 0.8,
        "Total Revenue": 12,
        "Gross Profit": 6,
        "Operating Income": 0,
        "EBIT": 2,
        "Net Income": 19
    },
    "2009-03-31": {
        "Diluted EPS": 0.01,
        "Total Revenue": 12,
        "Gross Profit": 6,
        "Operating Income": 0,
        "EBIT": 2,
        "Net Income": 0
    },
    "2023-06-30": {
        "Tax Effect Of Unusual Items": 153098.039216,
        "Tax Rate For Calcs": 0.20915,
        "Normalized EBITDA": 29357000.0,
        "Total Unusual Items": 732000.0,
        "Total Unusual Items Excluding Goodwill": 732000.0,
        "Net Income From Continuing Operation Net Minority Interest": -1959000.0,
        "Reconciled Depreciation": 11281000.0,
        "Reconciled Cost Of Revenue": 73304000.0,
        "EBITDA": 30089000.0,
        "EBIT": 18808000.0,
        "Net Interest Income": -18230000.0,
        "Interest Expense": 18349000.0,
        "Interest Income": 119000.0,
        "Normalized Income": -2537901.960784,
        "Net Income From Continuing And Discontinued Operation": -1959000.0,
        "Total Expenses": 118834000.0,
        "Total Operating Income As Reported": 18629000.0,
        "Diluted Average Shares": 30335000.0,
        "Basic Average Shares": 30335000.0,
        "Diluted EPS": -0.06,
        "Basic EPS": -0.06,
        "Diluted NI Availto Com Stockholders": -1959000.0,
        "Net Income Common Stockholders": -1959000.0,
        "Net Income": -1959000.0,
        "Minority Interests": -2322000.0,
        "Net Income Including Noncontrolling Interests": 363000.0,
        "Net Income Continuous Operations": 363000.0,
        "Tax Provision": 96000.0,
        "Pretax Income": 459000.0,
        "Other Income Expense": 762000.0,
        "Special Income Charges": 672000.0,
        "Gain On Sale Of Ppe": 0.0,
        "Gain On Sale Of Business": 672000.0,
        "Earnings From Equity Interest": 30000.0,
        "Gain On Sale Of Security": 60000.0,
        "Net Non Operating Interest Income Expense": -18230000.0,
        "Interest Expense Non Operating": 18349000.0,
        "Interest Income Non Operating": 119000.0,
        "Operating Income": 17927000.0,
        "Operating Expense": 44439000.0,
        "Other Operating Expenses": 3265000.0,
        "Depreciation Amortization Depletion Income Statement": 10190000.0,
        "Depreciation And Amortization In Income Statement": 10190000.0,
        "Selling General And Administration": 34249000.0,
        "General And Administrative Expense": 34249000.0,
        "Other Gand A": 34249000.0,
        "Gross Profit": 62366000.0,
        "Cost Of Revenue": 74395000.0,
        "Total Revenue": 136761000.0,
        "Operating Revenue": 129955000.0
    },
    "2023-09-30": {
        "Tax Effect Of Unusual Items": 131374.380065,
        "Tax Rate For Calcs": 0.185557,
        "Normalized EBITDA": 27600000.0,
        "Total Unusual Items": 708000.0,
        "Total Unusual Items Excluding Goodwill": 708000.0,
        "Net Income From Continuing Operation Net Minority Interest": -14175000.0,
        "Reconciled Depreciation": 13399000.0,
        "Reconciled Cost Of Revenue": 90467000.0,
        "EBITDA": 28308000.0,
        "EBIT": 14909000.0,
        "Net Interest Income": -31368000.0,
        "Interest Expense": 31443000.0,
        "Interest Income": 75000.0,
        "Normalized Income": -14751625.619935,
        "Net Income From Continuing And Discontinued Operation": -14175000.0,
        "Total Expenses": 147053000.0,
        "Total Operating Income As Reported": 14467000.0,
        "Diluted Average Shares": 30340000.0,
        "Basic Average Shares": 30340000.0,
        "Diluted EPS": -0.47,
        "Basic EPS": -0.47,
        "Diluted NI Availto Com Stockholders": -14175000.0,
        "Net Income Common Stockholders": -14175000.0,
        "Net Income": -14175000.0,
        "Minority Interests": -709000.0,
        "Net Income Including Noncontrolling Interests": -13466000.0,
        "Net Income Continuous Operations": -13466000.0,
        "Tax Provision": -3068000.0,
        "Pretax Income": -16534000.0,
        "Other Income Expense": 708000.0,
        "Special Income Charges": 341000.0,
        "Gain On Sale Of Ppe": 0.0,
        "Gain On Sale Of Business": 341000.0,
        "Earnings From Equity Interest": 0.0,
        "Gain On Sale Of Security": 367000.0,
        "Net Non Operating Interest Income Expense": -31368000.0,
        "Interest Expense Non Operating": 31443000.0,
        "Interest Income Non Operating": 75000.0,
        "Operating Income": 14126000.0,
        "Operating Expense": 55705000.0,
        "Other Operating Expenses": NaN,
        "Depreciation Amortization Depletion Income Statement": 12518000.0,
        "Depreciation And Amortization In Income Statement": 12518000.0,
        "Selling General And Administration": 43187000.0,
        "General And Administrative Expense": 43187000.0,
        "Other Gand A": 43187000.0,
        "Gross Profit": 69831000.0,
        "Cost Of Revenue": 91348000.0,
        "Total Revenue": 161179000.0,
        "Operating Revenue": 151756000.0
    },
    "2023-12-31": {
        "Tax Effect Of Unusual Items": -57282.410765,
        "Tax Rate For Calcs": 0.321811,
        "Normalized EBITDA": 27020000.0,
        "Total Unusual Items": -178000.0,
        "Total Unusual Items Excluding Goodwill": -178000.0,
        "Net Income From Continuing Operation Net Minority Interest": -10821000.0,
        "Reconciled Depreciation": 12767000.0,
        "Reconciled Cost Of Revenue": 81927000.0,
        "EBITDA": 26842000.0,
        "EBIT": 14075000.0,
        "Net Interest Income": -24712000.0,
        "Interest Expense": 26486000.0,
        "Interest Income": 1774000.0,
        "Normalized Income": -10700282.410765,
        "Net Income From Continuing And Discontinued Operation": -10821000.0,
        "Total Expenses": 131279000.0,
        "Total Operating Income As Reported": 12552000.0,
        "Diluted Average Shares": NaN,
        "Basic Average Shares": NaN,
        "Diluted EPS": NaN,
        "Basic EPS": NaN,
        "Diluted NI Availto Com Stockholders": -10821000.0,
        "Net Income Common Stockholders": -10821000.0,
        "Net Income": -10821000.0,
        "Minority Interests": -2404000.0,
        "Net Income Including Noncontrolling Interests": -8417000.0,
        "Net Income Continuous Operations": -8417000.0,
        "Tax Provision": -3994000.0,
        "Pretax Income": -12411000.0,
        "Other Income Expense": -178000.0,
        "Special Income Charges": 73000.0,
        "Gain On Sale Of Ppe": 0.0,
        "Gain On Sale Of Business": 73000.0,
        "Earnings From Equity Interest": 0.0,
        "Gain On Sale Of Security": -251000.0,
        "Net Non Operating Interest Income Expense": -24712000.0,
        "Interest Expense Non Operating": 26486000.0,
        "Interest Income Non Operating": 1774000.0,
        "Operating Income": 12479000.0,
        "Operating Expense": 48066000.0,
        "Other Operating Expenses": NaN,
        "Depreciation Amortization Depletion Income Statement": 11481000.0,
        "Depreciation And Amortization In Income Statement": 11481000.0,
        "Selling General And Administration": 36585000.0,
        "General And Administrative Expense": 36585000.0,
        "Other Gand A": 36585000.0,
        "Gross Profit": 60545000.0,
        "Cost Of Revenue": 83213000.0,
        "Total Revenue": 143758000.0,
        "Operating Revenue": 137402000.0
    },
    "2024-03-31": {
        "Tax Effect Of Unusual Items": 295148.0,
        "Tax Rate For Calcs": 0.254,
        "Normalized EBITDA": 21869000.0,
        "Total Unusual Items": 1162000.0,
        "Total Unusual Items Excluding Goodwill": 1162000.0,
        "Net Income From Continuing Operation Net Minority Interest": -13544000.0,
        "Reconciled Depreciation": 12896000.0,
        "Reconciled Cost Of Revenue": 76910000.0,
        "EBITDA": 23031000.0,
        "EBIT": 10135000.0,
        "Net Interest Income": -25129000.0,
        "Interest Expense": 25815000.0,
        "Interest Income": 686000.0,
        "Normalized Income": -14410852.0,
        "Net Income From Continuing And Discontinued Operation": -13544000.0,
        "Total Expenses": 127730000.0,
        "Total Operating Income As Reported": 8287000.0,
        "Diluted Average Shares": 30420000.0,
        "Basic Average Shares": 30420000.0,
        "Diluted EPS": -0.45,
        "Basic EPS": -0.45,
        "Diluted NI Availto Com Stockholders": -13544000.0,
        "Net Income Common Stockholders": -13544000.0,
        "Net Income": -13544000.0,
        "Minority Interests": -1850000.0,
        "Net Income Including Noncontrolling Interests": -11694000.0,
        "Net Income Continuous Operations": -11694000.0,
        "Tax Provision": -3986000.0,
        "Pretax Income": -15680000.0,
        "Other Income Expense": 1162000.0,
        "Special Income Charges": 0.0,
        "Gain On Sale Of Ppe": NaN,
        "Gain On Sale Of Business": 0.0,
        "Earnings From Equity Interest": 0.0,
        "Gain On Sale Of Security": 1162000.0,
        "Net Non Operating Interest Income Expense": -25129000.0,
        "Interest Expense Non Operating": 25815000.0,
        "Interest Income Non Operating": 686000.0,
        "Operating Income": 8287000.0,
        "Operating Expense": 49955000.0,
        "Other Operating Expenses": NaN,
        "Depreciation Amortization Depletion Income Statement": 12031000.0,
        "Depreciation And Amortization In Income Statement": 12031000.0,
        "Selling General And Administration": 37924000.0,
        "General And Administrative Expense": 37924000.0,
        "Other Gand A": 37924000.0,
        "Gross Profit": 58242000.0,
        "Cost Of Revenue": 77775000.0,
        "Total Revenue": 136017000.0,
        "Operating Revenue": 130854000.0
    },
    "2024-06-30": {
        "Tax Effect Of Unusual Items": 299880.0,
        "Tax Rate For Calcs": 0.21,
        "Normalized EBITDA": 28391000.0,
        "Total Unusual Items": 1428000.0,
        "Total Unusual Items Excluding Goodwill": 1428000.0,
        "Net Income From Continuing Operation Net Minority Interest": -41613000.0,
        "Reconciled Depreciation": 13457000.0,
        "Reconciled Cost Of Revenue": 81498000.0,
        "EBITDA": 29819000.0,
        "EBIT": 16362000.0,
        "Net Interest Income": -25083000.0,
        "Interest Expense": 25756000.0,
        "Interest Income": 673000.0,
        "Normalized Income": -42741120.0,
        "Net Income From Continuing And Discontinued Operation": -41613000.0,
        "Total Expenses": 132174000.0,
        "Total Operating Income As Reported": 14261000.0,
        "Diluted Average Shares": 30683000.0,
        "Basic Average Shares": 30683000.0,
        "Diluted EPS": -1.36,
        "Basic EPS": -1.36,
        "Diluted NI Availto Com Stockholders": -41613000.0,
        "Net Income Common Stockholders": -41613000.0,
        "Net Income": -41613000.0,
        "Minority Interests": -2600000.0,
        "Net Income Including Noncontrolling Interests": -39013000.0,
        "Net Income Continuous Operations": -39013000.0,
        "Tax Provision": 29619000.0,
        "Pretax Income": -9394000.0,
        "Other Income Expense": 1428000.0,
        "Special Income Charges": 0.0,
        "Gain On Sale Of Ppe": NaN,
        "Gain On Sale Of Business": 0.0,
        "Earnings From Equity Interest": 0.0,
        "Gain On Sale Of Security": 1428000.0,
        "Net Non Operating Interest Income Expense": -25083000.0,
        "Interest Expense Non Operating": 25756000.0,
        "Interest Income Non Operating": 673000.0,
        "Operating Income": 14261000.0,
        "Operating Expense": 49668000.0,
        "Other Operating Expenses": NaN,
        "Depreciation Amortization Depletion Income Statement": 12449000.0,
        "Depreciation And Amortization In Income Statement": 12449000.0,
        "Selling General And Administration": 37219000.0,
        "General And Administrative Expense": 37219000.0,
        "Other Gand A": 37219000.0,
        "Gross Profit": 63929000.0,
        "Cost Of Revenue": 82506000.0,
        "Total Revenue": 146435000.0,
        "Operating Revenue": 138764000.0
    }
}