{
    "2023-03-31": {
        "Tax Effect Of Unusual Items": NaN,
        "Tax Rate For Calcs": NaN,
        "Normalized EBITDA": NaN,
        "Total Unusual Items": 0.0,
        "Total Unusual Items Excluding Goodwill": 0.0,
        "Net Income From Continuing Operation Net Minority Interest": NaN,
        "Reconciled Depreciation": NaN,
        "Reconciled Cost Of Revenue": NaN,
        "EBITDA": NaN,
        "EBIT": NaN,
        "Net Interest Income": NaN,
        "Interest Expense": NaN,
        "Normalized Income": NaN,
        "Net Income From Continuing And Discontinued Operation": NaN,
        "Total Expenses": NaN,
        "Total Operating Income As Reported": NaN,
        "Diluted Average Shares": NaN,
        "Basic Average Shares": NaN,
        "Diluted EPS": NaN,
        "Basic EPS": NaN,
        "Diluted NI Availto Com Stockholders": NaN,
        "Net Income Common Stockholders": NaN,
        "Preferred Stock Dividends": NaN,
        "Net Income": NaN,
        "Minority Interests": NaN,
        "Net Income Including Noncontrolling Interests": NaN,
        "Net Income Continuous Operations": NaN,
        "Tax Provision": NaN,
        "Pretax Income": NaN,
        "Other Income Expense": NaN,
        "Other Non Operating Income Expenses": NaN,
        "Special Income Charges": 0.0,
        "Earnings From Equity Interest": NaN,
        "Gain On Sale Of Security": 0.0,
        "Net Non Operating Interest Income Expense": NaN,
        "Interest Expense Non Operating": NaN,
        "Operating Income": NaN,
        "Operating Expense": NaN,
        "Other Operating Expenses": NaN,
        "Other Taxes": 0.0,
        "Depreciation Amortization Depletion Income Statement": NaN,
        "Depreciation And Amortization In Income Statement": NaN,
        "Amortization": NaN,
        "Amortization Of Intangibles Income Statement": NaN,
        "Depreciation Income Statement": NaN,
        "Selling General And Administration": NaN,
        "Selling And Marketing Expense": 345000.0,
        "General And Administrative Expense": NaN,
        "Other Gand A": NaN,
        "Salaries And Wages": NaN,
        "Gross Profit": NaN,
        "Cost Of Revenue": NaN,
        "Total Revenue": NaN,
        "Operating Revenue": NaN
    },
    "2022-12-31": {
        "Tax Effect Of Unusual Items": NaN,
        "Tax Rate For Calcs": NaN,
        "Normalized EBITDA": NaN,
        "Total Unusual Items": 0.0,
        "Total Unusual Items Excluding Goodwill": 0.0,
        "Net Income From Continuing Operation Net Minority Interest": NaN,
        "Reconciled Depreciation": NaN,
        "Reconciled Cost Of Revenue": NaN,
        "EBITDA": NaN,
        "EBIT": NaN,
        "Net Interest Income": NaN,
        "Interest Expense": NaN,
        "Normalized Income": NaN,
        "Net Income From Continuing And Discontinued Operation": NaN,
        "Total Expenses": NaN,
        "Total Operating Income As Reported": NaN,
        "Diluted Average Shares": 8944980.0,
        "Basic Average Shares": 8944980.0,
        "Diluted EPS": 0.6,
        "Basic EPS": 0.6,
        "Diluted NI Availto Com Stockholders": NaN,
        "Net Income Common Stockholders": NaN,
        "Preferred Stock Dividends": NaN,
        "Net Income": NaN,
        "Minority Interests": NaN,
        "Net Income Including Noncontrolling Interests": NaN,
        "Net Income Continuous Operations": NaN,
        "Tax Provision": NaN,
        "Pretax Income": NaN,
        "Other Income Expense": NaN,
        "Other Non Operating Income Expenses": NaN,
        "Special Income Charges": 0.0,
        "Earnings From Equity Interest": 0.0,
        "Gain On Sale Of Security": NaN,
        "Net Non Operating Interest Income Expense": NaN,
        "Interest Expense Non Operating": NaN,
        "Operating Income": NaN,
        "Operating Expense": NaN,
        "Other Operating Expenses": NaN,
        "Other Taxes": -2025000.0,
        "Depreciation Amortization Depletion Income Statement": NaN,
        "Depreciation And Amortization In Income Statement": NaN,
        "Amortization": NaN,
        "Amortization Of Intangibles Income Statement": NaN,
        "Depreciation Income Statement": NaN,
        "Selling General And Administration": NaN,
        "Selling And Marketing Expense": 1780000.0,
        "General And Administrative Expense": NaN,
        "Other Gand A": NaN,
        "Insurance And Claims": 625000.0,
        "Salaries And Wages": NaN,
        "Gross Profit": NaN,
        "Cost Of Revenue": NaN,
        "Total Revenue": NaN,
        "Operating Revenue": NaN
    },
    "2022-09-30": {
        "Tax Effect Of Unusual Items": NaN,
        "Tax Rate For Calcs": NaN,
        "Normalized EBITDA": NaN,
        "Total Unusual Items": -572000.0,
        "Total Unusual Items Excluding Goodwill": -572000.0,
        "Net Income From Continuing Operation Net Minority Interest": NaN,
        "Reconciled Depreciation": NaN,
        "Reconciled Cost Of Revenue": NaN,
        "EBITDA": NaN,
        "EBIT": NaN,
        "Net Interest Income": NaN,
        "Interest Expense": NaN,
        "Normalized Income": NaN,
        "Net Income From Continuing And Discontinued Operation": NaN,
        "Total Expenses": NaN,
        "Total Operating Income As Reported": NaN,
        "Diluted Average Shares": 8845000.0,
        "Basic Average Shares": 8845000.0,
        "Diluted EPS": -0.65,
        "Basic EPS": -0.65,
        "Diluted NI Availto Com Stockholders": NaN,
        "Net Income Common Stockholders": NaN,
        "Preferred Stock Dividends": NaN,
        "Net Income": NaN,
        "Minority Interests": NaN,
        "Net Income Including Noncontrolling Interests": NaN,
        "Net Income Continuous Operations": NaN,
        "Tax Provision": NaN,
        "Pretax Income": NaN,
        "Other Income Expense": NaN,
        "Other Non Operating Income Expenses": NaN,
        "Special Income Charges": 0.0,
        "Earnings From Equity Interest": NaN,
        "Gain On Sale Of Security": -572000.0,
        "Net Non Operating Interest Income Expense": NaN,
        "Interest Expense Non Operating": NaN,
        "Operating Income": NaN,
        "Operating Expense": NaN,
        "Other Operating Expenses": NaN,
        "Other Taxes": NaN,
        "Provision For Doubtful Accounts": 44000.0,
        "Depreciation Amortization Depletion Income Statement": NaN,
        "Depreciation And Amortization In Income Statement": NaN,
        "Amortization": NaN,
        "Amortization Of Intangibles Income Statement": NaN,
        "Depreciation Income Statement": NaN,
        "Selling General And Administration": NaN,
        "Selling And Marketing Expense": NaN,
        "General And Administrative Expense": NaN,
        "Other Gand A": 1084000.0,
        "Insurance And Claims": NaN,
        "Salaries And Wages": NaN,
        "Gross Profit": NaN,
        "Cost Of Revenue": NaN,
        "Total Revenue": NaN,
        "Operating Revenue": NaN
    },
    "2022-06-30": {
        "Tax Effect Of Unusual Items": 0.0,
        "Tax Rate For Calcs": 0.0,
        "Normalized EBITDA": -3595000.0,
        "Total Unusual Items": -1259000.0,
        "Total Unusual Items Excluding Goodwill": -1259000.0,
        "Net Income From Continuing Operation Net Minority Interest": -6005000.0,
        "Reconciled Depreciation": 1000000.0,
        "Reconciled Cost Of Revenue": 7356000.0,
        "EBITDA": -4854000.0,
        "EBIT": -5854000.0,
        "Net Interest Income": -133000.0,
        "Interest Expense": 133000.0,
        "Normalized Income": -4746000.0,
        "Net Income From Continuing And Discontinued Operation": -6005000.0,
        "Total Expenses": 18171000.0,
        "Total Operating Income As Reported": -4584000.0,
        "Diluted Average Shares": 8771000.0,
        "Basic Average Shares": 8771000.0,
        "Diluted EPS": -0.69,
        "Basic EPS": -0.69,
        "Diluted NI Availto Com Stockholders": -6093000.0,
        "Net Income Common Stockholders": -6093000.0,
        "Preferred Stock Dividends": 88000.0,
        "Net Income": -6005000.0,
        "Minority Interests": -18000.0,
        "Net Income Including Noncontrolling Interests": -5987000.0,
        "Net Income Continuous Operations": -5987000.0,
        "Tax Provision": 0.0,
        "Pretax Income": -5987000.0,
        "Other Income Expense": -1273000.0,
        "Other Non Operating Income Expenses": -14000.0,
        "Special Income Charges": -3000.0,
        "Write Off": 3000.0,
        "Gain On Sale Of Security": -1256000.0,
        "Net Non Operating Interest Income Expense": -133000.0,
        "Interest Expense Non Operating": 133000.0,
        "Operating Income": -4581000.0,
        "Operating Expense": 10815000.0,
        "Other Operating Expenses": NaN,
        "Other Taxes": NaN,
        "Provision For Doubtful Accounts": NaN,
        "Depreciation Amortization Depletion Income Statement": 1000000.0,
        "Depreciation And Amortization In Income Statement": 1000000.0,
        "Amortization": 744000.0,
        "Amortization Of Intangibles Income Statement": 744000.0,
        "Depreciation Income Statement": 256000.0,
        "Selling General And Administration": 9815000.0,
        "Selling And Marketing Expense": NaN,
        "General And Administrative Expense": NaN,
        "Other Gand A": NaN,
        "Insurance And Claims": NaN,
        "Salaries And Wages": NaN,
        "Gross Profit": 6234000.0,
        "Cost Of Revenue": 7356000.0,
        "Total Revenue": 13590000.0,
        "Operating Revenue": 13590000.0
    },
    "2022-03-31": {
        "Diluted EPS": -0.4,
        "Total Revenue": 17,
        "Gross Profit": 10,
        "Operating Income": -2,
        "EBIT": -1,
        "Net Income": -3
    },
    "2021-12-31": {
        "Diluted EPS": 0.0,
        "Total Revenue": 14,
        "Gross Profit": 8,
        "Operating Income": -1,
        "EBIT": 0,
        "Net Income": 0
    },
    "2021-09-30": {
        "Diluted EPS": 0.0,
        "Total Revenue": 10,
        "Gross Profit": 7,
        "Operating Income": -1,
        "EBIT": 0,
        "Net Income": 0
    },
    "2021-06-30": {
        "Diluted EPS": 0.6,
        "Total Revenue": 15,
        "Gross Profit": 10,
        "Operating Income": 3,
        "EBIT": 4,
        "Net Income": 5
    },
    "2021-03-31": {
        "Diluted EPS": 0.4,
        "Total Revenue": 8,
        "Gross Profit": 4,
        "Operating Income": -5,
        "EBIT": -2,
        "Net Income": -7
    },
    "2020-12-31": {
        "Diluted EPS": -1.4,
        "Total Revenue": 10,
        "Gross Profit": 6,
        "Operating Income": -1,
        "EBIT": 0,
        "Net Income": -10
    },
    "2020-09-30": {
        "Diluted EPS": -4.6,
        "Total Revenue": 7,
        "Gross Profit": 3,
        "Operating Income": -5,
        "EBIT": -3,
        "Net Income": -27
    },
    "2020-06-30": {
        "Diluted EPS": -4.2,
        "Total Revenue": 6,
        "Gross Profit": 3,
        "Operating Income": -3,
        "EBIT": 0,
        "Net Income": -20
    },
    "2020-03-31": {
        "Diluted EPS": -1.6,
        "Total Revenue": 8,
        "Gross Profit": 4,
        "Operating Income": -1,
        "EBIT": 3,
        "Net Income": -5
    },
    "2019-12-31": {
        "Diluted EPS": -1.0,
        "Total Revenue": 12,
        "Gross Profit": 6,
        "Operating Income": 1,
        "EBIT": 2,
        "Net Income": -2
    },
    "2019-09-30": {
        "Diluted EPS": -1.6,
        "Total Revenue": 10,
        "Gross Profit": 6,
        "Operating Income": -1,
        "EBIT": 2,
        "Net Income": -3
    },
    "2019-06-30": {
        "Diluted EPS": -2.6,
        "Total Revenue": 10,
        "Gross Profit": 6,
        "Operating Income": -3,
        "EBIT": 1,
        "Net Income": -5
    },
    "2019-03-31": {
        "Diluted EPS": -3.4,
        "Total Revenue": 12,
        "Gross Profit": 8,
        "Operating Income": -4,
        "EBIT": 0,
        "Net Income": -6
    },
    "2018-12-31": {
        "Diluted EPS": -1.8,
        "Total Revenue": 15,
        "Gross Profit": 9,
        "Operating Income": -1,
        "EBIT": 3,
        "Net Income": -3
    },
    "2018-09-30": {
        "Diluted EPS": -1.8,
        "Total Revenue": 14,
        "Gross Profit": 10,
        "Operating Income": -1,
        "EBIT": 3,
        "Net Income": -4
    },
    "2018-06-30": {
        "Diluted EPS": -1.8,
        "Total Revenue": 13,
        "Gross Profit": 10,
        "Operating Income": 0,
        "EBIT": 3,
        "Net Income": -3
    },
    "2018-03-31": {
        "Diluted EPS": 9.4,
        "Total Revenue": 18,
        "Gross Profit": 13,
        "Operating Income": 3,
        "EBIT": 7,
        "Net Income": 0
    },
    "2017-12-31": {
        "Diluted EPS": -4.0,
        "Total Revenue": 18,
        "Gross Profit": 12,
        "Operating Income": -1,
        "EBIT": 3,
        "Net Income": -6
    },
    "2017-09-30": {
        "Diluted EPS": -12.0,
        "Total Revenue": 16,
        "Gross Profit": 12,
        "Operating Income": 0,
        "EBIT": 6,
        "Net Income": -8
    },
    "2017-06-30": {
        "Diluted EPS": -9.6,
        "Total Revenue": 15,
        "Gross Profit": 11,
        "Operating Income": -1,
        "EBIT": 5,
        "Net Income": -5
    },
    "2017-03-31": {
        "Diluted EPS": -21.4,
        "Total Revenue": 20,
        "Gross Profit": 12,
        "Operating Income": -1,
        "EBIT": 6,
        "Net Income": -10
    },
    "2016-12-31": {
        "Diluted EPS": -1.4,
        "Total Revenue": 24,
        "Gross Profit": 17,
        "Operating Income": 3,
        "EBIT": 11,
        "Net Income": -1
    },
    "2016-09-30": {
        "Diluted EPS": -1.6,
        "Total Revenue": 24,
        "Gross Profit": 19,
        "Operating Income": 4,
        "EBIT": 15,
        "Net Income": -1
    },
    "2016-06-30": {
        "Diluted EPS": -14.0,
        "Total Revenue": 22,
        "Gross Profit": 17,
        "Operating Income": 0,
        "EBIT": 11,
        "Net Income": -5
    },
    "2016-03-31": {
        "Diluted EPS": -18.6,
        "Total Revenue": 23,
        "Gross Profit": 16,
        "Operating Income": -1,
        "EBIT": 12,
        "Net Income": -6
    },
    "2015-12-31": {
        "Diluted EPS": -8.0,
        "Total Revenue": 31,
        "Gross Profit": 22,
        "Operating Income": 3,
        "EBIT": 15,
        "Net Income": -3
    },
    "2015-09-30": {
        "Diluted EPS": -71.0,
        "Total Revenue": 28,
        "Gross Profit": 19,
        "Operating Income": -18,
        "EBIT": 12,
        "Net Income": -22
    },
    "2015-06-30": {
        "Diluted EPS": -32.6,
        "Total Revenue": 23,
        "Gross Profit": 16,
        "Operating Income": -5,
        "EBIT": 6,
        "Net Income": -11
    },
    "2015-03-31": {
        "Diluted EPS": -28.4,
        "Total Revenue": 28,
        "Gross Profit": 18,
        "Operating Income": -7,
        "EBIT": 13,
        "Net Income": -11
    },
    "2014-12-31": {
        "Diluted EPS": -6.0,
        "Total Revenue": 31,
        "Gross Profit": 22,
        "Operating Income": 3,
        "EBIT": 14,
        "Net Income": -2
    },
    "2014-09-30": {
        "Diluted EPS": -20.0,
        "Total Revenue": 24,
        "Gross Profit": 20,
        "Operating Income": 0,
        "EBIT": 11,
        "Net Income": -7
    },
    "2014-06-30": {
        "Diluted EPS": -28.0,
        "Total Revenue": 23,
        "Gross Profit": 14,
        "Operating Income": -6,
        "EBIT": 7,
        "Net Income": -11
    },
    "2014-03-31": {
        "Diluted EPS": -8.0,
        "Total Revenue": 32,
        "Gross Profit": 22,
        "Operating Income": 5,
        "EBIT": 18,
        "Net Income": -3
    },
    "2013-12-31": {
        "Diluted EPS": -34.0,
        "Total Revenue": 35,
        "Gross Profit": 24,
        "Operating Income": 2,
        "EBIT": 14,
        "Net Income": -10
    },
    "2013-09-30": {
        "Diluted EPS": -20.0,
        "Total Revenue": 19,
        "Gross Profit": 14,
        "Operating Income": 1,
        "EBIT": 11,
        "Net Income": -5
    },
    "2013-06-30": {
        "Diluted EPS": -30.0,
        "Total Revenue": 19,
        "Gross Profit": 15,
        "Operating Income": -1,
        "EBIT": 9,
        "Net Income": -7
    },
    "2013-03-31": {
        "Diluted EPS": -68.0,
        "Total Revenue": 16,
        "Gross Profit": 15,
        "Operating Income": 3,
        "EBIT": 22,
        "Net Income": -17
    },
    "2012-12-31": {
        "Diluted EPS": -8.0,
        "Total Revenue": 22,
        "Gross Profit": 20,
        "Operating Income": 4,
        "EBIT": 15,
        "Net Income": -2
    },
    "2012-09-30": {
        "Diluted EPS": -12.0,
        "Total Revenue": 23,
        "Gross Profit": 20,
        "Operating Income": 4,
        "EBIT": 14,
        "Net Income": -3
    },
    "2012-06-30": {
        "Diluted EPS": -2.0,
        "Total Revenue": 21,
        "Gross Profit": 18,
        "Operating Income": 2,
        "EBIT": 12,
        "Net Income": 0
    },
    "2012-03-31": {
        "Diluted EPS": -32.0,
        "Total Revenue": 18,
        "Gross Profit": 16,
        "Operating Income": 1,
        "EBIT": 12,
        "Net Income": -6
    },
    "2011-12-31": {
        "Diluted EPS": -56.0,
        "Total Revenue": 20,
        "Gross Profit": 18,
        "Operating Income": 3,
        "EBIT": 14,
        "Net Income": -11
    },
    "2011-09-30": {
        "Diluted EPS": -2.0,
        "Total Revenue": 21,
        "Gross Profit": 19,
        "Operating Income": 6,
        "EBIT": 18,
        "Net Income": 0
    },
    "2011-06-30": {
        "Diluted EPS": -40.0,
        "Total Revenue": 18,
        "Gross Profit": 16,
        "Operating Income": 4,
        "EBIT": 16,
        "Net Income": -6
    },
    "2011-03-31": {
        "Diluted EPS": -46.0,
        "Total Revenue": 15,
        "Gross Profit": 14,
        "Operating Income": 2,
        "EBIT": 13,
        "Net Income": -7
    },
    "2010-12-31": {
        "Diluted EPS": -26.0,
        "Total Revenue": 16,
        "Gross Profit": 15,
        "Operating Income": 4,
        "EBIT": 15,
        "Net Income": -4
    },
    "2010-09-30": {
        "Diluted EPS": -72.0,
        "Total Revenue": 15,
        "Gross Profit": 13,
        "Operating Income": 1,
        "EBIT": 11,
        "Net Income": -11
    },
    "2010-06-30": {
        "Diluted EPS": -48.0,
        "Total Revenue": 19,
        "Gross Profit": 14,
        "Operating Income": 0,
        "EBIT": 10,
        "Net Income": -7
    },
    "2010-03-31": {
        "Diluted EPS": -102.0,
        "Total Revenue": 16,
        "Gross Profit": 12,
        "Operating Income": -1,
        "EBIT": 9,
        "Net Income": -15
    },
    "2009-12-31": {
        "Diluted EPS": -46.0,
        "Total Revenue": 20,
        "Gross Profit": 15,
        "Operating Income": 1,
        "EBIT": 12,
        "Net Income": -6
    },
    "2009-09-30": {
        "Diluted EPS": -8.0,
        "Total Revenue": 18,
        "Gross Profit": 13,
        "Operating Income": 0,
        "EBIT": 10,
        "Net Income": -1
    },
    "2009-06-30": {
        "Diluted EPS": -50.0,
        "Total Revenue": 16,
        "Gross Profit": 13,
        "Operating Income": 0,
        "EBIT": 9,
        "Net Income": -7
    },
    "2009-03-31": {
        "Diluted EPS": -68.0,
        "Total Revenue": 12,
        "Gross Profit": 11,
        "Operating Income": -1,
        "EBIT": 7,
        "Net Income": -9
    },
    "2023-06-30": {
        "Tax Effect Of Unusual Items": NaN,
        "Tax Rate For Calcs": NaN,
        "Normalized EBITDA": NaN,
        "Total Unusual Items": NaN,
        "Total Unusual Items Excluding Goodwill": NaN,
        "Net Income From Continuing Operation Net Minority Interest": NaN,
        "Reconciled Depreciation": NaN,
        "Reconciled Cost Of Revenue": NaN,
        "EBITDA": NaN,
        "EBIT": NaN,
        "Net Interest Income": NaN,
        "Interest Expense": NaN,
        "Normalized Income": NaN,
        "Net Income From Continuing And Discontinued Operation": NaN,
        "Total Expenses": NaN,
        "Total Operating Income As Reported": NaN,
        "Diluted Average Shares": 9879000.0,
        "Basic Average Shares": 9879000.0,
        "Diluted EPS": -0.37,
        "Basic EPS": -0.37,
        "Diluted NI Availto Com Stockholders": NaN,
        "Net Income Common Stockholders": NaN,
        "Preferred Stock Dividends": NaN,
        "Net Income": NaN,
        "Minority Interests": NaN,
        "Net Income Including Noncontrolling Interests": NaN,
        "Net Income Continuous Operations": NaN,
        "Tax Provision": NaN,
        "Pretax Income": NaN,
        "Other Income Expense": NaN,
        "Other Non Operating Income Expenses": -504000.0,
        "Special Income Charges": NaN,
        "Earnings From Equity Interest": 0.0,
        "Gain On Sale Of Security": NaN,
        "Net Non Operating Interest Income Expense": NaN,
        "Interest Expense Non Operating": NaN,
        "Operating Income": NaN,
        "Operating Expense": NaN,
        "Other Operating Expenses": NaN,
        "Other Taxes": NaN,
        "Depreciation Amortization Depletion Income Statement": NaN,
        "Depreciation And Amortization In Income Statement": NaN,
        "Amortization": NaN,
        "Amortization Of Intangibles Income Statement": NaN,
        "Depreciation Income Statement": NaN,
        "Selling General And Administration": NaN,
        "Selling And Marketing Expense": 1701000.0,
        "General And Administrative Expense": NaN,
        "Other Gand A": NaN,
        "Salaries And Wages": NaN,
        "Gross Profit": NaN,
        "Cost Of Revenue": NaN,
        "Total Revenue": NaN,
        "Operating Revenue": NaN
    },
    "2023-09-30": {
        "Tax Effect Of Unusual Items": 0.0,
        "Tax Rate For Calcs": 0.21,
        "Normalized EBITDA": 847000.0,
        "Total Unusual Items": -718000.0,
        "Total Unusual Items Excluding Goodwill": -718000.0,
        "Net Income From Continuing Operation Net Minority Interest": -357000.0,
        "Reconciled Depreciation": 953000.0,
        "Reconciled Cost Of Revenue": 4646000.0,
        "EBITDA": 847000.0,
        "EBIT": -106000.0,
        "Net Interest Income": -195000.0,
        "Interest Expense": 195000.0,
        "Normalized Income": -357000.0,
        "Net Income From Continuing And Discontinued Operation": -357000.0,
        "Total Expenses": 12426000.0,
        "Total Operating Income As Reported": 586000.0,
        "Diluted Average Shares": 12376000.0,
        "Basic Average Shares": 12376000.0,
        "Diluted EPS": -0.04,
        "Basic EPS": -0.04,
        "Diluted NI Availto Com Stockholders": -445000.0,
        "Net Income Common Stockholders": -445000.0,
        "Preferred Stock Dividends": 88000.0,
        "Net Income": -357000.0,
        "Minority Interests": -40000.0,
        "Net Income Including Noncontrolling Interests": -317000.0,
        "Net Income Continuous Operations": -317000.0,
        "Tax Provision": 16000.0,
        "Pretax Income": -301000.0,
        "Other Income Expense": -692000.0,
        "Other Non Operating Income Expenses": 26000.0,
        "Special Income Charges": NaN,
        "Earnings From Equity Interest": -718000.0,
        "Gain On Sale Of Security": -718000.0,
        "Net Non Operating Interest Income Expense": -195000.0,
        "Interest Expense Non Operating": 195000.0,
        "Operating Income": 586000.0,
        "Operating Expense": 7780000.0,
        "Other Operating Expenses": 1104000.0,
        "Other Taxes": NaN,
        "Depreciation Amortization Depletion Income Statement": 953000.0,
        "Depreciation And Amortization In Income Statement": 953000.0,
        "Amortization": 804000.0,
        "Amortization Of Intangibles Income Statement": 804000.0,
        "Depreciation Income Statement": 149000.0,
        "Selling General And Administration": 5723000.0,
        "Selling And Marketing Expense": NaN,
        "General And Administrative Expense": 5723000.0,
        "Other Gand A": 764000.0,
        "Salaries And Wages": 4959000.0,
        "Gross Profit": 8366000.0,
        "Cost Of Revenue": 4646000.0,
        "Total Revenue": 13012000.0,
        "Operating Revenue": 13012000.0
    },
    "2023-12-31": {
        "Tax Effect Of Unusual Items": 0.0,
        "Tax Rate For Calcs": 0.009,
        "Normalized EBITDA": -1457000.0,
        "Total Unusual Items": NaN,
        "Total Unusual Items Excluding Goodwill": NaN,
        "Net Income From Continuing Operation Net Minority Interest": -2777000.0,
        "Reconciled Depreciation": 1012000.0,
        "Reconciled Cost Of Revenue": 5464000.0,
        "EBITDA": -1457000.0,
        "EBIT": -2469000.0,
        "Net Interest Income": -291000.0,
        "Interest Expense": 291000.0,
        "Normalized Income": -2777000.0,
        "Net Income From Continuing And Discontinued Operation": -2777000.0,
        "Total Expenses": 12849000.0,
        "Total Operating Income As Reported": 427000.0,
        "Diluted Average Shares": 12828000.0,
        "Basic Average Shares": 12828000.0,
        "Diluted EPS": -0.22,
        "Basic EPS": -0.22,
        "Diluted NI Availto Com Stockholders": -2864000.0,
        "Net Income Common Stockholders": -2864000.0,
        "Preferred Stock Dividends": 87000.0,
        "Net Income": -2777000.0,
        "Minority Interests": -41000.0,
        "Net Income Including Noncontrolling Interests": -2736000.0,
        "Net Income Continuous Operations": -2736000.0,
        "Tax Provision": -24000.0,
        "Pretax Income": -2760000.0,
        "Other Income Expense": -2896000.0,
        "Other Non Operating Income Expenses": 147000.0,
        "Special Income Charges": NaN,
        "Earnings From Equity Interest": -3043000.0,
        "Gain On Sale Of Security": NaN,
        "Net Non Operating Interest Income Expense": -291000.0,
        "Interest Expense Non Operating": 291000.0,
        "Operating Income": 427000.0,
        "Operating Expense": 7385000.0,
        "Other Operating Expenses": 1058000.0,
        "Other Taxes": 0.0,
        "Depreciation Amortization Depletion Income Statement": 1012000.0,
        "Depreciation And Amortization In Income Statement": 1012000.0,
        "Amortization": 879000.0,
        "Amortization Of Intangibles Income Statement": 879000.0,
        "Depreciation Income Statement": 133000.0,
        "Selling General And Administration": 5315000.0,
        "Selling And Marketing Expense": NaN,
        "General And Administrative Expense": 5315000.0,
        "Other Gand A": 796000.0,
        "Salaries And Wages": 4519000.0,
        "Gross Profit": 7812000.0,
        "Cost Of Revenue": 5464000.0,
        "Total Revenue": 13276000.0,
        "Operating Revenue": 13212000.0
    },
    "2024-03-31": {
        "Tax Effect Of Unusual Items": 0.0,
        "Tax Rate For Calcs": 0.000136,
        "Normalized EBITDA": -13409000.0,
        "Total Unusual Items": NaN,
        "Total Unusual Items Excluding Goodwill": NaN,
        "Net Income From Continuing Operation Net Minority Interest": -14724000.0,
        "Reconciled Depreciation": 984000.0,
        "Reconciled Cost Of Revenue": 2034000.0,
        "EBITDA": -13409000.0,
        "EBIT": -14393000.0,
        "Net Interest Income": -285000.0,
        "Interest Expense": 285000.0,
        "Normalized Income": -14724000.0,
        "Net Income From Continuing And Discontinued Operation": -14724000.0,
        "Total Expenses": 9834000.0,
        "Total Operating Income As Reported": -13996000.0,
        "Diluted Average Shares": NaN,
        "Basic Average Shares": NaN,
        "Diluted EPS": NaN,
        "Basic EPS": NaN,
        "Diluted NI Availto Com Stockholders": -14811000.0,
        "Net Income Common Stockholders": -14811000.0,
        "Preferred Stock Dividends": 87000.0,
        "Net Income": -14724000.0,
        "Minority Interests": -48000.0,
        "Net Income Including Noncontrolling Interests": -14676000.0,
        "Net Income Continuous Operations": -14676000.0,
        "Tax Provision": -2000.0,
        "Pretax Income": -14678000.0,
        "Other Income Expense": -14422000.0,
        "Other Non Operating Income Expenses": 141000.0,
        "Special Income Charges": NaN,
        "Earnings From Equity Interest": NaN,
        "Gain On Sale Of Security": NaN,
        "Net Non Operating Interest Income Expense": -285000.0,
        "Interest Expense Non Operating": 285000.0,
        "Operating Income": 29000.0,
        "Operating Expense": 7800000.0,
        "Other Operating Expenses": 1412000.0,
        "Other Taxes": 0.0,
        "Depreciation Amortization Depletion Income Statement": 984000.0,
        "Depreciation And Amortization In Income Statement": 984000.0,
        "Amortization": 815000.0,
        "Amortization Of Intangibles Income Statement": 815000.0,
        "Depreciation Income Statement": 169000.0,
        "Selling General And Administration": 5404000.0,
        "Selling And Marketing Expense": NaN,
        "General And Administrative Expense": 5404000.0,
        "Other Gand A": 670000.0,
        "Salaries And Wages": 4734000.0,
        "Gross Profit": 7829000.0,
        "Cost Of Revenue": 2034000.0,
        "Total Revenue": 9863000.0,
        "Operating Revenue": 13643000.0
    },
    "2024-06-30": {
        "Tax Effect Of Unusual Items": 0.0,
        "Tax Rate For Calcs": 0.21,
        "Normalized EBITDA": -1749000.0,
        "Total Unusual Items": NaN,
        "Total Unusual Items Excluding Goodwill": NaN,
        "Net Income From Continuing Operation Net Minority Interest": -3073000.0,
        "Reconciled Depreciation": 863000.0,
        "Reconciled Cost Of Revenue": 4479000.0,
        "EBITDA": -1749000.0,
        "EBIT": -2612000.0,
        "Net Interest Income": -431000.0,
        "Interest Expense": 431000.0,
        "Normalized Income": -3073000.0,
        "Net Income From Continuing And Discontinued Operation": -3073000.0,
        "Total Expenses": 11905000.0,
        "Total Operating Income As Reported": -2778000.0,
        "Diluted Average Shares": 15702000.0,
        "Basic Average Shares": 15702000.0,
        "Diluted EPS": -0.2,
        "Basic EPS": -0.2,
        "Diluted NI Availto Com Stockholders": -3162000.0,
        "Net Income Common Stockholders": -3162000.0,
        "Preferred Stock Dividends": 89000.0,
        "Net Income": -3073000.0,
        "Minority Interests": -23000.0,
        "Net Income Including Noncontrolling Interests": -3050000.0,
        "Net Income Continuous Operations": -3050000.0,
        "Tax Provision": 7000.0,
        "Pretax Income": -3043000.0,
        "Other Income Expense": 166000.0,
        "Other Non Operating Income Expenses": 163000.0,
        "Special Income Charges": NaN,
        "Earnings From Equity Interest": 3000.0,
        "Gain On Sale Of Security": NaN,
        "Net Non Operating Interest Income Expense": -431000.0,
        "Interest Expense Non Operating": 431000.0,
        "Operating Income": -2778000.0,
        "Operating Expense": 7426000.0,
        "Other Operating Expenses": 1030000.0,
        "Other Taxes": NaN,
        "Depreciation Amortization Depletion Income Statement": 863000.0,
        "Depreciation And Amortization In Income Statement": 863000.0,
        "Amortization": 709000.0,
        "Amortization Of Intangibles Income Statement": 709000.0,
        "Depreciation Income Statement": 154000.0,
        "Selling General And Administration": 5533000.0,
        "Selling And Marketing Expense": NaN,
        "General And Administrative Expense": 5533000.0,
        "Other Gand A": 1012000.0,
        "Salaries And Wages": 4521000.0,
        "Gross Profit": 4648000.0,
        "Cost Of Revenue": 4479000.0,
        "Total Revenue": 9127000.0,
        "Operating Revenue": 9097000.0
    },
    "2024-09-30": {
        "Tax Effect Of Unusual Items": 0.0,
        "Tax Rate For Calcs": 0.21,
        "Normalized EBITDA": 114000.0,
        "Total Unusual Items": NaN,
        "Total Unusual Items Excluding Goodwill": NaN,
        "Net Income From Continuing Operation Net Minority Interest": -1287000.0,
        "Reconciled Depreciation": 974000.0,
        "Reconciled Cost Of Revenue": 6262000.0,
        "EBITDA": 114000.0,
        "EBIT": -860000.0,
        "Net Interest Income": -337000.0,
        "Interest Expense": 337000.0,
        "Normalized Income": -1287000.0,
        "Net Income From Continuing And Discontinued Operation": -1287000.0,
        "Total Expenses": 13600000.0,
        "Total Operating Income As Reported": -861000.0,
        "Diluted Average Shares": 15721000.0,
        "Basic Average Shares": 15721000.0,
        "Diluted EPS": -0.09,
        "Basic EPS": -0.09,
        "Diluted NI Availto Com Stockholders": -1376000.0,
        "Net Income Common Stockholders": -1376000.0,
        "Preferred Stock Dividends": 89000.0,
        "Net Income": -1287000.0,
        "Minority Interests": -84000.0,
        "Net Income Including Noncontrolling Interests": -1203000.0,
        "Net Income Continuous Operations": -1203000.0,
        "Tax Provision": 6000.0,
        "Pretax Income": -1197000.0,
        "Other Income Expense": 1000.0,
        "Other Non Operating Income Expenses": NaN,
        "Special Income Charges": NaN,
        "Earnings From Equity Interest": 1000.0,
        "Gain On Sale Of Security": NaN,
        "Net Non Operating Interest Income Expense": -337000.0,
        "Interest Expense Non Operating": 337000.0,
        "Operating Income": -861000.0,
        "Operating Expense": 7338000.0,
        "Other Operating Expenses": 1041000.0,
        "Other Taxes": NaN,
        "Depreciation Amortization Depletion Income Statement": 974000.0,
        "Depreciation And Amortization In Income Statement": 974000.0,
        "Amortization": 815000.0,
        "Amortization Of Intangibles Income Statement": 815000.0,
        "Depreciation Income Statement": 159000.0,
        "Selling General And Administration": 5323000.0,
        "Selling And Marketing Expense": NaN,
        "General And Administrative Expense": 5323000.0,
        "Other Gand A": 732000.0,
        "Salaries And Wages": 4591000.0,
        "Gross Profit": 6477000.0,
        "Cost Of Revenue": 6262000.0,
        "Total Revenue": 12739000.0,
        "Operating Revenue": 12739000.0
    }
}