{
    "2023-06-30": {
        "Tax Effect Of Unusual Items": 164748674.124657,
        "Tax Rate For Calcs": 0.254062,
        "Normalized EBITDA": 126766000.0,
        "Total Unusual Items": 648458000.0,
        "Total Unusual Items Excluding Goodwill": 648458000.0,
        "Net Income From Continuing Operation Net Minority Interest": 474955000.0,
        "Reconciled Depreciation": 103682000.0,
        "Reconciled Cost Of Revenue": 218859000.0,
        "EBIT": 671542000.0,
        "Net Interest Income": -34820000.0,
        "Interest Expense": 34820000.0,
        "Normalized Income": -8754325.875343,
        "Net Income From Continuing And Discontinued Operation": 474955000.0,
        "Total Expenses": 271634000.0,
        "Diluted Average Shares": 192991586.0,
        "Basic Average Shares": 164139583.0,
        "Diluted EPS": 2.47,
        "Basic EPS": 2.89,
        "Diluted NI Availto Com Stockholders": 474955000.0,
        "Average Dilution Earnings": 1409000.0,
        "Net Income Common Stockholders": 474955000.0,
        "Net Income": 474955000.0,
        "Net Income Including Noncontrolling Interests": 474955000.0,
        "Net Income Continuous Operations": 474955000.0,
        "Tax Provision": 161767000.0,
        "Pretax Income": 636722000.0,
        "Other Income Expense": 645948000.0,
        "Other Non Operating Income Expenses": -2510000.0,
        "Special Income Charges": 105986000.0,
        "Gain On Sale Of Ppe": 105986000.0,
        "Other Special Charges": NaN,
        "Gain On Sale Of Security": 542472000.0,
        "Net Non Operating Interest Income Expense": -34820000.0,
        "Total Other Finance Cost": 3000000.0,
        "Interest Expense Non Operating": 34820000.0,
        "Operating Income": 25594000.0,
        "Operating Expense": 52775000.0,
        "Other Operating Expenses": 22758000.0,
        "Selling General And Administration": 30017000.0,
        "Selling And Marketing Expense": 1000000.0,
        "General And Administrative Expense": 31017000.0,
        "Other Gand A": 16017000.0,
        "Insurance And Claims": 1000000.0,
        "Salaries And Wages": 14000000.0,
        "Gross Profit": 78369000.0,
        "Cost Of Revenue": 218859000.0,
        "Total Revenue": 297228000.0,
        "Operating Revenue": 266416000.0
    },
    "2023-03-31": {
        "Tax Effect Of Unusual Items": 180914534.836781,
        "Tax Rate For Calcs": 0.234452,
        "Normalized EBITDA": 297265000.0,
        "Total Unusual Items": 771649000.0,
        "Total Unusual Items Excluding Goodwill": 771649000.0,
        "Net Income From Continuing Operation Net Minority Interest": 710395000.0,
        "Reconciled Depreciation": 105222000.0,
        "Reconciled Cost Of Revenue": 263780000.0,
        "EBIT": 963692000.0,
        "Net Interest Income": -35736000.0,
        "Interest Expense": 35736000.0,
        "Normalized Income": 119660534.836781,
        "Net Income From Continuing And Discontinued Operation": 710395000.0,
        "Total Expenses": 320599000.0,
        "Diluted Average Shares": 197144874.0,
        "Basic Average Shares": 168452107.0,
        "Diluted EPS": 3.61,
        "Basic EPS": 4.22,
        "Diluted NI Availto Com Stockholders": 710395000.0,
        "Average Dilution Earnings": 1432000.0,
        "Net Income Common Stockholders": 710395000.0,
        "Net Income": 710395000.0,
        "Net Income Including Noncontrolling Interests": 710395000.0,
        "Net Income Continuous Operations": 710395000.0,
        "Tax Provision": 217561000.0,
        "Pretax Income": 927956000.0,
        "Other Income Expense": 770481000.0,
        "Other Non Operating Income Expenses": -1168000.0,
        "Special Income Charges": 9482000.0,
        "Gain On Sale Of Ppe": 9482000.0,
        "Other Special Charges": NaN,
        "Gain On Sale Of Security": 762167000.0,
        "Net Non Operating Interest Income Expense": -35736000.0,
        "Total Other Finance Cost": 3000000.0,
        "Interest Expense Non Operating": 35736000.0,
        "Operating Income": 193211000.0,
        "Operating Expense": 56819000.0,
        "Other Operating Expenses": 20243000.0,
        "Selling General And Administration": 36576000.0,
        "Selling And Marketing Expense": 2000000.0,
        "General And Administrative Expense": 36000000.0,
        "Other Gand A": 13000000.0,
        "Insurance And Claims": 1000000.0,
        "Salaries And Wages": 22000000.0,
        "Gross Profit": 250030000.0,
        "Cost Of Revenue": 263780000.0,
        "Total Revenue": 513810000.0,
        "Operating Revenue": 492451000.0
    },
    "2022-12-31": {
        "Tax Effect Of Unusual Items": 50702972.613502,
        "Tax Rate For Calcs": 0.065085,
        "Normalized EBITDA": 624790000.0,
        "Total Unusual Items": 779022000.0,
        "Total Unusual Items Excluding Goodwill": 779022000.0,
        "Net Income From Continuing Operation Net Minority Interest": 1174579000.0,
        "Reconciled Depreciation": 112245000.0,
        "Reconciled Cost Of Revenue": 300185000.0,
        "EBIT": 1291567000.0,
        "Net Interest Income": -35218000.0,
        "Interest Expense": 35218000.0,
        "Normalized Income": 446259972.613502,
        "Net Income From Continuing And Discontinued Operation": 1174579000.0,
        "Total Expenses": 343176000.0,
        "Diluted Average Shares": 176778523.0,
        "Basic Average Shares": 176778523.0,
        "Diluted EPS": 5.68,
        "Basic EPS": 6.64,
        "Diluted NI Availto Com Stockholders": 1174579000.0,
        "Average Dilution Earnings": NaN,
        "Net Income Common Stockholders": 1174579000.0,
        "Net Income": 1174579000.0,
        "Net Income Including Noncontrolling Interests": 1174579000.0,
        "Net Income Continuous Operations": 1174579000.0,
        "Tax Provision": 81770000.0,
        "Pretax Income": 1256349000.0,
        "Other Income Expense": 775528000.0,
        "Other Non Operating Income Expenses": -3494000.0,
        "Special Income Charges": 1407000.0,
        "Gain On Sale Of Ppe": 1426000.0,
        "Other Special Charges": 19000.0,
        "Gain On Sale Of Security": 777615000.0,
        "Net Non Operating Interest Income Expense": -35218000.0,
        "Total Other Finance Cost": NaN,
        "Interest Expense Non Operating": 35218000.0,
        "Operating Income": 516039000.0,
        "Operating Expense": 42991000.0,
        "Other Operating Expenses": 11030000.0,
        "Selling General And Administration": 31961000.0,
        "Selling And Marketing Expense": NaN,
        "General And Administrative Expense": 31960000.0,
        "Other Gand A": 31960000.0,
        "Insurance And Claims": NaN,
        "Salaries And Wages": NaN,
        "Gross Profit": 559030000.0,
        "Cost Of Revenue": 300185000.0,
        "Total Revenue": 859215000.0,
        "Operating Revenue": 838161000.0
    },
    "2022-09-30": {
        "Tax Effect Of Unusual Items": -433753200.0,
        "Tax Rate For Calcs": 0.4,
        "Normalized EBITDA": 966186000.0,
        "Total Unusual Items": -1084383000.0,
        "Total Unusual Items Excluding Goodwill": -1084383000.0,
        "Net Income From Continuing Operation Net Minority Interest": -427072000.0,
        "Reconciled Depreciation": 114167000.0,
        "Reconciled Cost Of Revenue": 275828000.0,
        "EBIT": -232364000.0,
        "Net Interest Income": -34351000.0,
        "Interest Expense": 34351000.0,
        "Normalized Income": 223557800.0,
        "Net Income From Continuing And Discontinued Operation": -427072000.0,
        "Total Expenses": 325473000.0,
        "Diluted Average Shares": 187511940.0,
        "Basic Average Shares": 187511940.0,
        "Diluted EPS": -2.28,
        "Basic EPS": -2.28,
        "Diluted NI Availto Com Stockholders": -427072000.0,
        "Average Dilution Earnings": NaN,
        "Net Income Common Stockholders": -427072000.0,
        "Net Income": -427072000.0,
        "Net Income Including Noncontrolling Interests": -427072000.0,
        "Net Income Continuous Operations": -427072000.0,
        "Tax Provision": 160357000.0,
        "Pretax Income": -266715000.0,
        "Other Income Expense": -1086305000.0,
        "Other Non Operating Income Expenses": -1922000.0,
        "Special Income Charges": -22030000.0,
        "Gain On Sale Of Ppe": -12077000.0,
        "Other Special Charges": 9953000.0,
        "Gain On Sale Of Security": -1062353000.0,
        "Net Non Operating Interest Income Expense": -34351000.0,
        "Total Other Finance Cost": NaN,
        "Interest Expense Non Operating": 34351000.0,
        "Operating Income": 853941000.0,
        "Operating Expense": 49645000.0,
        "Other Operating Expenses": 21923000.0,
        "Selling General And Administration": 27722000.0,
        "Selling And Marketing Expense": NaN,
        "General And Administrative Expense": 27722000.0,
        "Other Gand A": 27722000.0,
        "Insurance And Claims": NaN,
        "Salaries And Wages": NaN,
        "Gross Profit": 903586000.0,
        "Cost Of Revenue": 275828000.0,
        "Total Revenue": 1179414000.0,
        "Operating Revenue": 1159079000.0
    },
    "2022-06-30": {
        "Tax Effect Of Unusual Items": -190561976.0,
        "Tax Rate For Calcs": 0.289,
        "Normalized EBITDA": 853539000.0,
        "Total Unusual Items": -659384000.0,
        "Total Unusual Items Excluding Goodwill": -659384000.0,
        "Net Income From Continuing Operation Net Minority Interest": 33357000.0,
        "Reconciled Depreciation": 116180000.0,
        "Reconciled Cost Of Revenue": 274818000.0,
        "EBIT": 77975000.0,
        "Net Interest Income": -31051000.0,
        "Interest Expense": 31051000.0,
        "Normalized Income": 502179024.0,
        "Net Income From Continuing And Discontinued Operation": 33357000.0,
        "Total Expenses": 330523000.0,
        "Diluted Average Shares": 224408694.0,
        "Basic Average Shares": 194021639.0,
        "Diluted EPS": 0.15,
        "Basic EPS": 0.17,
        "Diluted NI Availto Com Stockholders": 33357000.0,
        "Average Dilution Earnings": NaN,
        "Net Income Common Stockholders": 33357000.0,
        "Net Income": 33357000.0,
        "Net Income Including Noncontrolling Interests": 33357000.0,
        "Net Income Continuous Operations": 33357000.0,
        "Tax Provision": 13567000.0,
        "Pretax Income": 46924000.0,
        "Other Income Expense": -664563000.0,
        "Other Non Operating Income Expenses": -5179000.0,
        "Special Income Charges": -6741000.0,
        "Gain On Sale Of Ppe": 6240000.0,
        "Other Special Charges": 12981000.0,
        "Gain On Sale Of Security": -652643000.0,
        "Net Non Operating Interest Income Expense": -31051000.0,
        "Total Other Finance Cost": NaN,
        "Interest Expense Non Operating": 31051000.0,
        "Operating Income": 742538000.0,
        "Operating Expense": 55705000.0,
        "Other Operating Expenses": 25251000.0,
        "Selling General And Administration": 30454000.0,
        "Selling And Marketing Expense": NaN,
        "General And Administrative Expense": NaN,
        "Other Gand A": NaN,
        "Insurance And Claims": NaN,
        "Salaries And Wages": NaN,
        "Gross Profit": 798243000.0,
        "Cost Of Revenue": 274818000.0,
        "Total Revenue": 1073061000.0,
        "Operating Revenue": 1049958000.0
    },
    "2022-03-31": {
        "Diluted EPS": -4.62,
        "Total Revenue": -913,
        "Gross Profit": NaN,
        "Operating Income": NaN,
        "EBIT": NaN,
        "Net Income": -923
    },
    "2021-12-31": {
        "Diluted EPS": 2.92,
        "Total Revenue": NaN,
        "Gross Profit": NaN,
        "Operating Income": 942,
        "EBIT": NaN,
        "Net Income": 630
    },
    "2021-09-30": {
        "Diluted EPS": -4.05,
        "Total Revenue": -880,
        "Gross Profit": -985,
        "Operating Income": NaN,
        "EBIT": NaN,
        "Net Income": -873
    },
    "2021-06-30": {
        "Diluted EPS": -1.61,
        "Total Revenue": -127,
        "Gross Profit": -226,
        "Operating Income": -408,
        "EBIT": -279,
        "Net Income": -354
    },
    "2021-03-31": {
        "Diluted EPS": 0.43,
        "Total Revenue": 473,
        "Gross Profit": 364,
        "Operating Income": 173,
        "EBIT": 308,
        "Net Income": 98
    },
    "2020-12-31": {
        "Diluted EPS": 1.14,
        "Total Revenue": 627,
        "Gross Profit": 529,
        "Operating Income": 303,
        "EBIT": 455,
        "Net Income": 196
    },
    "2020-09-30": {
        "Diluted EPS": -1.03,
        "Total Revenue": 66,
        "Gross Profit": -34,
        "Operating Income": -213,
        "EBIT": -93,
        "Net Income": -205
    },
    "2020-06-30": {
        "Diluted EPS": -0.78,
        "Total Revenue": 149,
        "Gross Profit": 69,
        "Operating Income": -114,
        "EBIT": 6,
        "Net Income": -146
    },
    "2020-03-31": {
        "Diluted EPS": -1.76,
        "Total Revenue": 416,
        "Gross Profit": 308,
        "Operating Income": -416,
        "EBIT": 189,
        "Net Income": -329
    },
    "2019-12-31": {
        "Diluted EPS": -1.43,
        "Total Revenue": 509,
        "Gross Profit": 395,
        "Operating Income": -281,
        "EBIT": -145,
        "Net Income": -271
    },
    "2019-09-30": {
        "Diluted EPS": 0.61,
        "Total Revenue": 530,
        "Gross Profit": 422,
        "Operating Income": 231,
        "EBIT": 354,
        "Net Income": 116
    },
    "2019-06-30": {
        "Diluted EPS": 0.84,
        "Total Revenue": 605,
        "Gross Profit": 502,
        "Operating Income": 273,
        "EBIT": 405,
        "Net Income": 162
    },
    "2019-03-31": {
        "Diluted EPS": -0.44,
        "Total Revenue": 278,
        "Gross Profit": 183,
        "Operating Income": -38,
        "EBIT": 89,
        "Net Income": -87
    },
    "2018-12-31": {
        "Diluted EPS": 0.58,
        "Total Revenue": 435,
        "Gross Profit": 336,
        "Operating Income": 67,
        "EBIT": 198,
        "Net Income": 102
    },
    "2018-09-30": {
        "Diluted EPS": 0.59,
        "Total Revenue": 397,
        "Gross Profit": 318,
        "Operating Income": 121,
        "EBIT": 243,
        "Net Income": 125
    },
    "2018-06-30": {
        "Diluted EPS": 0.19,
        "Total Revenue": 402,
        "Gross Profit": 317,
        "Operating Income": 89,
        "EBIT": 229,
        "Net Income": 42
    },
    "2018-03-31": {
        "Diluted EPS": 2.35,
        "Total Revenue": 496,
        "Gross Profit": 392,
        "Operating Income": 172,
        "EBIT": 300,
        "Net Income": 528
    },
    "2017-12-31": {
        "Diluted EPS": 1.2,
        "Total Revenue": 477,
        "Gross Profit": 353,
        "Operating Income": 112,
        "EBIT": 239,
        "Net Income": 277
    },
    "2017-09-30": {
        "Diluted EPS": -0.11,
        "Total Revenue": 287,
        "Gross Profit": 175,
        "Operating Income": -8,
        "EBIT": 101,
        "Net Income": -26
    },
    "2017-06-30": {
        "Diluted EPS": 0.73,
        "Total Revenue": 371,
        "Gross Profit": 274,
        "Operating Income": 91,
        "EBIT": 183,
        "Net Income": 170
    },
    "2017-03-31": {
        "Diluted EPS": -0.17,
        "Total Revenue": 320,
        "Gross Profit": 217,
        "Operating Income": -98,
        "EBIT": -2,
        "Net Income": -39
    },
    "2016-12-31": {
        "Diluted EPS": -1.33,
        "Total Revenue": -804,
        "Gross Profit": -913,
        "Operating Income": -271,
        "EBIT": -284,
        "Net Income": -306
    },
    "2016-09-30": {
        "Diluted EPS": 0.11,
        "Total Revenue": 746,
        "Gross Profit": 639,
        "Operating Income": 163,
        "EBIT": 314,
        "Net Income": 25
    },
    "2016-06-30": {
        "Diluted EPS": -2.05,
        "Total Revenue": 286,
        "Gross Profit": 186,
        "Operating Income": -287,
        "EBIT": -152,
        "Net Income": -470
    },
    "2016-03-31": {
        "Diluted EPS": -0.43,
        "Total Revenue": 533,
        "Gross Profit": 431,
        "Operating Income": -17,
        "EBIT": 138,
        "Net Income": -98
    },
    "2015-12-31": {
        "Diluted EPS": 0.14,
        "Total Revenue": -860,
        "Gross Profit": -970,
        "Operating Income": -251,
        "EBIT": -307,
        "Net Income": 30
    },
    "2015-09-30": {
        "Diluted EPS": 0.52,
        "Total Revenue": 721,
        "Gross Profit": 629,
        "Operating Income": 244,
        "EBIT": 391,
        "Net Income": 119
    },
    "2015-06-30": {
        "Diluted EPS": -2.64,
        "Total Revenue": 546,
        "Gross Profit": 461,
        "Operating Income": -832,
        "EBIT": -702,
        "Net Income": -603
    },
    "2015-03-31": {
        "Diluted EPS": 0.34,
        "Total Revenue": 793,
        "Gross Profit": 714,
        "Operating Income": 153,
        "EBIT": 303,
        "Net Income": 79
    },
    "2014-12-31": {
        "Diluted EPS": 0.32,
        "Total Revenue": 413,
        "Gross Profit": 381,
        "Operating Income": 225,
        "EBIT": 342,
        "Net Income": 74
    },
    "2014-09-30": {
        "Diluted EPS": -0.01,
        "Total Revenue": 885,
        "Gross Profit": 801,
        "Operating Income": 52,
        "EBIT": 201,
        "Net Income": -2
    },
    "2014-06-30": {
        "Diluted EPS": -0.11,
        "Total Revenue": 937,
        "Gross Profit": 863,
        "Operating Income": 40,
        "EBIT": 178,
        "Net Income": -25
    },
    "2014-03-31": {
        "Diluted EPS": 0.5,
        "Total Revenue": 969,
        "Gross Profit": 889,
        "Operating Income": 181,
        "EBIT": 310,
        "Net Income": 116
    },
    "2013-12-31": {
        "Diluted EPS": 3.21,
        "Total Revenue": 825,
        "Gross Profit": 690,
        "Operating Income": 71,
        "EBIT": 232,
        "Net Income": 738
    },
    "2013-09-30": {
        "Diluted EPS": -0.28,
        "Total Revenue": 803,
        "Gross Profit": 743,
        "Operating Income": 53,
        "EBIT": 171,
        "Net Income": -64
    },
    "2013-06-30": {
        "Diluted EPS": -0.05,
        "Total Revenue": 828,
        "Gross Profit": 765,
        "Operating Income": 93,
        "EBIT": 202,
        "Net Income": -13
    },
    "2013-03-31": {
        "Diluted EPS": -0.01,
        "Total Revenue": 843,
        "Gross Profit": 782,
        "Operating Income": 49,
        "EBIT": 160,
        "Net Income": -2
    },
    "2012-12-31": {
        "Diluted EPS": 0.65,
        "Total Revenue": 935,
        "Gross Profit": 389,
        "Operating Income": 195,
        "EBIT": 156,
        "Net Income": 150
    },
    "2012-09-30": {
        "Diluted EPS": -0.05,
        "Total Revenue": NaN,
        "Gross Profit": 332,
        "Operating Income": 23,
        "EBIT": 177,
        "Net Income": -11
    },
    "2012-06-30": {
        "Diluted EPS": 0.67,
        "Total Revenue": NaN,
        "Gross Profit": 597,
        "Operating Income": 268,
        "EBIT": 424,
        "Net Income": 153
    },
    "2012-03-31": {
        "Diluted EPS": 0.42,
        "Total Revenue": NaN,
        "Gross Profit": 522,
        "Operating Income": 177,
        "EBIT": 334,
        "Net Income": 97
    },
    "2011-12-31": {
        "Diluted EPS": 0.85,
        "Total Revenue": NaN,
        "Gross Profit": 660,
        "Operating Income": 296,
        "EBIT": 256,
        "Net Income": 196
    },
    "2011-09-30": {
        "Diluted EPS": 0.73,
        "Total Revenue": NaN,
        "Gross Profit": 642,
        "Operating Income": 275,
        "EBIT": 435,
        "Net Income": 167
    },
    "2011-06-30": {
        "Diluted EPS": 0.34,
        "Total Revenue": NaN,
        "Gross Profit": 659,
        "Operating Income": 295,
        "EBIT": 454,
        "Net Income": 77
    },
    "2011-03-31": {
        "Diluted EPS": 0.84,
        "Total Revenue": NaN,
        "Gross Profit": 651,
        "Operating Income": 318,
        "EBIT": 469,
        "Net Income": 192
    },
    "2010-12-31": {
        "Diluted EPS": 0.44,
        "Total Revenue": NaN,
        "Gross Profit": 529,
        "Operating Income": 205,
        "EBIT": 359,
        "Net Income": 104
    },
    "2010-09-30": {
        "Diluted EPS": 0.33,
        "Total Revenue": NaN,
        "Gross Profit": 495,
        "Operating Income": 158,
        "EBIT": 319,
        "Net Income": 75
    },
    "2010-06-30": {
        "Diluted EPS": 0.29,
        "Total Revenue": NaN,
        "Gross Profit": 469,
        "Operating Income": 179,
        "EBIT": 313,
        "Net Income": 67
    },
    "2010-03-31": {
        "Diluted EPS": 0.54,
        "Total Revenue": NaN,
        "Gross Profit": 471,
        "Operating Income": 197,
        "EBIT": 318,
        "Net Income": 100
    },
    "2009-12-31": {
        "Diluted EPS": 0.77,
        "Total Revenue": NaN,
        "Gross Profit": 495,
        "Operating Income": 210,
        "EBIT": 325,
        "Net Income": 143
    },
    "2009-09-30": {
        "Diluted EPS": 0.48,
        "Total Revenue": NaN,
        "Gross Profit": 386,
        "Operating Income": 136,
        "EBIT": 247,
        "Net Income": 87
    },
    "2009-06-30": {
        "Diluted EPS": 0.62,
        "Total Revenue": NaN,
        "Gross Profit": 427,
        "Operating Income": 180,
        "EBIT": 288,
        "Net Income": 113
    },
    "2009-03-31": {
        "Diluted EPS": 1.08,
        "Total Revenue": NaN,
        "Gross Profit": 550,
        "Operating Income": 293,
        "EBIT": 401,
        "Net Income": 196
    }
}