{
    "2023-03-31": {
        "Tax Effect Of Unusual Items": NaN,
        "Tax Rate For Calcs": NaN,
        "Normalized EBITDA": NaN,
        "Total Unusual Items": NaN,
        "Total Unusual Items Excluding Goodwill": NaN,
        "Net Income From Continuing Operation Net Minority Interest": NaN,
        "Reconciled Depreciation": NaN,
        "Reconciled Cost Of Revenue": NaN,
        "EBITDA": NaN,
        "EBIT": NaN,
        "Net Interest Income": NaN,
        "Interest Income": NaN,
        "Normalized Income": NaN,
        "Net Income From Continuing And Discontinued Operation": NaN,
        "Total Expenses": NaN,
        "Total Operating Income As Reported": NaN,
        "Diluted Average Shares": NaN,
        "Basic Average Shares": NaN,
        "Diluted EPS": NaN,
        "Basic EPS": NaN,
        "Diluted NI Availto Com Stockholders": NaN,
        "Net Income Common Stockholders": NaN,
        "Net Income": NaN,
        "Net Income Including Noncontrolling Interests": NaN,
        "Net Income Continuous Operations": NaN,
        "Tax Provision": NaN,
        "Pretax Income": NaN,
        "Other Income Expense": NaN,
        "Other Non Operating Income Expenses": 1286000.0,
        "Special Income Charges": NaN,
        "Restructuring And Mergern Acquisition": NaN,
        "Net Non Operating Interest Income Expense": NaN,
        "Interest Income Non Operating": NaN,
        "Operating Income": NaN,
        "Operating Expense": NaN,
        "Other Operating Expenses": NaN,
        "Depreciation Amortization Depletion Income Statement": NaN,
        "Depreciation And Amortization In Income Statement": NaN,
        "Selling General And Administration": NaN,
        "Selling And Marketing Expense": NaN,
        "General And Administrative Expense": NaN,
        "Other Gand A": NaN,
        "Salaries And Wages": NaN,
        "Gross Profit": NaN,
        "Cost Of Revenue": NaN,
        "Total Revenue": NaN,
        "Operating Revenue": NaN
    },
    "2022-12-31": {
        "Tax Effect Of Unusual Items": NaN,
        "Tax Rate For Calcs": NaN,
        "Normalized EBITDA": NaN,
        "Total Unusual Items": NaN,
        "Total Unusual Items Excluding Goodwill": NaN,
        "Net Income From Continuing Operation Net Minority Interest": NaN,
        "Reconciled Depreciation": NaN,
        "Reconciled Cost Of Revenue": NaN,
        "EBITDA": NaN,
        "EBIT": NaN,
        "Net Interest Income": NaN,
        "Interest Income": NaN,
        "Normalized Income": NaN,
        "Net Income From Continuing And Discontinued Operation": NaN,
        "Total Expenses": NaN,
        "Total Operating Income As Reported": NaN,
        "Diluted Average Shares": NaN,
        "Basic Average Shares": NaN,
        "Diluted EPS": NaN,
        "Basic EPS": NaN,
        "Diluted NI Availto Com Stockholders": NaN,
        "Net Income Common Stockholders": NaN,
        "Net Income": NaN,
        "Net Income Including Noncontrolling Interests": NaN,
        "Net Income Continuous Operations": NaN,
        "Tax Provision": NaN,
        "Pretax Income": NaN,
        "Other Income Expense": NaN,
        "Other Non Operating Income Expenses": 764000.0,
        "Special Income Charges": NaN,
        "Restructuring And Mergern Acquisition": NaN,
        "Net Non Operating Interest Income Expense": NaN,
        "Interest Income Non Operating": NaN,
        "Operating Income": NaN,
        "Operating Expense": NaN,
        "Other Operating Expenses": NaN,
        "Depreciation Amortization Depletion Income Statement": NaN,
        "Depreciation And Amortization In Income Statement": NaN,
        "Selling General And Administration": NaN,
        "Selling And Marketing Expense": NaN,
        "General And Administrative Expense": NaN,
        "Other Gand A": NaN,
        "Salaries And Wages": NaN,
        "Gross Profit": NaN,
        "Cost Of Revenue": NaN,
        "Total Revenue": NaN,
        "Operating Revenue": NaN
    },
    "2022-09-30": {
        "Tax Effect Of Unusual Items": 0.0,
        "Tax Rate For Calcs": 0.276,
        "Normalized EBITDA": 34746000.0,
        "Total Unusual Items": NaN,
        "Total Unusual Items Excluding Goodwill": NaN,
        "Net Income From Continuing Operation Net Minority Interest": 23206000.0,
        "Reconciled Depreciation": 3020000.0,
        "Reconciled Cost Of Revenue": 639046000.0,
        "EBITDA": 34746000.0,
        "EBIT": 31726000.0,
        "Normalized Income": 23206000.0,
        "Net Income From Continuing And Discontinued Operation": 23206000.0,
        "Total Expenses": 743966000.0,
        "Total Operating Income As Reported": 31739000.0,
        "Diluted Average Shares": 26455000.0,
        "Basic Average Shares": 26279000.0,
        "Diluted EPS": 0.88,
        "Basic EPS": 0.88,
        "Diluted NI Availto Com Stockholders": 23206000.0,
        "Net Income Common Stockholders": 23206000.0,
        "Net Income": 23206000.0,
        "Net Income Including Noncontrolling Interests": 23206000.0,
        "Net Income Continuous Operations": 23206000.0,
        "Tax Provision": 8841000.0,
        "Pretax Income": 32047000.0,
        "Other Income Expense": 308000.0,
        "Other Non Operating Income Expenses": 308000.0,
        "Special Income Charges": NaN,
        "Restructuring And Mergern Acquisition": NaN,
        "Operating Income": 31726000.0,
        "Operating Expense": 104900000.0,
        "Depreciation Amortization Depletion Income Statement": 3000000.0,
        "Depreciation And Amortization In Income Statement": 3000000.0,
        "Selling General And Administration": 101900000.0,
        "Selling And Marketing Expense": 5400000.0,
        "General And Administrative Expense": 96500000.0,
        "Other Gand A": 16100000.0,
        "Salaries And Wages": 80400000.0,
        "Gross Profit": 136626000.0,
        "Cost Of Revenue": 639066000.0,
        "Total Revenue": 775692000.0,
        "Operating Revenue": 775692000.0
    },
    "2022-06-30": {
        "Tax Effect Of Unusual Items": 0.0,
        "Tax Rate For Calcs": 0.27,
        "Normalized EBITDA": 37801000.0,
        "Total Unusual Items": NaN,
        "Total Unusual Items Excluding Goodwill": NaN,
        "Net Income From Continuing Operation Net Minority Interest": 25398000.0,
        "Reconciled Depreciation": 2989000.0,
        "Reconciled Cost Of Revenue": 691619000.0,
        "EBITDA": 37801000.0,
        "EBIT": 34801000.0,
        "Normalized Income": 25398000.0,
        "Net Income From Continuing And Discontinued Operation": 25398000.0,
        "Total Expenses": 793708000.0,
        "Total Operating Income As Reported": 34770000.0,
        "Diluted Average Shares": 26429000.0,
        "Basic Average Shares": 26268000.0,
        "Diluted EPS": 0.96,
        "Basic EPS": 0.97,
        "Diluted NI Availto Com Stockholders": 25398000.0,
        "Net Income Common Stockholders": 25398000.0,
        "Net Income": 25398000.0,
        "Net Income Including Noncontrolling Interests": 25398000.0,
        "Net Income Continuous Operations": 25398000.0,
        "Tax Provision": 9387000.0,
        "Pretax Income": 34785000.0,
        "Other Income Expense": 15000.0,
        "Other Non Operating Income Expenses": 15000.0,
        "Special Income Charges": NaN,
        "Restructuring And Mergern Acquisition": NaN,
        "Operating Income": 34801000.0,
        "Operating Expense": 102100000.0,
        "Depreciation Amortization Depletion Income Statement": 3000000.0,
        "Depreciation And Amortization In Income Statement": 3000000.0,
        "Selling General And Administration": 99100000.0,
        "Selling And Marketing Expense": 5600000.0,
        "General And Administrative Expense": 93500000.0,
        "Other Gand A": 16700000.0,
        "Salaries And Wages": 76800000.0,
        "Gross Profit": 136901000.0,
        "Cost Of Revenue": 691608000.0,
        "Total Revenue": 828509000.0,
        "Operating Revenue": 828509000.0
    },
    "2023-06-30": {
        "Tax Effect Of Unusual Items": NaN,
        "Tax Rate For Calcs": NaN,
        "Normalized EBITDA": NaN,
        "Total Unusual Items": NaN,
        "Total Unusual Items Excluding Goodwill": NaN,
        "Net Income From Continuing Operation Net Minority Interest": NaN,
        "Reconciled Depreciation": NaN,
        "Reconciled Cost Of Revenue": NaN,
        "EBITDA": NaN,
        "EBIT": NaN,
        "Net Interest Income": 1874000.0,
        "Interest Income": 1874000.0,
        "Normalized Income": NaN,
        "Net Income From Continuing And Discontinued Operation": NaN,
        "Total Expenses": NaN,
        "Total Operating Income As Reported": NaN,
        "Diluted Average Shares": NaN,
        "Basic Average Shares": NaN,
        "Diluted EPS": NaN,
        "Basic EPS": NaN,
        "Diluted NI Availto Com Stockholders": NaN,
        "Net Income Common Stockholders": NaN,
        "Net Income": NaN,
        "Net Income Including Noncontrolling Interests": NaN,
        "Net Income Continuous Operations": NaN,
        "Tax Provision": NaN,
        "Pretax Income": NaN,
        "Other Income Expense": -1746000.0,
        "Other Non Operating Income Expenses": 1874000.0,
        "Special Income Charges": NaN,
        "Restructuring And Mergern Acquisition": NaN,
        "Net Non Operating Interest Income Expense": 1874000.0,
        "Interest Income Non Operating": 1874000.0,
        "Operating Income": NaN,
        "Operating Expense": NaN,
        "Other Operating Expenses": NaN,
        "Depreciation Amortization Depletion Income Statement": NaN,
        "Depreciation And Amortization In Income Statement": NaN,
        "Selling General And Administration": NaN,
        "Selling And Marketing Expense": NaN,
        "General And Administrative Expense": NaN,
        "Other Gand A": NaN,
        "Salaries And Wages": NaN,
        "Gross Profit": NaN,
        "Cost Of Revenue": NaN,
        "Total Revenue": NaN,
        "Operating Revenue": NaN
    },
    "2022-03-31": {
        "Diluted EPS": 0.83,
        "Total Revenue": 788,
        "Gross Profit": 128,
        "Operating Income": 30,
        "EBIT": 33,
        "Net Income": 22
    },
    "2021-12-31": {
        "Diluted EPS": 0.84,
        "Total Revenue": 800,
        "Gross Profit": 127,
        "Operating Income": 31,
        "EBIT": 34,
        "Net Income": 22
    },
    "2021-09-30": {
        "Diluted EPS": 0.76,
        "Total Revenue": 751,
        "Gross Profit": 121,
        "Operating Income": 27,
        "EBIT": 30,
        "Net Income": 20
    },
    "2021-06-30": {
        "Diluted EPS": 0.66,
        "Total Revenue": 704,
        "Gross Profit": 116,
        "Operating Income": 24,
        "EBIT": 27,
        "Net Income": 17
    },
    "2021-03-31": {
        "Diluted EPS": 0.39,
        "Total Revenue": 637,
        "Gross Profit": 101,
        "Operating Income": 14,
        "EBIT": 17,
        "Net Income": 10
    },
    "2020-12-31": {
        "Diluted EPS": 0.63,
        "Total Revenue": 676,
        "Gross Profit": 109,
        "Operating Income": 20,
        "EBIT": 23,
        "Net Income": 16
    },
    "2020-09-30": {
        "Diluted EPS": 0.64,
        "Total Revenue": 653,
        "Gross Profit": 108,
        "Operating Income": 21,
        "EBIT": 25,
        "Net Income": 17
    },
    "2020-06-30": {
        "Diluted EPS": 0.29,
        "Total Revenue": 550,
        "Gross Profit": 89,
        "Operating Income": 11,
        "EBIT": 14,
        "Net Income": 8
    },
    "2020-03-31": {
        "Diluted EPS": 0.56,
        "Total Revenue": 712,
        "Gross Profit": 113,
        "Operating Income": 21,
        "EBIT": 24,
        "Net Income": 15
    },
    "2019-12-31": {
        "Diluted EPS": 0.83,
        "Total Revenue": 717,
        "Gross Profit": 116,
        "Operating Income": 30,
        "EBIT": 33,
        "Net Income": 22
    },
    "2019-09-30": {
        "Diluted EPS": 0.9,
        "Total Revenue": 729,
        "Gross Profit": 119,
        "Operating Income": 33,
        "EBIT": 36,
        "Net Income": 24
    },
    "2019-06-30": {
        "Diluted EPS": 0.89,
        "Total Revenue": 741,
        "Gross Profit": 117,
        "Operating Income": 32,
        "EBIT": 36,
        "Net Income": 24
    },
    "2019-03-31": {
        "Diluted EPS": 0.48,
        "Total Revenue": 633,
        "Gross Profit": 99,
        "Operating Income": 17,
        "EBIT": 21,
        "Net Income": 13
    },
    "2018-12-31": {
        "Diluted EPS": 0.8,
        "Total Revenue": 710,
        "Gross Profit": 107,
        "Operating Income": 26,
        "EBIT": 30,
        "Net Income": 21
    },
    "2018-09-30": {
        "Diluted EPS": 0.51,
        "Total Revenue": 659,
        "Gross Profit": 100,
        "Operating Income": 19,
        "EBIT": 23,
        "Net Income": 14
    },
    "2018-06-30": {
        "Diluted EPS": 0.68,
        "Total Revenue": 707,
        "Gross Profit": 107,
        "Operating Income": 25,
        "EBIT": 28,
        "Net Income": 18
    },
    "2018-03-31": {
        "Diluted EPS": 0.42,
        "Total Revenue": 625,
        "Gross Profit": 96,
        "Operating Income": 15,
        "EBIT": 19,
        "Net Income": 11
    },
    "2017-12-31": {
        "Diluted EPS": 0.76,
        "Total Revenue": 762,
        "Gross Profit": 100,
        "Operating Income": 22,
        "EBIT": 25,
        "Net Income": 21
    },
    "2017-09-30": {
        "Diluted EPS": 0.49,
        "Total Revenue": 729,
        "Gross Profit": 96,
        "Operating Income": 22,
        "EBIT": 25,
        "Net Income": 13
    },
    "2017-06-30": {
        "Diluted EPS": 0.51,
        "Total Revenue": 750,
        "Gross Profit": 100,
        "Operating Income": 22,
        "EBIT": 25,
        "Net Income": 14
    },
    "2017-03-31": {
        "Diluted EPS": 0.28,
        "Total Revenue": 671,
        "Gross Profit": 87,
        "Operating Income": 11,
        "EBIT": 14,
        "Net Income": 7
    },
    "2016-12-31": {
        "Diluted EPS": 0.48,
        "Total Revenue": 736,
        "Gross Profit": 98,
        "Operating Income": 22,
        "EBIT": 25,
        "Net Income": 13
    },
    "2016-09-30": {
        "Diluted EPS": 0.51,
        "Total Revenue": 708,
        "Gross Profit": 97,
        "Operating Income": 22,
        "EBIT": 25,
        "Net Income": 14
    },
    "2016-06-30": {
        "Diluted EPS": 0.47,
        "Total Revenue": 676,
        "Gross Profit": 94,
        "Operating Income": 21,
        "EBIT": 23,
        "Net Income": 12
    },
    "2016-03-31": {
        "Diluted EPS": 0.34,
        "Total Revenue": 572,
        "Gross Profit": 82,
        "Operating Income": 15,
        "EBIT": 18,
        "Net Income": 9
    },
    "2015-12-31": {
        "Diluted EPS": 0.51,
        "Total Revenue": 684,
        "Gross Profit": 92,
        "Operating Income": 23,
        "EBIT": 25,
        "Net Income": 14
    },
    "2015-09-30": {
        "Diluted EPS": 0.49,
        "Total Revenue": 681,
        "Gross Profit": 89,
        "Operating Income": 22,
        "EBIT": 24,
        "Net Income": 13
    },
    "2015-06-30": {
        "Diluted EPS": 0.44,
        "Total Revenue": 628,
        "Gross Profit": 83,
        "Operating Income": 20,
        "EBIT": 22,
        "Net Income": 12
    },
    "2015-03-31": {
        "Diluted EPS": 0.32,
        "Total Revenue": 581,
        "Gross Profit": 78,
        "Operating Income": 14,
        "EBIT": 16,
        "Net Income": 9
    },
    "2014-12-31": {
        "Diluted EPS": 0.45,
        "Total Revenue": 631,
        "Gross Profit": 83,
        "Operating Income": 20,
        "EBIT": 22,
        "Net Income": 12
    },
    "2014-09-30": {
        "Diluted EPS": 0.46,
        "Total Revenue": 640,
        "Gross Profit": 84,
        "Operating Income": 20,
        "EBIT": 23,
        "Net Income": 12
    },
    "2014-06-30": {
        "Diluted EPS": 0.43,
        "Total Revenue": 633,
        "Gross Profit": 84,
        "Operating Income": 19,
        "EBIT": 21,
        "Net Income": 11
    },
    "2014-03-31": {
        "Diluted EPS": 0.27,
        "Total Revenue": 560,
        "Gross Profit": 73,
        "Operating Income": 12,
        "EBIT": 14,
        "Net Income": 7
    },
    "2013-12-31": {
        "Diluted EPS": 0.37,
        "Total Revenue": 579,
        "Gross Profit": 76,
        "Operating Income": 16,
        "EBIT": 18,
        "Net Income": 10
    },
    "2013-09-30": {
        "Diluted EPS": 0.4,
        "Total Revenue": 580,
        "Gross Profit": 77,
        "Operating Income": 18,
        "EBIT": 19,
        "Net Income": 11
    },
    "2013-06-30": {
        "Diluted EPS": 0.35,
        "Total Revenue": 557,
        "Gross Profit": 74,
        "Operating Income": 15,
        "EBIT": 17,
        "Net Income": 9
    },
    "2013-03-31": {
        "Diluted EPS": 0.23,
        "Total Revenue": 505,
        "Gross Profit": 67,
        "Operating Income": 10,
        "EBIT": 12,
        "Net Income": 6
    },
    "2012-12-31": {
        "Diluted EPS": 0.33,
        "Total Revenue": 556,
        "Gross Profit": 72,
        "Operating Income": 15,
        "EBIT": 17,
        "Net Income": 9
    },
    "2012-09-30": {
        "Diluted EPS": 0.37,
        "Total Revenue": 561,
        "Gross Profit": 72,
        "Operating Income": 16,
        "EBIT": 18,
        "Net Income": 10
    },
    "2012-06-30": {
        "Diluted EPS": 0.33,
        "Total Revenue": 543,
        "Gross Profit": 72,
        "Operating Income": 15,
        "EBIT": 16,
        "Net Income": 9
    },
    "2012-03-31": {
        "Diluted EPS": 0.21,
        "Total Revenue": 499,
        "Gross Profit": 67,
        "Operating Income": 9,
        "EBIT": 11,
        "Net Income": 5
    },
    "2011-12-31": {
        "Diluted EPS": 0.27,
        "Total Revenue": 553,
        "Gross Profit": 69,
        "Operating Income": 12,
        "EBIT": 13,
        "Net Income": 7
    },
    "2011-09-30": {
        "Diluted EPS": 0.35,
        "Total Revenue": 576,
        "Gross Profit": 70,
        "Operating Income": 16,
        "EBIT": 17,
        "Net Income": 9
    },
    "2011-06-30": {
        "Diluted EPS": 0.28,
        "Total Revenue": 513,
        "Gross Profit": 67,
        "Operating Income": 12,
        "EBIT": 14,
        "Net Income": 7
    },
    "2011-03-31": {
        "Diluted EPS": 0.17,
        "Total Revenue": 462,
        "Gross Profit": 59,
        "Operating Income": 8,
        "EBIT": 9,
        "Net Income": 4
    },
    "2010-12-31": {
        "Diluted EPS": 0.26,
        "Total Revenue": 556,
        "Gross Profit": 63,
        "Operating Income": 12,
        "EBIT": 13,
        "Net Income": 7
    },
    "2010-09-30": {
        "Diluted EPS": 0.32,
        "Total Revenue": 533,
        "Gross Profit": 62,
        "Operating Income": 14,
        "EBIT": 16,
        "Net Income": 9
    },
    "2010-06-30": {
        "Diluted EPS": 0.18,
        "Total Revenue": 478,
        "Gross Profit": 56,
        "Operating Income": 8,
        "EBIT": 10,
        "Net Income": 5
    },
    "2010-03-31": {
        "Diluted EPS": 0.09,
        "Total Revenue": 408,
        "Gross Profit": 49,
        "Operating Income": 4,
        "EBIT": 6,
        "Net Income": 2
    },
    "2009-12-31": {
        "Diluted EPS": 0.14,
        "Total Revenue": 463,
        "Gross Profit": 52,
        "Operating Income": 7,
        "EBIT": 8,
        "Net Income": 4
    },
    "2009-09-30": {
        "Diluted EPS": 0.11,
        "Total Revenue": 403,
        "Gross Profit": 46,
        "Operating Income": 5,
        "EBIT": 7,
        "Net Income": 3
    },
    "2009-06-30": {
        "Diluted EPS": -0.24,
        "Total Revenue": 377,
        "Gross Profit": 44,
        "Operating Income": -10,
        "EBIT": -8,
        "Net Income": -6
    },
    "2009-03-31": {
        "Diluted EPS": -0.06,
        "Total Revenue": 326,
        "Gross Profit": 42,
        "Operating Income": -3,
        "EBIT": -1,
        "Net Income": -2
    },
    "2023-09-30": {
        "Tax Effect Of Unusual Items": -11572.0,
        "Tax Rate For Calcs": 0.263,
        "Normalized EBITDA": 35432000.0,
        "Total Unusual Items": -44000.0,
        "Total Unusual Items Excluding Goodwill": -44000.0,
        "Net Income From Continuing Operation Net Minority Interest": 25598000.0,
        "Reconciled Depreciation": 3289000.0,
        "Reconciled Cost Of Revenue": 561209000.0,
        "EBITDA": 35388000.0,
        "EBIT": 32088000.0,
        "Net Interest Income": 2688000.0,
        "Interest Income": 2688000.0,
        "Normalized Income": 25630428.0,
        "Net Income From Continuing And Discontinued Operation": 25598000.0,
        "Total Expenses": 660998000.0,
        "Total Operating Income As Reported": 32022000.0,
        "Diluted Average Shares": 26434000.0,
        "Basic Average Shares": 26262000.0,
        "Diluted EPS": 0.97,
        "Basic EPS": 0.97,
        "Diluted NI Availto Com Stockholders": 25598000.0,
        "Net Income Common Stockholders": 25598000.0,
        "Net Income": 25598000.0,
        "Net Income Including Noncontrolling Interests": 25598000.0,
        "Net Income Continuous Operations": 25598000.0,
        "Tax Provision": 9112000.0,
        "Pretax Income": 34710000.0,
        "Other Income Expense": -44000.0,
        "Other Non Operating Income Expenses": 2688000.0,
        "Special Income Charges": -44000.0,
        "Restructuring And Mergern Acquisition": 44000.0,
        "Net Non Operating Interest Income Expense": 2688000.0,
        "Interest Income Non Operating": 2688000.0,
        "Operating Income": 32088000.0,
        "Operating Expense": 99800000.0,
        "Other Operating Expenses": 2000000.0,
        "Depreciation Amortization Depletion Income Statement": 3300000.0,
        "Depreciation And Amortization In Income Statement": 3300000.0,
        "Selling General And Administration": 94500000.0,
        "Selling And Marketing Expense": 4600000.0,
        "General And Administrative Expense": 89900000.0,
        "Other Gand A": 12400000.0,
        "Salaries And Wages": 77500000.0,
        "Gross Profit": 131888000.0,
        "Cost Of Revenue": 561198000.0,
        "Total Revenue": 693086000.0,
        "Operating Revenue": 693086000.0
    },
    "2023-12-31": {
        "Tax Effect Of Unusual Items": 0.0,
        "Tax Rate For Calcs": 0.258236,
        "Normalized EBITDA": 31175000.0,
        "Total Unusual Items": 0.0,
        "Total Unusual Items Excluding Goodwill": 0.0,
        "Net Income From Continuing Operation Net Minority Interest": 23778000.0,
        "Reconciled Depreciation": 3198000.0,
        "Reconciled Cost Of Revenue": 566693000.0,
        "EBITDA": 31175000.0,
        "EBIT": 27975000.0,
        "Net Interest Income": NaN,
        "Interest Income": NaN,
        "Normalized Income": 23778000.0,
        "Net Income From Continuing And Discontinued Operation": 23778000.0,
        "Total Expenses": 668491000.0,
        "Total Operating Income As Reported": 27943000.0,
        "Diluted Average Shares": 26488000.0,
        "Basic Average Shares": 26305000.0,
        "Diluted EPS": 0.9,
        "Basic EPS": 0.9,
        "Diluted NI Availto Com Stockholders": 23778000.0,
        "Net Income Common Stockholders": 23778000.0,
        "Net Income": 23778000.0,
        "Net Income Including Noncontrolling Interests": 23778000.0,
        "Net Income Continuous Operations": 23778000.0,
        "Tax Provision": 8278000.0,
        "Pretax Income": 32056000.0,
        "Other Income Expense": 4113000.0,
        "Other Non Operating Income Expenses": 4113000.0,
        "Special Income Charges": 0.0,
        "Restructuring And Mergern Acquisition": 0.0,
        "Net Non Operating Interest Income Expense": NaN,
        "Interest Income Non Operating": NaN,
        "Operating Income": 27975000.0,
        "Operating Expense": 101800000.0,
        "Other Operating Expenses": 2000000.0,
        "Depreciation Amortization Depletion Income Statement": 3200000.0,
        "Depreciation And Amortization In Income Statement": 3200000.0,
        "Selling General And Administration": 96600000.0,
        "Selling And Marketing Expense": 5900000.0,
        "General And Administrative Expense": 90700000.0,
        "Other Gand A": 12600000.0,
        "Salaries And Wages": 78100000.0,
        "Gross Profit": 129775000.0,
        "Cost Of Revenue": 566691000.0,
        "Total Revenue": 696466000.0,
        "Operating Revenue": 696466000.0
    },
    "2024-03-31": {
        "Tax Effect Of Unusual Items": 0.0,
        "Tax Rate For Calcs": 0.27,
        "Normalized EBITDA": 16764000.0,
        "Total Unusual Items": 0.0,
        "Total Unusual Items Excluding Goodwill": 0.0,
        "Net Income From Continuing Operation Net Minority Interest": 13154000.0,
        "Reconciled Depreciation": 3266000.0,
        "Reconciled Cost Of Revenue": 513987000.0,
        "EBITDA": 16764000.0,
        "EBIT": 13464000.0,
        "Net Interest Income": 4567000.0,
        "Interest Income": 4567000.0,
        "Normalized Income": 13154000.0,
        "Net Income From Continuing And Discontinued Operation": 13154000.0,
        "Total Expenses": 618561000.0,
        "Total Operating Income As Reported": 13464000.0,
        "Diluted Average Shares": 26525000.0,
        "Basic Average Shares": 26362000.0,
        "Diluted EPS": 0.5,
        "Basic EPS": 0.5,
        "Diluted NI Availto Com Stockholders": 13154000.0,
        "Net Income Common Stockholders": 13154000.0,
        "Net Income": 13154000.0,
        "Net Income Including Noncontrolling Interests": 13154000.0,
        "Net Income Continuous Operations": 13154000.0,
        "Tax Provision": 4877000.0,
        "Pretax Income": 18031000.0,
        "Other Income Expense": NaN,
        "Other Non Operating Income Expenses": NaN,
        "Special Income Charges": 0.0,
        "Restructuring And Mergern Acquisition": 0.0,
        "Net Non Operating Interest Income Expense": 4567000.0,
        "Interest Income Non Operating": 4567000.0,
        "Operating Income": 13464000.0,
        "Operating Expense": 104608000.0,
        "Other Operating Expenses": 1800000.0,
        "Depreciation Amortization Depletion Income Statement": 3300000.0,
        "Depreciation And Amortization In Income Statement": 3300000.0,
        "Selling General And Administration": 99508000.0,
        "Selling And Marketing Expense": 7400000.0,
        "General And Administrative Expense": 92108000.0,
        "Other Gand A": 13608000.0,
        "Salaries And Wages": 78500000.0,
        "Gross Profit": 118072000.0,
        "Cost Of Revenue": 513953000.0,
        "Total Revenue": 632025000.0,
        "Operating Revenue": 632025000.0
    },
    "2024-06-30": {
        "Tax Effect Of Unusual Items": -109560.0,
        "Tax Rate For Calcs": 0.264,
        "Normalized EBITDA": 35022000.0,
        "Total Unusual Items": -415000.0,
        "Total Unusual Items Excluding Goodwill": -415000.0,
        "Net Income From Continuing Operation Net Minority Interest": 26161000.0,
        "Reconciled Depreciation": 3273000.0,
        "Reconciled Cost Of Revenue": 599864000.0,
        "EBITDA": 34607000.0,
        "EBIT": 31334000.0,
        "Net Interest Income": 4649000.0,
        "Interest Income": 4649000.0,
        "Normalized Income": 26466440.0,
        "Net Income From Continuing And Discontinued Operation": 26161000.0,
        "Total Expenses": 705145000.0,
        "Total Operating Income As Reported": 30919000.0,
        "Diluted Average Shares": 26520000.0,
        "Basic Average Shares": 26348000.0,
        "Diluted EPS": 0.99,
        "Basic EPS": 0.99,
        "Diluted NI Availto Com Stockholders": 26161000.0,
        "Net Income Common Stockholders": 26161000.0,
        "Net Income": 26161000.0,
        "Net Income Including Noncontrolling Interests": 26161000.0,
        "Net Income Continuous Operations": 26161000.0,
        "Tax Provision": 9407000.0,
        "Pretax Income": 35568000.0,
        "Other Income Expense": -415000.0,
        "Other Non Operating Income Expenses": NaN,
        "Special Income Charges": -415000.0,
        "Restructuring And Mergern Acquisition": 415000.0,
        "Net Non Operating Interest Income Expense": 4649000.0,
        "Interest Income Non Operating": 4649000.0,
        "Operating Income": 31334000.0,
        "Operating Expense": 105208000.0,
        "Other Operating Expenses": 1900000.0,
        "Depreciation Amortization Depletion Income Statement": 3200000.0,
        "Depreciation And Amortization In Income Statement": 3200000.0,
        "Selling General And Administration": 100108000.0,
        "Selling And Marketing Expense": 5200000.0,
        "General And Administrative Expense": 94908000.0,
        "Other Gand A": 13808000.0,
        "Salaries And Wages": 81100000.0,
        "Gross Profit": 136542000.0,
        "Cost Of Revenue": 599937000.0,
        "Total Revenue": 736479000.0,
        "Operating Revenue": 736479000.0
    },
    "2024-09-30": {
        "Tax Effect Of Unusual Items": 0.0,
        "Tax Rate For Calcs": 0.26,
        "Normalized EBITDA": 33306000.0,
        "Total Unusual Items": 0.0,
        "Total Unusual Items Excluding Goodwill": 0.0,
        "Net Income From Continuing Operation Net Minority Interest": 27059000.0,
        "Reconciled Depreciation": 3279000.0,
        "Reconciled Cost Of Revenue": 589332000.0,
        "EBITDA": 33306000.0,
        "EBIT": 30006000.0,
        "Net Interest Income": 4837000.0,
        "Interest Income": 4837000.0,
        "Normalized Income": 27059000.0,
        "Net Income From Continuing And Discontinued Operation": 27059000.0,
        "Total Expenses": 694711000.0,
        "Total Operating Income As Reported": 30041000.0,
        "Diluted Average Shares": 26501000.0,
        "Basic Average Shares": 26292000.0,
        "Diluted EPS": 1.02,
        "Basic EPS": 1.03,
        "Diluted NI Availto Com Stockholders": 27059000.0,
        "Net Income Common Stockholders": 27059000.0,
        "Net Income": 27059000.0,
        "Net Income Including Noncontrolling Interests": 27059000.0,
        "Net Income Continuous Operations": 27059000.0,
        "Tax Provision": 9519000.0,
        "Pretax Income": 36578000.0,
        "Other Income Expense": 1700000.0,
        "Other Non Operating Income Expenses": 1700000.0,
        "Special Income Charges": 0.0,
        "Restructuring And Mergern Acquisition": 0.0,
        "Net Non Operating Interest Income Expense": 4837000.0,
        "Interest Income Non Operating": 4837000.0,
        "Operating Income": 30006000.0,
        "Operating Expense": 105400000.0,
        "Other Operating Expenses": 1900000.0,
        "Depreciation Amortization Depletion Income Statement": 3300000.0,
        "Depreciation And Amortization In Income Statement": 3300000.0,
        "Selling General And Administration": 100200000.0,
        "Selling And Marketing Expense": 6200000.0,
        "General And Administrative Expense": 94000000.0,
        "Other Gand A": 14100000.0,
        "Salaries And Wages": 79900000.0,
        "Gross Profit": 135406000.0,
        "Cost Of Revenue": 589311000.0,
        "Total Revenue": 724717000.0,
        "Operating Revenue": 724717000.0
    }
}