{
    "2023-03-31": {
        "Tax Effect Of Unusual Items": 390336.0,
        "Tax Rate For Calcs": 0.214,
        "Normalized EBITDA": 6882000.0,
        "Total Unusual Items": 1824000.0,
        "Total Unusual Items Excluding Goodwill": 1824000.0,
        "Net Income From Continuing Operation Net Minority Interest": 6705000.0,
        "Reconciled Depreciation": 165000.0,
        "Reconciled Cost Of Revenue": 76098000.0,
        "EBITDA": 8706000.0,
        "EBIT": 8541000.0,
        "Net Interest Income": -2000.0,
        "Interest Expense": 15000.0,
        "Interest Income": 13000.0,
        "Normalized Income": 5271336.0,
        "Net Income From Continuing And Discontinued Operation": 6705000.0,
        "Total Expenses": 103055000.0,
        "Total Operating Income As Reported": 6704000.0,
        "Diluted Average Shares": 57351405.0,
        "Basic Average Shares": 56046904.0,
        "Diluted EPS": 0.12,
        "Basic EPS": 0.12,
        "Diluted NI Availto Com Stockholders": 6705000.0,
        "Net Income Common Stockholders": 6705000.0,
        "Net Income": 6705000.0,
        "Net Income Including Noncontrolling Interests": 6705000.0,
        "Net Income Continuous Operations": 6705000.0,
        "Tax Provision": 1821000.0,
        "Pretax Income": 8526000.0,
        "Other Income Expense": 1824000.0,
        "Gain On Sale Of Security": 1824000.0,
        "Net Non Operating Interest Income Expense": -2000.0,
        "Interest Expense Non Operating": 15000.0,
        "Interest Income Non Operating": 13000.0,
        "Operating Income": 6704000.0,
        "Operating Expense": 26957000.0,
        "Selling General And Administration": 26957000.0,
        "Gross Profit": 33661000.0,
        "Cost Of Revenue": 76098000.0,
        "Total Revenue": 109759000.0,
        "Operating Revenue": 109759000.0
    },
    "2022-12-31": {
        "Tax Effect Of Unusual Items": 437850.0,
        "Tax Rate For Calcs": 0.21,
        "Normalized EBITDA": -4375000.0,
        "Total Unusual Items": 2085000.0,
        "Total Unusual Items Excluding Goodwill": 2085000.0,
        "Net Income From Continuing Operation Net Minority Interest": -2810000.0,
        "Reconciled Depreciation": 459000.0,
        "Reconciled Cost Of Revenue": 69558000.0,
        "EBITDA": -2290000.0,
        "EBIT": -2749000.0,
        "Net Interest Income": -24000.0,
        "Interest Expense": 45000.0,
        "Interest Income": 21000.0,
        "Normalized Income": -4457150.0,
        "Net Income From Continuing And Discontinued Operation": -2810000.0,
        "Total Expenses": 96846000.0,
        "Total Operating Income As Reported": -4855000.0,
        "Diluted Average Shares": 56405035.0,
        "Basic Average Shares": 55951237.0,
        "Diluted EPS": -0.05,
        "Basic EPS": -0.05,
        "Diluted NI Availto Com Stockholders": -2810000.0,
        "Net Income Common Stockholders": -2810000.0,
        "Net Income": -2810000.0,
        "Minority Interests": 0.0,
        "Net Income Including Noncontrolling Interests": -2810000.0,
        "Net Income Continuous Operations": -2810000.0,
        "Tax Provision": 16000.0,
        "Pretax Income": -2794000.0,
        "Other Income Expense": 2085000.0,
        "Gain On Sale Of Security": 2085000.0,
        "Net Non Operating Interest Income Expense": -24000.0,
        "Interest Expense Non Operating": 45000.0,
        "Interest Income Non Operating": 21000.0,
        "Operating Income": -4855000.0,
        "Operating Expense": 27288000.0,
        "Selling General And Administration": 27288000.0,
        "Gross Profit": 22433000.0,
        "Cost Of Revenue": 69558000.0,
        "Total Revenue": 91991000.0,
        "Operating Revenue": 91991000.0
    },
    "2022-09-30": {
        "Tax Effect Of Unusual Items": 118712.11788,
        "Tax Rate For Calcs": 0.201891,
        "Normalized EBITDA": 9133000.0,
        "Total Unusual Items": 588000.0,
        "Total Unusual Items Excluding Goodwill": 588000.0,
        "Net Income From Continuing Operation Net Minority Interest": 7258000.0,
        "Reconciled Depreciation": 497000.0,
        "Reconciled Cost Of Revenue": 91467000.0,
        "EBITDA": 9721000.0,
        "EBIT": 9224000.0,
        "Net Interest Income": -110000.0,
        "Interest Expense": 130000.0,
        "Interest Income": 20000.0,
        "Normalized Income": 6788712.11788,
        "Net Income From Continuing And Discontinued Operation": 7258000.0,
        "Total Expenses": 115427000.0,
        "Total Operating Income As Reported": 8616000.0,
        "Diluted Average Shares": 56579912.0,
        "Basic Average Shares": 55785622.0,
        "Diluted EPS": 0.13,
        "Basic EPS": 0.13,
        "Diluted NI Availto Com Stockholders": 7258000.0,
        "Net Income Common Stockholders": 7258000.0,
        "Net Income": 7258000.0,
        "Minority Interests": 0.0,
        "Net Income Including Noncontrolling Interests": 7258000.0,
        "Net Income Continuous Operations": 7258000.0,
        "Tax Provision": 1836000.0,
        "Pretax Income": 9094000.0,
        "Other Income Expense": 588000.0,
        "Special Income Charges": NaN,
        "Gain On Sale Of Security": 588000.0,
        "Net Non Operating Interest Income Expense": -110000.0,
        "Interest Expense Non Operating": 130000.0,
        "Interest Income Non Operating": 20000.0,
        "Operating Income": 8616000.0,
        "Operating Expense": 23960000.0,
        "Selling General And Administration": 23960000.0,
        "Gross Profit": 32576000.0,
        "Cost Of Revenue": 91467000.0,
        "Total Revenue": 124043000.0,
        "Operating Revenue": 124043000.0
    },
    "2022-06-30": {
        "Tax Effect Of Unusual Items": -1076254.427391,
        "Tax Rate For Calcs": 0.327627,
        "Normalized EBITDA": 5035000.0,
        "Total Unusual Items": -3285000.0,
        "Total Unusual Items Excluding Goodwill": -3285000.0,
        "Net Income From Continuing Operation Net Minority Interest": 1139000.0,
        "Reconciled Depreciation": 475000.0,
        "Reconciled Cost Of Revenue": 86016000.0,
        "EBITDA": 1750000.0,
        "EBIT": 1750000.0,
        "Net Interest Income": -53000.0,
        "Interest Expense": 56000.0,
        "Interest Income": 3000.0,
        "Normalized Income": 3347745.572609,
        "Net Income From Continuing And Discontinued Operation": 1139000.0,
        "Total Expenses": 110273000.0,
        "Total Operating Income As Reported": 5032000.0,
        "Diluted Average Shares": 55804448.0,
        "Basic Average Shares": 55626861.0,
        "Diluted EPS": 0.02,
        "Basic EPS": 0.02,
        "Diluted NI Availto Com Stockholders": 1139000.0,
        "Net Income Common Stockholders": 1139000.0,
        "Net Income": 1139000.0,
        "Minority Interests": 0.0,
        "Net Income Including Noncontrolling Interests": 1139000.0,
        "Net Income Continuous Operations": 1139000.0,
        "Tax Provision": 555000.0,
        "Pretax Income": 1694000.0,
        "Other Income Expense": -3285000.0,
        "Special Income Charges": NaN,
        "Gain On Sale Of Security": -3285000.0,
        "Net Non Operating Interest Income Expense": -53000.0,
        "Interest Expense Non Operating": 56000.0,
        "Interest Income Non Operating": 3000.0,
        "Operating Income": 5032000.0,
        "Operating Expense": 24257000.0,
        "Selling General And Administration": 24257000.0,
        "Gross Profit": 29289000.0,
        "Cost Of Revenue": 86016000.0,
        "Total Revenue": 115305000.0,
        "Operating Revenue": 115305000.0
    },
    "2023-06-30": {
        "Tax Effect Of Unusual Items": 222336.0,
        "Tax Rate For Calcs": 0.192,
        "Normalized EBITDA": 21288000.0,
        "Total Unusual Items": 1158000.0,
        "Total Unusual Items Excluding Goodwill": 1158000.0,
        "Net Income From Continuing Operation Net Minority Interest": 17987000.0,
        "Reconciled Depreciation": 175000.0,
        "Reconciled Cost Of Revenue": 88551000.0,
        "EBITDA": 22446000.0,
        "EBIT": 22271000.0,
        "Net Interest Income": 253000.0,
        "Interest Expense": 15000.0,
        "Interest Income": 268000.0,
        "Normalized Income": 17051336.0,
        "Net Income From Continuing And Discontinued Operation": 17987000.0,
        "Total Expenses": 118800000.0,
        "Total Operating Income As Reported": 20845000.0,
        "Diluted Average Shares": 58854063.0,
        "Basic Average Shares": 56325013.0,
        "Diluted EPS": 0.31,
        "Basic EPS": 0.32,
        "Diluted NI Availto Com Stockholders": 17987000.0,
        "Net Income Common Stockholders": 17987000.0,
        "Net Income": 17987000.0,
        "Net Income Including Noncontrolling Interests": 17987000.0,
        "Net Income Continuous Operations": 17987000.0,
        "Tax Provision": 4269000.0,
        "Pretax Income": 22256000.0,
        "Other Income Expense": 1158000.0,
        "Gain On Sale Of Security": 1158000.0,
        "Net Non Operating Interest Income Expense": 253000.0,
        "Interest Expense Non Operating": 15000.0,
        "Interest Income Non Operating": 268000.0,
        "Operating Income": 20845000.0,
        "Operating Expense": 30249000.0,
        "Selling General And Administration": 30249000.0,
        "Gross Profit": 51094000.0,
        "Cost Of Revenue": 88551000.0,
        "Total Revenue": 139645000.0,
        "Operating Revenue": 139645000.0
    },
    "2022-03-31": {
        "Diluted EPS": 0.04,
        "Total Revenue": 96,
        "Gross Profit": 19,
        "Operating Income": -6,
        "EBIT": -5,
        "Net Income": 2
    },
    "2021-12-31": {
        "Diluted EPS": -0.07,
        "Total Revenue": 87,
        "Gross Profit": 22,
        "Operating Income": -5,
        "EBIT": -5,
        "Net Income": -3
    },
    "2021-09-30": {
        "Diluted EPS": 0.24,
        "Total Revenue": 116,
        "Gross Profit": 39,
        "Operating Income": 18,
        "EBIT": 18,
        "Net Income": 13
    },
    "2021-06-30": {
        "Diluted EPS": 0.15,
        "Total Revenue": 102,
        "Gross Profit": 29,
        "Operating Income": 8,
        "EBIT": 8,
        "Net Income": 8
    },
    "2021-03-31": {
        "Diluted EPS": 0.03,
        "Total Revenue": 75,
        "Gross Profit": 24,
        "Operating Income": 4,
        "EBIT": 5,
        "Net Income": 2
    },
    "2020-12-31": {
        "Diluted EPS": 0.0,
        "Total Revenue": NaN,
        "Gross Profit": NaN,
        "Operating Income": NaN,
        "EBIT": NaN,
        "Net Income": NaN
    },
    "2020-09-30": {
        "Diluted EPS": 0.15,
        "Total Revenue": 87,
        "Gross Profit": 29,
        "Operating Income": 10,
        "EBIT": 10,
        "Net Income": 9
    },
    "2019-12-31": {
        "Diluted EPS": 0.0,
        "Total Revenue": NaN,
        "Gross Profit": NaN,
        "Operating Income": NaN,
        "EBIT": NaN,
        "Net Income": NaN
    },
    "2023-09-30": {
        "Tax Effect Of Unusual Items": -1080530.0,
        "Tax Rate For Calcs": 0.209,
        "Normalized EBITDA": 24509000.0,
        "Total Unusual Items": -5170000.0,
        "Total Unusual Items Excluding Goodwill": -5170000.0,
        "Net Income From Continuing Operation Net Minority Interest": 15164000.0,
        "Reconciled Depreciation": 163000.0,
        "Reconciled Cost Of Revenue": 81893000.0,
        "EBITDA": 19339000.0,
        "EBIT": 19176000.0,
        "Net Interest Income": 823000.0,
        "Interest Expense": 1000.0,
        "Interest Income": 824000.0,
        "Normalized Income": 19253470.0,
        "Net Income From Continuing And Discontinued Operation": 15164000.0,
        "Total Expenses": 114542000.0,
        "Total Operating Income As Reported": 23522000.0,
        "Diluted Average Shares": 59271757.0,
        "Basic Average Shares": 56493757.0,
        "Diluted EPS": 0.26,
        "Basic EPS": 0.27,
        "Diluted NI Availto Com Stockholders": 15164000.0,
        "Net Income Common Stockholders": 15164000.0,
        "Net Income": 15164000.0,
        "Net Income Including Noncontrolling Interests": 15164000.0,
        "Net Income Continuous Operations": 15164000.0,
        "Tax Provision": 4011000.0,
        "Pretax Income": 19175000.0,
        "Other Income Expense": -5170000.0,
        "Gain On Sale Of Security": -5170000.0,
        "Net Non Operating Interest Income Expense": 823000.0,
        "Interest Expense Non Operating": 1000.0,
        "Interest Income Non Operating": 824000.0,
        "Operating Income": 23522000.0,
        "Operating Expense": 32649000.0,
        "Selling General And Administration": 32649000.0,
        "Gross Profit": 56171000.0,
        "Cost Of Revenue": 81893000.0,
        "Total Revenue": 138064000.0,
        "Operating Revenue": 138064000.0
    },
    "2023-12-31": {
        "Tax Effect Of Unusual Items": 159154.84114,
        "Tax Rate For Calcs": 0.149441,
        "Normalized EBITDA": 7055000.0,
        "Total Unusual Items": 1065000.0,
        "Total Unusual Items Excluding Goodwill": 1065000.0,
        "Net Income From Continuing Operation Net Minority Interest": 6773000.0,
        "Reconciled Depreciation": 157000.0,
        "Reconciled Cost Of Revenue": 66341000.0,
        "EBITDA": 8120000.0,
        "EBIT": 7963000.0,
        "Net Interest Income": 1476000.0,
        "Interest Expense": 0.0,
        "Interest Income": 1476000.0,
        "Normalized Income": 5867154.84114,
        "Net Income From Continuing And Discontinued Operation": 6773000.0,
        "Total Expenses": 100722000.0,
        "Total Operating Income As Reported": 5422000.0,
        "Diluted Average Shares": 59502729.0,
        "Basic Average Shares": 56836488.0,
        "Diluted EPS": 0.11,
        "Basic EPS": 0.12,
        "Diluted NI Availto Com Stockholders": 6773000.0,
        "Net Income Common Stockholders": 6773000.0,
        "Net Income": 6773000.0,
        "Net Income Including Noncontrolling Interests": 6773000.0,
        "Net Income Continuous Operations": 6773000.0,
        "Tax Provision": 1190000.0,
        "Pretax Income": 7963000.0,
        "Other Income Expense": 1065000.0,
        "Gain On Sale Of Security": 1065000.0,
        "Net Non Operating Interest Income Expense": 1476000.0,
        "Interest Expense Non Operating": 0.0,
        "Interest Income Non Operating": 1476000.0,
        "Operating Income": 5422000.0,
        "Operating Expense": 34381000.0,
        "Selling General And Administration": 34381000.0,
        "Gross Profit": 39803000.0,
        "Cost Of Revenue": 66341000.0,
        "Total Revenue": 106144000.0,
        "Operating Revenue": 106144000.0
    },
    "2024-03-31": {
        "Tax Effect Of Unusual Items": -518070.0,
        "Tax Rate For Calcs": 0.21,
        "Normalized EBITDA": 20644000.0,
        "Total Unusual Items": -2467000.0,
        "Total Unusual Items Excluding Goodwill": -2467000.0,
        "Net Income From Continuing Operation Net Minority Interest": 14238000.0,
        "Reconciled Depreciation": 162000.0,
        "Reconciled Cost Of Revenue": 64521000.0,
        "EBITDA": 18177000.0,
        "EBIT": 18015000.0,
        "Net Interest Income": 1523000.0,
        "Interest Expense": 0.0,
        "Interest Income": 1523000.0,
        "Normalized Income": 16186930.0,
        "Net Income From Continuing And Discontinued Operation": 14238000.0,
        "Total Expenses": 92739000.0,
        "Total Operating Income As Reported": 18959000.0,
        "Diluted Average Shares": 58746631.0,
        "Basic Average Shares": 56589565.0,
        "Diluted EPS": 0.24,
        "Basic EPS": 0.25,
        "Diluted NI Availto Com Stockholders": 14238000.0,
        "Net Income Common Stockholders": 14238000.0,
        "Net Income": 14238000.0,
        "Net Income Including Noncontrolling Interests": 14238000.0,
        "Net Income Continuous Operations": 14238000.0,
        "Tax Provision": 3777000.0,
        "Pretax Income": 18015000.0,
        "Other Income Expense": -2467000.0,
        "Gain On Sale Of Security": -2467000.0,
        "Net Non Operating Interest Income Expense": 1523000.0,
        "Interest Expense Non Operating": 0.0,
        "Interest Income Non Operating": 1523000.0,
        "Operating Income": 18959000.0,
        "Operating Expense": 28218000.0,
        "Selling General And Administration": 28218000.0,
        "Gross Profit": 47177000.0,
        "Cost Of Revenue": 64521000.0,
        "Total Revenue": 111698000.0,
        "Operating Revenue": 111698000.0
    }
}