{
    "2023-03-31": {
        "Tax Effect Of Unusual Items": 0.0,
        "Tax Rate For Calcs": 0.33,
        "Normalized EBITDA": 231377000.0,
        "Total Unusual Items": 0.0,
        "Total Unusual Items Excluding Goodwill": 0.0,
        "Net Income From Continuing Operation Net Minority Interest": 2546000.0,
        "Reconciled Depreciation": 160941000.0,
        "Reconciled Cost Of Revenue": 820038000.0,
        "EBITDA": 231377000.0,
        "EBIT": 70436000.0,
        "Net Interest Income": -75183000.0,
        "Interest Expense": 75183000.0,
        "Normalized Income": 2546000.0,
        "Net Income From Continuing And Discontinued Operation": 2546000.0,
        "Total Expenses": 1172806000.0,
        "Diluted Average Shares": 139687500.0,
        "Basic Average Shares": 139687500.0,
        "Diluted EPS": -0.24,
        "Basic EPS": -0.24,
        "Diluted NI Availto Com Stockholders": -33525000.0,
        "Average Dilution Earnings": NaN,
        "Net Income Common Stockholders": -33525000.0,
        "Preferred Stock Dividends": 36071000.0,
        "Net Income": 2546000.0,
        "Minority Interests": 0.0,
        "Net Income Including Noncontrolling Interests": 2546000.0,
        "Net Income Continuous Operations": 2546000.0,
        "Tax Provision": -7293000.0,
        "Pretax Income": -4747000.0,
        "Other Income Expense": 3048000.0,
        "Other Non Operating Income Expenses": 3048000.0,
        "Special Income Charges": 0.0,
        "Restructuring And Mergern Acquisition": 0.0,
        "Net Non Operating Interest Income Expense": -75183000.0,
        "Interest Expense Non Operating": 75183000.0,
        "Operating Income": 67388000.0,
        "Operating Expense": 352768000.0,
        "Research And Development": 126382000.0,
        "Selling General And Administration": 226386000.0,
        "Gross Profit": 420156000.0,
        "Cost Of Revenue": 820038000.0,
        "Total Revenue": 1240194000.0,
        "Operating Revenue": 1240194000.0
    },
    "2022-12-31": {
        "Tax Effect Of Unusual Items": NaN,
        "Tax Rate For Calcs": NaN,
        "Normalized EBITDA": NaN,
        "Total Unusual Items": 0.0,
        "Total Unusual Items Excluding Goodwill": 0.0,
        "Net Income From Continuing Operation Net Minority Interest": NaN,
        "Reconciled Depreciation": NaN,
        "Reconciled Cost Of Revenue": NaN,
        "EBITDA": NaN,
        "EBIT": NaN,
        "Net Interest Income": NaN,
        "Interest Expense": NaN,
        "Normalized Income": NaN,
        "Net Income From Continuing And Discontinued Operation": NaN,
        "Total Expenses": NaN,
        "Diluted Average Shares": 138623000.0,
        "Basic Average Shares": 138623000.0,
        "Diluted EPS": -0.58,
        "Basic EPS": -0.58,
        "Diluted NI Availto Com Stockholders": NaN,
        "Average Dilution Earnings": NaN,
        "Net Income Common Stockholders": NaN,
        "Preferred Stock Dividends": NaN,
        "Net Income": NaN,
        "Minority Interests": 0.0,
        "Net Income Including Noncontrolling Interests": NaN,
        "Net Income Continuous Operations": NaN,
        "Tax Provision": NaN,
        "Pretax Income": NaN,
        "Other Income Expense": NaN,
        "Other Non Operating Income Expenses": NaN,
        "Special Income Charges": 0.0,
        "Restructuring And Mergern Acquisition": 0.0,
        "Net Non Operating Interest Income Expense": NaN,
        "Interest Expense Non Operating": NaN,
        "Operating Income": NaN,
        "Operating Expense": NaN,
        "Research And Development": NaN,
        "Selling General And Administration": NaN,
        "Gross Profit": NaN,
        "Cost Of Revenue": NaN,
        "Total Revenue": NaN,
        "Operating Revenue": NaN
    },
    "2022-09-30": {
        "Tax Effect Of Unusual Items": NaN,
        "Tax Rate For Calcs": NaN,
        "Normalized EBITDA": NaN,
        "Total Unusual Items": NaN,
        "Total Unusual Items Excluding Goodwill": NaN,
        "Net Income From Continuing Operation Net Minority Interest": NaN,
        "Reconciled Depreciation": NaN,
        "Reconciled Cost Of Revenue": NaN,
        "EBITDA": NaN,
        "EBIT": NaN,
        "Net Interest Income": NaN,
        "Interest Expense": NaN,
        "Normalized Income": NaN,
        "Net Income From Continuing And Discontinued Operation": NaN,
        "Total Expenses": NaN,
        "Diluted Average Shares": NaN,
        "Basic Average Shares": NaN,
        "Diluted EPS": NaN,
        "Basic EPS": NaN,
        "Diluted NI Availto Com Stockholders": NaN,
        "Average Dilution Earnings": 0.0,
        "Net Income Common Stockholders": NaN,
        "Preferred Stock Dividends": NaN,
        "Net Income": NaN,
        "Minority Interests": NaN,
        "Net Income Including Noncontrolling Interests": NaN,
        "Net Income Continuous Operations": NaN,
        "Tax Provision": NaN,
        "Pretax Income": NaN,
        "Other Income Expense": NaN,
        "Other Non Operating Income Expenses": NaN,
        "Special Income Charges": NaN,
        "Restructuring And Mergern Acquisition": NaN,
        "Net Non Operating Interest Income Expense": NaN,
        "Interest Expense Non Operating": NaN,
        "Operating Income": NaN,
        "Operating Expense": NaN,
        "Research And Development": NaN,
        "Selling General And Administration": NaN,
        "Gross Profit": NaN,
        "Cost Of Revenue": NaN,
        "Total Revenue": NaN,
        "Operating Revenue": NaN
    },
    "2022-06-30": {
        "Tax Effect Of Unusual Items": 0.0,
        "Tax Rate For Calcs": 0.10916,
        "Normalized EBITDA": 97485000.0,
        "Net Income From Continuing Operation Net Minority Interest": 43636000.0,
        "Reconciled Depreciation": 73245000.0,
        "Reconciled Cost Of Revenue": 560930000.0,
        "EBITDA": 97485000.0,
        "EBIT": 97485000.0,
        "Net Interest Income": -48502000.0,
        "Interest Expense": 48502000.0,
        "Normalized Income": 43636000.0,
        "Net Income From Continuing And Discontinued Operation": 43636000.0,
        "Total Expenses": 772709000.0,
        "Diluted Average Shares": 116822000.0,
        "Basic Average Shares": 106519000.0,
        "Diluted EPS": 0.23,
        "Basic EPS": 0.25,
        "Diluted NI Availto Com Stockholders": 24694000.0,
        "Average Dilution Earnings": 579000.0,
        "Net Income Common Stockholders": 26344000.0,
        "Preferred Stock Dividends": 17292000.0,
        "Net Income": 43636000.0,
        "Net Income Including Noncontrolling Interests": 43636000.0,
        "Net Income Continuous Operations": 43636000.0,
        "Tax Provision": 5347000.0,
        "Pretax Income": 48983000.0,
        "Other Income Expense": -16768000.0,
        "Other Non Operating Income Expenses": -16768000.0,
        "Net Non Operating Interest Income Expense": -48502000.0,
        "Interest Expense Non Operating": 48502000.0,
        "Operating Income": 114253000.0,
        "Operating Expense": 211779000.0,
        "Research And Development": 95917000.0,
        "Selling General And Administration": 115862000.0,
        "Gross Profit": 326032000.0,
        "Cost Of Revenue": 560930000.0,
        "Total Revenue": 886962000.0,
        "Operating Revenue": 886962000.0
    },
    "2022-03-31": {
        "Diluted EPS": 0.28,
        "Total Revenue": 828,
        "Gross Profit": 322,
        "Operating Income": 107,
        "EBIT": 187,
        "Net Income": 32
    },
    "2021-12-31": {
        "Diluted EPS": 0.44,
        "Total Revenue": 807,
        "Gross Profit": 311,
        "Operating Income": 98,
        "EBIT": 172,
        "Net Income": 51
    },
    "2021-09-30": {
        "Diluted EPS": 0.5,
        "Total Revenue": 795,
        "Gross Profit": 307,
        "Operating Income": 95,
        "EBIT": 167,
        "Net Income": 57
    },
    "2021-06-30": {
        "Diluted EPS": 0.6,
        "Total Revenue": 808,
        "Gross Profit": 288,
        "Operating Income": 97,
        "EBIT": 173,
        "Net Income": 65
    },
    "2021-03-31": {
        "Diluted EPS": 0.66,
        "Total Revenue": 783,
        "Gross Profit": 290,
        "Operating Income": 85,
        "EBIT": 158,
        "Net Income": 74
    },
    "2020-12-31": {
        "Diluted EPS": 0.73,
        "Total Revenue": 787,
        "Gross Profit": 313,
        "Operating Income": 119,
        "EBIT": 191,
        "Net Income": 81
    },
    "2020-09-30": {
        "Diluted EPS": 0.38,
        "Total Revenue": 728,
        "Gross Profit": 287,
        "Operating Income": 101,
        "EBIT": 171,
        "Net Income": 40
    },
    "2020-06-30": {
        "Diluted EPS": 0.62,
        "Total Revenue": 746,
        "Gross Profit": 274,
        "Operating Income": 67,
        "EBIT": 147,
        "Net Income": 51
    },
    "2020-03-31": {
        "Diluted EPS": 0.06,
        "Total Revenue": 627,
        "Gross Profit": 246,
        "Operating Income": 69,
        "EBIT": 113,
        "Net Income": 6
    },
    "2019-12-31": {
        "Diluted EPS": -1.08,
        "Total Revenue": 666,
        "Gross Profit": 148,
        "Operating Income": -79,
        "EBIT": 10,
        "Net Income": -98
    },
    "2019-09-30": {
        "Diluted EPS": -0.39,
        "Total Revenue": 340,
        "Gross Profit": 123,
        "Operating Income": -18,
        "EBIT": 12,
        "Net Income": -26
    },
    "2019-06-30": {
        "Diluted EPS": 0.41,
        "Total Revenue": 363,
        "Gross Profit": 139,
        "Operating Income": 41,
        "EBIT": 68,
        "Net Income": 28
    },
    "2019-03-31": {
        "Diluted EPS": 0.38,
        "Total Revenue": 342,
        "Gross Profit": 127,
        "Operating Income": 31,
        "EBIT": 58,
        "Net Income": 25
    },
    "2018-12-31": {
        "Diluted EPS": 0.44,
        "Total Revenue": 343,
        "Gross Profit": 132,
        "Operating Income": 40,
        "EBIT": 65,
        "Net Income": 29
    },
    "2018-09-30": {
        "Diluted EPS": 0.4,
        "Total Revenue": 314,
        "Gross Profit": 124,
        "Operating Income": 37,
        "EBIT": 62,
        "Net Income": 26
    },
    "2018-06-30": {
        "Diluted EPS": 0.43,
        "Total Revenue": 321,
        "Gross Profit": 128,
        "Operating Income": 40,
        "EBIT": 73,
        "Net Income": 27
    },
    "2018-03-31": {
        "Diluted EPS": 0.45,
        "Total Revenue": 295,
        "Gross Profit": 118,
        "Operating Income": 34,
        "EBIT": 54,
        "Net Income": 30
    },
    "2017-12-31": {
        "Diluted EPS": 0.15,
        "Total Revenue": 281,
        "Gross Profit": 109,
        "Operating Income": 32,
        "EBIT": 52,
        "Net Income": 10
    },
    "2017-09-30": {
        "Diluted EPS": 0.32,
        "Total Revenue": 262,
        "Gross Profit": 106,
        "Operating Income": 30,
        "EBIT": 49,
        "Net Income": 21
    },
    "2017-06-30": {
        "Diluted EPS": 0.5,
        "Total Revenue": 274,
        "Gross Profit": 109,
        "Operating Income": 36,
        "EBIT": 55,
        "Net Income": 33
    },
    "2017-03-31": {
        "Diluted EPS": 0.35,
        "Total Revenue": 245,
        "Gross Profit": 98,
        "Operating Income": 29,
        "EBIT": 44,
        "Net Income": 22
    },
    "2016-12-31": {
        "Diluted EPS": 0.37,
        "Total Revenue": 232,
        "Gross Profit": 94,
        "Operating Income": 27,
        "EBIT": 42,
        "Net Income": 24
    },
    "2016-09-30": {
        "Diluted EPS": 0.26,
        "Total Revenue": 222,
        "Gross Profit": 88,
        "Operating Income": 24,
        "EBIT": 39,
        "Net Income": 16
    },
    "2016-06-30": {
        "Diluted EPS": 0.23,
        "Total Revenue": 241,
        "Gross Profit": 93,
        "Operating Income": 29,
        "EBIT": 44,
        "Net Income": 14
    },
    "2016-03-31": {
        "Diluted EPS": 0.24,
        "Total Revenue": 205,
        "Gross Profit": 78,
        "Operating Income": 19,
        "EBIT": 34,
        "Net Income": 15
    },
    "2015-12-31": {
        "Diluted EPS": 0.3,
        "Total Revenue": 191,
        "Gross Profit": 71,
        "Operating Income": 22,
        "EBIT": 36,
        "Net Income": 19
    },
    "2015-09-30": {
        "Diluted EPS": 0.27,
        "Total Revenue": 189,
        "Gross Profit": 71,
        "Operating Income": 22,
        "EBIT": 35,
        "Net Income": 17
    },
    "2015-06-30": {
        "Diluted EPS": 0.27,
        "Total Revenue": 197,
        "Gross Profit": 75,
        "Operating Income": 23,
        "EBIT": 37,
        "Net Income": 17
    },
    "2015-03-31": {
        "Diluted EPS": 0.23,
        "Total Revenue": 183,
        "Gross Profit": 66,
        "Operating Income": 18,
        "EBIT": 30,
        "Net Income": 15
    },
    "2014-12-31": {
        "Diluted EPS": 0.35,
        "Total Revenue": 177,
        "Gross Profit": 63,
        "Operating Income": 17,
        "EBIT": 30,
        "Net Income": 22
    },
    "2014-09-30": {
        "Diluted EPS": 0.2,
        "Total Revenue": 186,
        "Gross Profit": 68,
        "Operating Income": 19,
        "EBIT": 33,
        "Net Income": 12
    },
    "2014-06-30": {
        "Diluted EPS": 0.2,
        "Total Revenue": 188,
        "Gross Profit": 62,
        "Operating Income": 15,
        "EBIT": 28,
        "Net Income": 13
    },
    "2014-03-31": {
        "Diluted EPS": 0.13,
        "Total Revenue": 174,
        "Gross Profit": 55,
        "Operating Income": 9,
        "EBIT": 22,
        "Net Income": 9
    },
    "2013-12-31": {
        "Diluted EPS": 0.12,
        "Total Revenue": 172,
        "Gross Profit": 53,
        "Operating Income": 10,
        "EBIT": 24,
        "Net Income": 8
    },
    "2013-09-30": {
        "Diluted EPS": 0.15,
        "Total Revenue": 150,
        "Gross Profit": 56,
        "Operating Income": 13,
        "EBIT": 25,
        "Net Income": 10
    },
    "2013-06-30": {
        "Diluted EPS": 0.16,
        "Total Revenue": 150,
        "Gross Profit": 56,
        "Operating Income": 21,
        "EBIT": 32,
        "Net Income": 10
    },
    "2013-03-31": {
        "Diluted EPS": 0.25,
        "Total Revenue": 144,
        "Gross Profit": 51,
        "Operating Income": 18,
        "EBIT": 29,
        "Net Income": 16
    },
    "2012-12-31": {
        "Diluted EPS": 0.19,
        "Total Revenue": 125,
        "Gross Profit": 47,
        "Operating Income": 15,
        "EBIT": 26,
        "Net Income": 12
    },
    "2012-09-30": {
        "Diluted EPS": 0.2,
        "Total Revenue": 132,
        "Gross Profit": 49,
        "Operating Income": 17,
        "EBIT": 26,
        "Net Income": 13
    },
    "2012-06-30": {
        "Diluted EPS": 0.22,
        "Total Revenue": 119,
        "Gross Profit": 57,
        "Operating Income": 27,
        "EBIT": 36,
        "Net Income": 14
    },
    "2012-03-31": {
        "Diluted EPS": 0.22,
        "Total Revenue": 133,
        "Gross Profit": 46,
        "Operating Income": 17,
        "EBIT": 26,
        "Net Income": 14
    },
    "2011-12-31": {
        "Diluted EPS": 0.21,
        "Total Revenue": 127,
        "Gross Profit": 43,
        "Operating Income": 14,
        "EBIT": 23,
        "Net Income": 13
    },
    "2011-09-30": {
        "Diluted EPS": 0.29,
        "Total Revenue": 138,
        "Gross Profit": 55,
        "Operating Income": 23,
        "EBIT": 31,
        "Net Income": 19
    },
    "2011-06-30": {
        "Diluted EPS": 0.35,
        "Total Revenue": 132,
        "Gross Profit": 55,
        "Operating Income": 26,
        "EBIT": 34,
        "Net Income": 22
    },
    "2011-03-31": {
        "Diluted EPS": 0.36,
        "Total Revenue": 130,
        "Gross Profit": 53,
        "Operating Income": 26,
        "EBIT": 33,
        "Net Income": 23
    },
    "2010-12-31": {
        "Diluted EPS": 0.3,
        "Total Revenue": 121,
        "Gross Profit": 50,
        "Operating Income": 25,
        "EBIT": 32,
        "Net Income": 19
    },
    "2010-09-30": {
        "Diluted EPS": 0.29,
        "Total Revenue": 120,
        "Gross Profit": 49,
        "Operating Income": 23,
        "EBIT": 29,
        "Net Income": 18
    },
    "2010-06-30": {
        "Diluted EPS": 0.26,
        "Total Revenue": 113,
        "Gross Profit": 41,
        "Operating Income": 21,
        "EBIT": 28,
        "Net Income": 16
    },
    "2010-03-31": {
        "Diluted EPS": 0.17,
        "Total Revenue": 98,
        "Gross Profit": 39,
        "Operating Income": 15,
        "EBIT": 21,
        "Net Income": 10
    },
    "2009-12-31": {
        "Diluted EPS": 0.1,
        "Total Revenue": 69,
        "Gross Profit": 28,
        "Operating Income": 7,
        "EBIT": 11,
        "Net Income": 6
    },
    "2009-09-30": {
        "Diluted EPS": 0.11,
        "Total Revenue": 66,
        "Gross Profit": 27,
        "Operating Income": 8,
        "EBIT": 13,
        "Net Income": 6
    },
    "2009-06-30": {
        "Diluted EPS": 0.11,
        "Total Revenue": 66,
        "Gross Profit": 27,
        "Operating Income": 9,
        "EBIT": 13,
        "Net Income": 6
    },
    "2009-03-31": {
        "Diluted EPS": 0.08,
        "Total Revenue": 64,
        "Gross Profit": 24,
        "Operating Income": 8,
        "EBIT": 11,
        "Net Income": 5
    },
    "2023-06-30": {
        "Tax Effect Of Unusual Items": 0.0,
        "Tax Rate For Calcs": 0.236486,
        "Normalized EBITDA": 49008000.0,
        "Total Unusual Items": NaN,
        "Total Unusual Items Excluding Goodwill": NaN,
        "Net Income From Continuing Operation Net Minority Interest": -178234000.0,
        "Reconciled Depreciation": 203551000.0,
        "Reconciled Cost Of Revenue": 861686000.0,
        "EBITDA": 49008000.0,
        "EBIT": -154543000.0,
        "Net Interest Income": -78896000.0,
        "Interest Expense": 78896000.0,
        "Normalized Income": -178234000.0,
        "Net Income From Continuing And Discontinued Operation": -178234000.0,
        "Total Expenses": 1241180000.0,
        "Diluted Average Shares": NaN,
        "Basic Average Shares": NaN,
        "Diluted EPS": NaN,
        "Basic EPS": NaN,
        "Diluted NI Availto Com Stockholders": -214909000.0,
        "Average Dilution Earnings": NaN,
        "Net Income Common Stockholders": -214909000.0,
        "Preferred Stock Dividends": 36675000.0,
        "Net Income": -178234000.0,
        "Minority Interests": NaN,
        "Net Income Including Noncontrolling Interests": -178234000.0,
        "Net Income Continuous Operations": -178234000.0,
        "Tax Provision": -55205000.0,
        "Pretax Income": -233439000.0,
        "Other Income Expense": -118414000.0,
        "Other Non Operating Income Expenses": 687000.0,
        "Special Income Charges": NaN,
        "Restructuring And Mergern Acquisition": NaN,
        "Net Non Operating Interest Income Expense": -78896000.0,
        "Interest Expense Non Operating": 78896000.0,
        "Operating Income": -36129000.0,
        "Operating Expense": 379494000.0,
        "Research And Development": 123346000.0,
        "Selling General And Administration": 256148000.0,
        "Gross Profit": 343365000.0,
        "Cost Of Revenue": 861686000.0,
        "Total Revenue": 1205051000.0,
        "Operating Revenue": 1205051000.0
    },
    "2023-09-30": {
        "Tax Effect Of Unusual Items": -724320.0,
        "Tax Rate For Calcs": 0.24,
        "Normalized EBITDA": 126338000.0,
        "Total Unusual Items": -3018000.0,
        "Total Unusual Items Excluding Goodwill": -3018000.0,
        "Net Income From Continuing Operation Net Minority Interest": -67534000.0,
        "Reconciled Depreciation": 138359000.0,
        "Reconciled Cost Of Revenue": 746188000.0,
        "EBITDA": 123320000.0,
        "EBIT": -15039000.0,
        "Net Interest Income": -73258000.0,
        "Interest Expense": 73258000.0,
        "Normalized Income": -65240320.0,
        "Net Income From Continuing And Discontinued Operation": -67534000.0,
        "Total Expenses": 1071373000.0,
        "Diluted Average Shares": 150328000.0,
        "Basic Average Shares": 150318462.0,
        "Diluted EPS": -0.65,
        "Basic EPS": -0.65,
        "Diluted NI Availto Com Stockholders": -97707000.0,
        "Average Dilution Earnings": NaN,
        "Net Income Common Stockholders": -97707000.0,
        "Preferred Stock Dividends": 30173000.0,
        "Net Income": -67534000.0,
        "Minority Interests": NaN,
        "Net Income Including Noncontrolling Interests": -67534000.0,
        "Net Income Continuous Operations": -67534000.0,
        "Tax Provision": -20763000.0,
        "Pretax Income": -88297000.0,
        "Other Income Expense": 3251000.0,
        "Other Non Operating Income Expenses": 6269000.0,
        "Special Income Charges": -3018000.0,
        "Restructuring And Mergern Acquisition": 3018000.0,
        "Net Non Operating Interest Income Expense": -73258000.0,
        "Interest Expense Non Operating": 73258000.0,
        "Operating Income": -18290000.0,
        "Operating Expense": 325185000.0,
        "Research And Development": 113488000.0,
        "Selling General And Administration": 211697000.0,
        "Gross Profit": 306895000.0,
        "Cost Of Revenue": 746188000.0,
        "Total Revenue": 1053083000.0,
        "Operating Revenue": 1053083000.0
    },
    "2023-12-31": {
        "Tax Effect Of Unusual Items": 374882.775951,
        "Tax Rate For Calcs": 0.238779,
        "Normalized EBITDA": 173720000.0,
        "Total Unusual Items": 1570000.0,
        "Total Unusual Items Excluding Goodwill": 1570000.0,
        "Net Income From Continuing Operation Net Minority Interest": -26991000.0,
        "Reconciled Depreciation": 138019000.0,
        "Reconciled Cost Of Revenue": 780793000.0,
        "EBITDA": 175290000.0,
        "EBIT": 37271000.0,
        "Net Interest Income": -74678000.0,
        "Interest Expense": 74678000.0,
        "Normalized Income": -28186117.224049,
        "Net Income From Continuing And Discontinued Operation": -26991000.0,
        "Total Expenses": 1101119000.0,
        "Diluted Average Shares": 151564000.0,
        "Basic Average Shares": 151564000.0,
        "Diluted EPS": -0.38,
        "Basic EPS": -0.38,
        "Diluted NI Availto Com Stockholders": -57571000.0,
        "Average Dilution Earnings": NaN,
        "Net Income Common Stockholders": -57571000.0,
        "Preferred Stock Dividends": 30580000.0,
        "Net Income": -26991000.0,
        "Minority Interests": 1484000.0,
        "Net Income Including Noncontrolling Interests": -28475000.0,
        "Net Income Continuous Operations": -28475000.0,
        "Tax Provision": -8932000.0,
        "Pretax Income": -37407000.0,
        "Other Income Expense": 6956000.0,
        "Other Non Operating Income Expenses": 5386000.0,
        "Special Income Charges": 1570000.0,
        "Restructuring And Mergern Acquisition": -1570000.0,
        "Net Non Operating Interest Income Expense": -74678000.0,
        "Interest Expense Non Operating": 74678000.0,
        "Operating Income": 30315000.0,
        "Operating Expense": 320326000.0,
        "Research And Development": 111163000.0,
        "Selling General And Administration": 209163000.0,
        "Gross Profit": 350641000.0,
        "Cost Of Revenue": 780793000.0,
        "Total Revenue": 1131434000.0,
        "Operating Revenue": 1131434000.0
    },
    "2024-03-31": {
        "Tax Effect Of Unusual Items": -3343700.0,
        "Tax Rate For Calcs": 0.29,
        "Normalized EBITDA": 192167000.0,
        "Total Unusual Items": -11530000.0,
        "Total Unusual Items Excluding Goodwill": -11530000.0,
        "Net Income From Continuing Operation Net Minority Interest": -13187000.0,
        "Reconciled Depreciation": 139735000.0,
        "Reconciled Cost Of Revenue": 842322000.0,
        "EBITDA": 180637000.0,
        "EBIT": 40902000.0,
        "Net Interest Income": -72753000.0,
        "Interest Expense": 72753000.0,
        "Normalized Income": -5000700.0,
        "Net Income From Continuing And Discontinued Operation": -13187000.0,
        "Total Expenses": 1174974000.0,
        "Diluted Average Shares": 153034483.0,
        "Basic Average Shares": 153034483.0,
        "Diluted EPS": -0.29,
        "Basic EPS": -0.29,
        "Diluted NI Availto Com Stockholders": -44380000.0,
        "Average Dilution Earnings": NaN,
        "Net Income Common Stockholders": -44380000.0,
        "Preferred Stock Dividends": 31193000.0,
        "Net Income": -13187000.0,
        "Minority Interests": 2543000.0,
        "Net Income Including Noncontrolling Interests": -15730000.0,
        "Net Income Continuous Operations": -15730000.0,
        "Tax Provision": -16121000.0,
        "Pretax Income": -31851000.0,
        "Other Income Expense": 7067000.0,
        "Other Non Operating Income Expenses": 18597000.0,
        "Special Income Charges": -11530000.0,
        "Restructuring And Mergern Acquisition": 11530000.0,
        "Net Non Operating Interest Income Expense": -72753000.0,
        "Interest Expense Non Operating": 72753000.0,
        "Operating Income": 33835000.0,
        "Operating Expense": 332652000.0,
        "Research And Development": 127485000.0,
        "Selling General And Administration": 205167000.0,
        "Gross Profit": 366487000.0,
        "Cost Of Revenue": 842322000.0,
        "Total Revenue": 1208809000.0,
        "Operating Revenue": 1208809000.0
    }
}