{
    "2023-03-31": {
        "Tax Effect Of Unusual Items": NaN,
        "Tax Rate For Calcs": NaN,
        "Normalized EBITDA": NaN,
        "Total Unusual Items": NaN,
        "Total Unusual Items Excluding Goodwill": NaN,
        "Net Income From Continuing Operation Net Minority Interest": NaN,
        "Reconciled Depreciation": NaN,
        "Reconciled Cost Of Revenue": NaN,
        "EBITDA": NaN,
        "EBIT": NaN,
        "Net Interest Income": NaN,
        "Interest Expense": NaN,
        "Interest Income": NaN,
        "Normalized Income": NaN,
        "Net Income From Continuing And Discontinued Operation": NaN,
        "Total Expenses": NaN,
        "Total Operating Income As Reported": NaN,
        "Diluted Average Shares": NaN,
        "Basic Average Shares": NaN,
        "Diluted EPS": NaN,
        "Basic EPS": NaN,
        "Diluted NI Availto Com Stockholders": NaN,
        "Net Income Common Stockholders": NaN,
        "Net Income": NaN,
        "Net Income Including Noncontrolling Interests": NaN,
        "Net Income Continuous Operations": NaN,
        "Tax Provision": NaN,
        "Pretax Income": NaN,
        "Other Income Expense": NaN,
        "Special Income Charges": NaN,
        "Other Special Charges": 369000.0,
        "Restructuring And Mergern Acquisition": NaN,
        "Gain On Sale Of Security": NaN,
        "Net Non Operating Interest Income Expense": NaN,
        "Interest Expense Non Operating": NaN,
        "Interest Income Non Operating": NaN,
        "Operating Income": NaN,
        "Operating Expense": NaN,
        "Depreciation Amortization Depletion Income Statement": NaN,
        "Depreciation And Amortization In Income Statement": NaN,
        "Amortization": NaN,
        "Amortization Of Intangibles Income Statement": NaN,
        "Research And Development": NaN,
        "Selling General And Administration": NaN,
        "Gross Profit": NaN,
        "Cost Of Revenue": NaN,
        "Total Revenue": NaN,
        "Operating Revenue": NaN
    },
    "2022-12-31": {
        "Tax Effect Of Unusual Items": NaN,
        "Tax Rate For Calcs": NaN,
        "Normalized EBITDA": NaN,
        "Total Unusual Items": NaN,
        "Total Unusual Items Excluding Goodwill": NaN,
        "Net Income From Continuing Operation Net Minority Interest": NaN,
        "Reconciled Depreciation": NaN,
        "Reconciled Cost Of Revenue": NaN,
        "EBITDA": NaN,
        "EBIT": NaN,
        "Net Interest Income": NaN,
        "Interest Expense": NaN,
        "Interest Income": NaN,
        "Normalized Income": NaN,
        "Net Income From Continuing And Discontinued Operation": NaN,
        "Total Expenses": NaN,
        "Total Operating Income As Reported": NaN,
        "Diluted Average Shares": NaN,
        "Basic Average Shares": NaN,
        "Diluted EPS": NaN,
        "Basic EPS": NaN,
        "Diluted NI Availto Com Stockholders": NaN,
        "Net Income Common Stockholders": NaN,
        "Net Income": NaN,
        "Net Income Including Noncontrolling Interests": NaN,
        "Net Income Continuous Operations": NaN,
        "Tax Provision": NaN,
        "Pretax Income": NaN,
        "Other Income Expense": NaN,
        "Special Income Charges": NaN,
        "Gain On Sale Of Business": 0.0,
        "Other Special Charges": 0.0,
        "Restructuring And Mergern Acquisition": NaN,
        "Gain On Sale Of Security": NaN,
        "Net Non Operating Interest Income Expense": NaN,
        "Interest Expense Non Operating": NaN,
        "Interest Income Non Operating": NaN,
        "Operating Income": NaN,
        "Operating Expense": NaN,
        "Depreciation Amortization Depletion Income Statement": NaN,
        "Depreciation And Amortization In Income Statement": NaN,
        "Amortization": NaN,
        "Amortization Of Intangibles Income Statement": NaN,
        "Research And Development": NaN,
        "Selling General And Administration": NaN,
        "Gross Profit": NaN,
        "Cost Of Revenue": NaN,
        "Total Revenue": NaN,
        "Operating Revenue": NaN
    },
    "2022-09-30": {
        "Tax Effect Of Unusual Items": NaN,
        "Tax Rate For Calcs": NaN,
        "Normalized EBITDA": NaN,
        "Total Unusual Items": NaN,
        "Total Unusual Items Excluding Goodwill": NaN,
        "Net Income From Continuing Operation Net Minority Interest": NaN,
        "Reconciled Depreciation": NaN,
        "Reconciled Cost Of Revenue": NaN,
        "EBITDA": NaN,
        "EBIT": NaN,
        "Net Interest Income": NaN,
        "Interest Expense": NaN,
        "Interest Income": NaN,
        "Normalized Income": NaN,
        "Net Income From Continuing And Discontinued Operation": NaN,
        "Total Expenses": NaN,
        "Total Operating Income As Reported": NaN,
        "Diluted Average Shares": NaN,
        "Basic Average Shares": NaN,
        "Diluted EPS": NaN,
        "Basic EPS": NaN,
        "Diluted NI Availto Com Stockholders": NaN,
        "Net Income Common Stockholders": NaN,
        "Net Income": NaN,
        "Net Income Including Noncontrolling Interests": NaN,
        "Net Income Continuous Operations": NaN,
        "Tax Provision": NaN,
        "Pretax Income": NaN,
        "Other Income Expense": NaN,
        "Special Income Charges": NaN,
        "Gain On Sale Of Business": 0.0,
        "Other Special Charges": 80000.0,
        "Restructuring And Mergern Acquisition": NaN,
        "Gain On Sale Of Security": NaN,
        "Net Non Operating Interest Income Expense": NaN,
        "Interest Expense Non Operating": NaN,
        "Interest Income Non Operating": NaN,
        "Operating Income": NaN,
        "Operating Expense": NaN,
        "Depreciation Amortization Depletion Income Statement": NaN,
        "Depreciation And Amortization In Income Statement": NaN,
        "Amortization": NaN,
        "Amortization Of Intangibles Income Statement": NaN,
        "Research And Development": NaN,
        "Selling General And Administration": NaN,
        "Gross Profit": NaN,
        "Cost Of Revenue": NaN,
        "Total Revenue": NaN,
        "Operating Revenue": NaN
    },
    "2022-06-30": {
        "Tax Effect Of Unusual Items": 320333.669622,
        "Tax Rate For Calcs": 0.236234,
        "Normalized EBITDA": 45570000.0,
        "Total Unusual Items": 1356000.0,
        "Total Unusual Items Excluding Goodwill": 1356000.0,
        "Net Income From Continuing Operation Net Minority Interest": 28768000.0,
        "Reconciled Depreciation": 8341000.0,
        "Reconciled Cost Of Revenue": 116273000.0,
        "EBITDA": 46926000.0,
        "EBIT": 38585000.0,
        "Net Interest Income": -611000.0,
        "Interest Expense": 919000.0,
        "Interest Income": 308000.0,
        "Normalized Income": 27732333.669622,
        "Net Income From Continuing And Discontinued Operation": 28768000.0,
        "Total Expenses": 180305000.0,
        "Total Operating Income As Reported": 36914000.0,
        "Diluted Average Shares": 48928000.0,
        "Basic Average Shares": 48475000.0,
        "Diluted EPS": 0.59,
        "Basic EPS": 0.59,
        "Diluted NI Availto Com Stockholders": 28768000.0,
        "Net Income Common Stockholders": 28768000.0,
        "Net Income": 28768000.0,
        "Net Income Including Noncontrolling Interests": 28768000.0,
        "Net Income Continuous Operations": 28768000.0,
        "Tax Provision": 8898000.0,
        "Pretax Income": 37666000.0,
        "Other Income Expense": 1356000.0,
        "Special Income Charges": -135000.0,
        "Gain On Sale Of Business": 0.0,
        "Other Special Charges": 128000.0,
        "Write Off": NaN,
        "Restructuring And Mergern Acquisition": 7000.0,
        "Gain On Sale Of Security": 1491000.0,
        "Net Non Operating Interest Income Expense": -611000.0,
        "Interest Expense Non Operating": 919000.0,
        "Interest Income Non Operating": 308000.0,
        "Operating Income": 36921000.0,
        "Operating Expense": 64032000.0,
        "Depreciation Amortization Depletion Income Statement": 8341000.0,
        "Depreciation And Amortization In Income Statement": 8341000.0,
        "Amortization": 8341000.0,
        "Amortization Of Intangibles Income Statement": 8341000.0,
        "Research And Development": 23160000.0,
        "Selling General And Administration": 32531000.0,
        "Gross Profit": 100953000.0,
        "Cost Of Revenue": 116273000.0,
        "Total Revenue": 217226000.0,
        "Operating Revenue": 217226000.0
    },
    "2023-06-30": {
        "Tax Effect Of Unusual Items": -401171.337916,
        "Tax Rate For Calcs": 0.378107,
        "Normalized EBITDA": 31174000.0,
        "Total Unusual Items": -1061000.0,
        "Total Unusual Items Excluding Goodwill": -1061000.0,
        "Net Income From Continuing Operation Net Minority Interest": 10584000.0,
        "Reconciled Depreciation": 12367000.0,
        "Reconciled Cost Of Revenue": 85215000.0,
        "EBITDA": 30113000.0,
        "EBIT": 17746000.0,
        "Net Interest Income": 2005000.0,
        "Interest Expense": 727000.0,
        "Interest Income": 2732000.0,
        "Normalized Income": 11243828.662084,
        "Net Income From Continuing And Discontinued Operation": 10584000.0,
        "Total Expenses": 152846000.0,
        "Total Operating Income As Reported": 15659000.0,
        "Diluted Average Shares": 48028000.0,
        "Basic Average Shares": 47618000.0,
        "Diluted EPS": 0.22,
        "Basic EPS": 0.22,
        "Diluted NI Availto Com Stockholders": 10584000.0,
        "Net Income Common Stockholders": 10584000.0,
        "Net Income": 10584000.0,
        "Net Income Including Noncontrolling Interests": 10584000.0,
        "Net Income Continuous Operations": 10584000.0,
        "Tax Provision": 6435000.0,
        "Pretax Income": 17019000.0,
        "Other Income Expense": -1061000.0,
        "Special Income Charges": -416000.0,
        "Other Special Charges": NaN,
        "Restructuring And Mergern Acquisition": 416000.0,
        "Gain On Sale Of Security": -645000.0,
        "Net Non Operating Interest Income Expense": 2005000.0,
        "Interest Expense Non Operating": 727000.0,
        "Interest Income Non Operating": 2732000.0,
        "Operating Income": 16075000.0,
        "Operating Expense": 64270000.0,
        "Depreciation Amortization Depletion Income Statement": 9006000.0,
        "Depreciation And Amortization In Income Statement": 9006000.0,
        "Amortization": 9006000.0,
        "Amortization Of Intangibles Income Statement": 9006000.0,
        "Research And Development": 22466000.0,
        "Selling General And Administration": 32798000.0,
        "Gross Profit": 80345000.0,
        "Cost Of Revenue": 88576000.0,
        "Total Revenue": 168921000.0,
        "Operating Revenue": 168921000.0
    },
    "2022-03-31": {
        "Diluted EPS": 0.44,
        "Total Revenue": 198,
        "Gross Profit": 91,
        "Operating Income": 28,
        "EBIT": 40,
        "Net Income": 22
    },
    "2021-12-31": {
        "Diluted EPS": 0.44,
        "Total Revenue": 192,
        "Gross Profit": 84,
        "Operating Income": 18,
        "EBIT": 30,
        "Net Income": 21
    },
    "2021-09-30": {
        "Diluted EPS": 0.48,
        "Total Revenue": 225,
        "Gross Profit": 96,
        "Operating Income": 34,
        "EBIT": 46,
        "Net Income": 24
    },
    "2021-06-30": {
        "Diluted EPS": 1.92,
        "Total Revenue": 245,
        "Gross Profit": 105,
        "Operating Income": 115,
        "EBIT": 126,
        "Net Income": 95
    },
    "2021-03-31": {
        "Diluted EPS": 0.61,
        "Total Revenue": 225,
        "Gross Profit": 102,
        "Operating Income": 36,
        "EBIT": 50,
        "Net Income": 28
    },
    "2020-12-31": {
        "Diluted EPS": 0.36,
        "Total Revenue": 202,
        "Gross Profit": 91,
        "Operating Income": 19,
        "EBIT": 29,
        "Net Income": 15
    },
    "2020-09-30": {
        "Diluted EPS": -0.16,
        "Total Revenue": 151,
        "Gross Profit": 64,
        "Operating Income": -1,
        "EBIT": 17,
        "Net Income": -7
    },
    "2020-06-30": {
        "Diluted EPS": -0.11,
        "Total Revenue": 144,
        "Gross Profit": 61,
        "Operating Income": -1,
        "EBIT": 12,
        "Net Income": -5
    },
    "2020-03-31": {
        "Diluted EPS": -0.42,
        "Total Revenue": 139,
        "Gross Profit": 56,
        "Operating Income": -14,
        "EBIT": 1,
        "Net Income": -17
    },
    "2019-12-31": {
        "Diluted EPS": -0.42,
        "Total Revenue": 142,
        "Gross Profit": 54,
        "Operating Income": -14,
        "EBIT": 3,
        "Net Income": -17
    },
    "2019-09-30": {
        "Diluted EPS": -0.25,
        "Total Revenue": 143,
        "Gross Profit": 59,
        "Operating Income": -6,
        "EBIT": 10,
        "Net Income": -10
    },
    "2019-06-30": {
        "Diluted EPS": -0.47,
        "Total Revenue": 150,
        "Gross Profit": 62,
        "Operating Income": -15,
        "EBIT": 0,
        "Net Income": -19
    },
    "2019-03-31": {
        "Diluted EPS": -0.55,
        "Total Revenue": 148,
        "Gross Profit": 54,
        "Operating Income": -18,
        "EBIT": 4,
        "Net Income": -23
    },
    "2018-12-31": {
        "Diluted EPS": -1.84,
        "Total Revenue": 171,
        "Gross Profit": 42,
        "Operating Income": -59,
        "EBIT": -16,
        "Net Income": -57
    },
    "2018-09-30": {
        "Diluted EPS": 0.16,
        "Total Revenue": 86,
        "Gross Profit": 35,
        "Operating Income": 7,
        "EBIT": 9,
        "Net Income": 5
    },
    "2018-06-30": {
        "Diluted EPS": 0.39,
        "Total Revenue": 100,
        "Gross Profit": 42,
        "Operating Income": 11,
        "EBIT": 13,
        "Net Income": 12
    },
    "2018-03-31": {
        "Diluted EPS": 0.28,
        "Total Revenue": 95,
        "Gross Profit": 40,
        "Operating Income": 12,
        "EBIT": 14,
        "Net Income": 8
    },
    "2017-12-31": {
        "Diluted EPS": 0.24,
        "Total Revenue": 84,
        "Gross Profit": 37,
        "Operating Income": 8,
        "EBIT": 10,
        "Net Income": 7
    },
    "2017-09-30": {
        "Diluted EPS": 0.3,
        "Total Revenue": 94,
        "Gross Profit": 37,
        "Operating Income": 10,
        "EBIT": 14,
        "Net Income": 9
    },
    "2017-06-30": {
        "Diluted EPS": 0.36,
        "Total Revenue": 94,
        "Gross Profit": 37,
        "Operating Income": 12,
        "EBIT": 14,
        "Net Income": 10
    },
    "2017-03-31": {
        "Diluted EPS": 0.24,
        "Total Revenue": 81,
        "Gross Profit": 32,
        "Operating Income": 8,
        "EBIT": 10,
        "Net Income": 7
    },
    "2016-12-31": {
        "Diluted EPS": 0.07,
        "Total Revenue": 71,
        "Gross Profit": 31,
        "Operating Income": 0,
        "EBIT": 3,
        "Net Income": 2
    },
    "2016-09-30": {
        "Diluted EPS": 0.01,
        "Total Revenue": 69,
        "Gross Profit": 23,
        "Operating Income": 1,
        "EBIT": 4,
        "Net Income": 0
    },
    "2016-06-30": {
        "Diluted EPS": 0.09,
        "Total Revenue": 76,
        "Gross Profit": 27,
        "Operating Income": 3,
        "EBIT": 6,
        "Net Income": 2
    },
    "2016-03-31": {
        "Diluted EPS": -0.06,
        "Total Revenue": 66,
        "Gross Profit": 19,
        "Operating Income": -2,
        "EBIT": 1,
        "Net Income": -2
    },
    "2015-12-31": {
        "Diluted EPS": 0.08,
        "Total Revenue": 63,
        "Gross Profit": 20,
        "Operating Income": 2,
        "EBIT": 5,
        "Net Income": 2
    },
    "2015-09-30": {
        "Diluted EPS": 0.04,
        "Total Revenue": 68,
        "Gross Profit": 23,
        "Operating Income": 2,
        "EBIT": 5,
        "Net Income": 1
    },
    "2015-06-30": {
        "Diluted EPS": 0.0,
        "Total Revenue": 75,
        "Gross Profit": 26,
        "Operating Income": 4,
        "EBIT": 7,
        "Net Income": 0
    },
    "2015-03-31": {
        "Diluted EPS": -0.11,
        "Total Revenue": 63,
        "Gross Profit": 20,
        "Operating Income": -1,
        "EBIT": 2,
        "Net Income": -3
    },
    "2014-12-31": {
        "Diluted EPS": 0.01,
        "Total Revenue": 86,
        "Gross Profit": 27,
        "Operating Income": 8,
        "EBIT": 11,
        "Net Income": 0
    },
    "2014-09-30": {
        "Diluted EPS": 0.29,
        "Total Revenue": 92,
        "Gross Profit": 33,
        "Operating Income": 12,
        "EBIT": 15,
        "Net Income": 8
    },
    "2014-06-30": {
        "Diluted EPS": 0.16,
        "Total Revenue": 74,
        "Gross Profit": 24,
        "Operating Income": 3,
        "EBIT": 6,
        "Net Income": 4
    },
    "2014-03-31": {
        "Diluted EPS": -0.13,
        "Total Revenue": 65,
        "Gross Profit": 22,
        "Operating Income": -3,
        "EBIT": 0,
        "Net Income": -3
    },
    "2013-12-31": {
        "Diluted EPS": -0.26,
        "Total Revenue": 40,
        "Gross Profit": 10,
        "Operating Income": -1,
        "EBIT": 2,
        "Net Income": -6
    },
    "2013-09-30": {
        "Diluted EPS": -0.43,
        "Total Revenue": 56,
        "Gross Profit": 13,
        "Operating Income": -12,
        "EBIT": -9,
        "Net Income": -11
    },
    "2013-06-30": {
        "Diluted EPS": -0.16,
        "Total Revenue": 62,
        "Gross Profit": 20,
        "Operating Income": -5,
        "EBIT": -2,
        "Net Income": -4
    },
    "2013-03-31": {
        "Diluted EPS": -0.49,
        "Total Revenue": 56,
        "Gross Profit": 16,
        "Operating Income": -13,
        "EBIT": -10,
        "Net Income": -12
    },
    "2012-12-31": {
        "Diluted EPS": -0.21,
        "Total Revenue": 36,
        "Gross Profit": 10,
        "Operating Income": -6,
        "EBIT": -3,
        "Net Income": -5
    },
    "2012-09-30": {
        "Diluted EPS": -0.07,
        "Total Revenue": 58,
        "Gross Profit": 18,
        "Operating Income": -3,
        "EBIT": 0,
        "Net Income": -2
    },
    "2012-06-30": {
        "Diluted EPS": -0.09,
        "Total Revenue": 59,
        "Gross Profit": 18,
        "Operating Income": -2,
        "EBIT": 0,
        "Net Income": -2
    },
    "2012-03-31": {
        "Diluted EPS": -0.13,
        "Total Revenue": 53,
        "Gross Profit": 16,
        "Operating Income": -4,
        "EBIT": -1,
        "Net Income": -3
    },
    "2011-12-31": {
        "Diluted EPS": 0.02,
        "Total Revenue": 67,
        "Gross Profit": 21,
        "Operating Income": 1,
        "EBIT": 4,
        "Net Income": 1
    },
    "2011-09-30": {
        "Diluted EPS": 0.14,
        "Total Revenue": 72,
        "Gross Profit": 23,
        "Operating Income": 3,
        "EBIT": 5,
        "Net Income": 3
    },
    "2011-06-30": {
        "Diluted EPS": 0.21,
        "Total Revenue": 81,
        "Gross Profit": 27,
        "Operating Income": 6,
        "EBIT": 8,
        "Net Income": 5
    },
    "2011-03-31": {
        "Diluted EPS": 0.27,
        "Total Revenue": 90,
        "Gross Profit": 29,
        "Operating Income": 8,
        "EBIT": 10,
        "Net Income": 7
    },
    "2010-12-31": {
        "Diluted EPS": 0.38,
        "Total Revenue": 97,
        "Gross Profit": 32,
        "Operating Income": 10,
        "EBIT": 13,
        "Net Income": 9
    },
    "2010-09-30": {
        "Diluted EPS": 0.32,
        "Total Revenue": 86,
        "Gross Profit": 30,
        "Operating Income": 9,
        "EBIT": 11,
        "Net Income": 8
    },
    "2010-06-30": {
        "Diluted EPS": 0.28,
        "Total Revenue": 75,
        "Gross Profit": 27,
        "Operating Income": 9,
        "EBIT": 12,
        "Net Income": 7
    },
    "2010-03-31": {
        "Diluted EPS": 0.04,
        "Total Revenue": 65,
        "Gross Profit": 20,
        "Operating Income": 1,
        "EBIT": 4,
        "Net Income": 1
    },
    "2009-12-31": {
        "Diluted EPS": 0.04,
        "Total Revenue": 52,
        "Gross Profit": 16,
        "Operating Income": -1,
        "EBIT": 2,
        "Net Income": 1
    },
    "2009-09-30": {
        "Diluted EPS": 0.0,
        "Total Revenue": 44,
        "Gross Profit": 16,
        "Operating Income": -1,
        "EBIT": 2,
        "Net Income": 0
    },
    "2009-06-30": {
        "Diluted EPS": -0.97,
        "Total Revenue": 38,
        "Gross Profit": 12,
        "Operating Income": -4,
        "EBIT": -1,
        "Net Income": -23
    },
    "2009-03-31": {
        "Diluted EPS": -0.27,
        "Total Revenue": 37,
        "Gross Profit": 7,
        "Operating Income": -10,
        "EBIT": -7,
        "Net Income": -6
    },
    "2023-09-30": {
        "Tax Effect Of Unusual Items": -407820.0,
        "Tax Rate For Calcs": 0.21,
        "Normalized EBITDA": 23527000.0,
        "Total Unusual Items": -1942000.0,
        "Total Unusual Items Excluding Goodwill": -1942000.0,
        "Net Income From Continuing Operation Net Minority Interest": 3915000.0,
        "Reconciled Depreciation": 12176000.0,
        "Reconciled Cost Of Revenue": 76590000.0,
        "EBITDA": 21585000.0,
        "EBIT": 9409000.0,
        "Net Interest Income": 2434000.0,
        "Interest Expense": 773000.0,
        "Interest Income": 3207000.0,
        "Normalized Income": 5449180.0,
        "Net Income From Continuing And Discontinued Operation": 3915000.0,
        "Total Expenses": 142660000.0,
        "Total Operating Income As Reported": 7402000.0,
        "Diluted Average Shares": 48107000.0,
        "Basic Average Shares": 47615000.0,
        "Diluted EPS": 0.08,
        "Basic EPS": 0.08,
        "Diluted NI Availto Com Stockholders": 3915000.0,
        "Net Income Common Stockholders": 3915000.0,
        "Net Income": 3915000.0,
        "Net Income Including Noncontrolling Interests": 3915000.0,
        "Net Income Continuous Operations": 3915000.0,
        "Tax Provision": 4721000.0,
        "Pretax Income": 8636000.0,
        "Other Income Expense": -1942000.0,
        "Special Income Charges": -742000.0,
        "Other Special Charges": NaN,
        "Restructuring And Mergern Acquisition": 742000.0,
        "Gain On Sale Of Security": -1200000.0,
        "Net Non Operating Interest Income Expense": 2434000.0,
        "Interest Expense Non Operating": 773000.0,
        "Interest Income Non Operating": 3207000.0,
        "Operating Income": 8144000.0,
        "Operating Expense": 62751000.0,
        "Depreciation Amortization Depletion Income Statement": 8857000.0,
        "Depreciation And Amortization In Income Statement": 8857000.0,
        "Amortization": 8857000.0,
        "Amortization Of Intangibles Income Statement": 8857000.0,
        "Research And Development": 21478000.0,
        "Selling General And Administration": 32416000.0,
        "Gross Profit": 70895000.0,
        "Cost Of Revenue": 79909000.0,
        "Total Revenue": 150804000.0,
        "Operating Revenue": 150804000.0
    },
    "2023-12-31": {
        "Tax Effect Of Unusual Items": -692790.0,
        "Tax Rate For Calcs": 0.21,
        "Normalized EBITDA": 16666000.0,
        "Total Unusual Items": -3299000.0,
        "Total Unusual Items Excluding Goodwill": -3299000.0,
        "Net Income From Continuing Operation Net Minority Interest": -2028000.0,
        "Reconciled Depreciation": 13110000.0,
        "Reconciled Cost Of Revenue": 68444000.0,
        "EBITDA": 13367000.0,
        "EBIT": 257000.0,
        "Net Interest Income": 2093000.0,
        "Interest Expense": 754000.0,
        "Interest Income": 2847000.0,
        "Normalized Income": 578210.0,
        "Net Income From Continuing And Discontinued Operation": -2028000.0,
        "Total Expenses": 136517000.0,
        "Total Operating Income As Reported": 334000.0,
        "Diluted Average Shares": 47369000.0,
        "Basic Average Shares": 47369000.0,
        "Diluted EPS": -0.04,
        "Basic EPS": -0.04,
        "Diluted NI Availto Com Stockholders": -2028000.0,
        "Net Income Common Stockholders": -2028000.0,
        "Net Income": -2028000.0,
        "Net Income Including Noncontrolling Interests": -2028000.0,
        "Net Income Continuous Operations": -2028000.0,
        "Tax Provision": 1531000.0,
        "Pretax Income": -497000.0,
        "Other Income Expense": -3299000.0,
        "Special Income Charges": -375000.0,
        "Other Special Charges": 0.0,
        "Restructuring And Mergern Acquisition": 375000.0,
        "Gain On Sale Of Security": -2924000.0,
        "Net Non Operating Interest Income Expense": 2093000.0,
        "Interest Expense Non Operating": 754000.0,
        "Interest Income Non Operating": 2847000.0,
        "Operating Income": 709000.0,
        "Operating Expense": 64701000.0,
        "Depreciation Amortization Depletion Income Statement": 9738000.0,
        "Depreciation And Amortization In Income Statement": 9738000.0,
        "Amortization": 9738000.0,
        "Amortization Of Intangibles Income Statement": 9738000.0,
        "Research And Development": 22117000.0,
        "Selling General And Administration": 32846000.0,
        "Gross Profit": 65410000.0,
        "Cost Of Revenue": 71816000.0,
        "Total Revenue": 137226000.0,
        "Operating Revenue": 137226000.0
    },
    "2024-03-31": {
        "Tax Effect Of Unusual Items": -82320.171411,
        "Tax Rate For Calcs": 0.104071,
        "Normalized EBITDA": -2031000.0,
        "Total Unusual Items": -791000.0,
        "Total Unusual Items Excluding Goodwill": -791000.0,
        "Net Income From Continuing Operation Net Minority Interest": -14635000.0,
        "Reconciled Depreciation": 13224000.0,
        "Reconciled Cost Of Revenue": 54936000.0,
        "EBITDA": -2822000.0,
        "EBIT": -16046000.0,
        "Net Interest Income": 2420000.0,
        "Interest Expense": 289000.0,
        "Interest Income": 2709000.0,
        "Normalized Income": -13926320.171411,
        "Net Income From Continuing And Discontinued Operation": -14635000.0,
        "Total Expenses": 125578000.0,
        "Total Operating Income As Reported": -17973000.0,
        "Diluted Average Shares": 47134000.0,
        "Basic Average Shares": 47134000.0,
        "Diluted EPS": -0.31,
        "Basic EPS": -0.31,
        "Diluted NI Availto Com Stockholders": -14635000.0,
        "Net Income Common Stockholders": -14635000.0,
        "Net Income": -14635000.0,
        "Net Income Including Noncontrolling Interests": -14635000.0,
        "Net Income Continuous Operations": -14635000.0,
        "Tax Provision": -1700000.0,
        "Pretax Income": -16335000.0,
        "Other Income Expense": -791000.0,
        "Special Income Charges": -250000.0,
        "Other Special Charges": 241000.0,
        "Restructuring And Mergern Acquisition": 9000.0,
        "Gain On Sale Of Security": -541000.0,
        "Net Non Operating Interest Income Expense": 2420000.0,
        "Interest Expense Non Operating": 289000.0,
        "Interest Income Non Operating": 2709000.0,
        "Operating Income": -17964000.0,
        "Operating Expense": 67213000.0,
        "Depreciation Amortization Depletion Income Statement": 9795000.0,
        "Depreciation And Amortization In Income Statement": 9795000.0,
        "Amortization": 9795000.0,
        "Amortization Of Intangibles Income Statement": 9795000.0,
        "Research And Development": 22336000.0,
        "Selling General And Administration": 35082000.0,
        "Gross Profit": 49249000.0,
        "Cost Of Revenue": 58365000.0,
        "Total Revenue": 107614000.0,
        "Operating Revenue": 107614000.0
    },
    "2024-06-30": {
        "Tax Effect Of Unusual Items": -81060.0,
        "Tax Rate For Calcs": 0.21,
        "Normalized EBITDA": -792000.0,
        "Total Unusual Items": -386000.0,
        "Total Unusual Items Excluding Goodwill": -386000.0,
        "Net Income From Continuing Operation Net Minority Interest": -15769000.0,
        "Reconciled Depreciation": 13161000.0,
        "Reconciled Cost Of Revenue": 54366000.0,
        "EBITDA": -1178000.0,
        "EBIT": -14339000.0,
        "Net Interest Income": 2189000.0,
        "Interest Expense": 144000.0,
        "Interest Income": 2333000.0,
        "Normalized Income": -15464060.0,
        "Net Income From Continuing And Discontinued Operation": -15769000.0,
        "Total Expenses": 120987000.0,
        "Total Operating Income As Reported": -16299000.0,
        "Diluted Average Shares": 46965000.0,
        "Basic Average Shares": 46965000.0,
        "Diluted EPS": -0.34,
        "Basic EPS": -0.34,
        "Diluted NI Availto Com Stockholders": -15769000.0,
        "Net Income Common Stockholders": -15769000.0,
        "Net Income": -15769000.0,
        "Net Income Including Noncontrolling Interests": -15769000.0,
        "Net Income Continuous Operations": -15769000.0,
        "Tax Provision": 1286000.0,
        "Pretax Income": -14483000.0,
        "Other Income Expense": -386000.0,
        "Special Income Charges": -13000.0,
        "Other Special Charges": NaN,
        "Restructuring And Mergern Acquisition": 13000.0,
        "Gain On Sale Of Security": -373000.0,
        "Net Non Operating Interest Income Expense": 2189000.0,
        "Interest Expense Non Operating": 144000.0,
        "Interest Income Non Operating": 2333000.0,
        "Operating Income": -16286000.0,
        "Operating Expense": 63208000.0,
        "Depreciation Amortization Depletion Income Statement": 9748000.0,
        "Depreciation And Amortization In Income Statement": 9748000.0,
        "Amortization": 9748000.0,
        "Amortization Of Intangibles Income Statement": 9748000.0,
        "Research And Development": 21342000.0,
        "Selling General And Administration": 32118000.0,
        "Gross Profit": 46922000.0,
        "Cost Of Revenue": 57779000.0,
        "Total Revenue": 104701000.0,
        "Operating Revenue": 104701000.0
    },
    "2024-09-30": {
        "Tax Effect Of Unusual Items": -334530.0,
        "Tax Rate For Calcs": 0.21,
        "Normalized EBITDA": 7000.0,
        "Total Unusual Items": -1593000.0,
        "Total Unusual Items Excluding Goodwill": -1593000.0,
        "Net Income From Continuing Operation Net Minority Interest": -18056000.0,
        "Reconciled Depreciation": 13153000.0,
        "Reconciled Cost Of Revenue": 47323000.0,
        "EBITDA": -1586000.0,
        "EBIT": -14739000.0,
        "Net Interest Income": 2523000.0,
        "Interest Expense": 86000.0,
        "Interest Income": 2609000.0,
        "Normalized Income": -16797530.0,
        "Net Income From Continuing And Discontinued Operation": -18056000.0,
        "Total Expenses": 111097000.0,
        "Total Operating Income As Reported": -15769000.0,
        "Diluted Average Shares": 46815000.0,
        "Basic Average Shares": 46815000.0,
        "Diluted EPS": -0.39,
        "Basic EPS": -0.39,
        "Diluted NI Availto Com Stockholders": -18056000.0,
        "Net Income Common Stockholders": -18056000.0,
        "Net Income": -18056000.0,
        "Net Income Including Noncontrolling Interests": -18056000.0,
        "Net Income Continuous Operations": -18056000.0,
        "Tax Provision": 3231000.0,
        "Pretax Income": -14825000.0,
        "Other Income Expense": -1593000.0,
        "Special Income Charges": -14000.0,
        "Other Special Charges": NaN,
        "Restructuring And Mergern Acquisition": 14000.0,
        "Gain On Sale Of Security": -1579000.0,
        "Net Non Operating Interest Income Expense": 2523000.0,
        "Interest Expense Non Operating": 86000.0,
        "Interest Income Non Operating": 2609000.0,
        "Operating Income": -15755000.0,
        "Operating Expense": 60412000.0,
        "Depreciation Amortization Depletion Income Statement": 9791000.0,
        "Depreciation And Amortization In Income Statement": 9791000.0,
        "Amortization": 9791000.0,
        "Amortization Of Intangibles Income Statement": 9791000.0,
        "Research And Development": 20324000.0,
        "Selling General And Administration": 30297000.0,
        "Gross Profit": 44657000.0,
        "Cost Of Revenue": 50685000.0,
        "Total Revenue": 95342000.0,
        "Operating Revenue": 95342000.0
    }
}