{
    "2023-03-31": {
        "Tax Effect Of Unusual Items": 10746732.0,
        "Tax Rate For Calcs": 0.258,
        "Normalized EBITDA": 163986000.0,
        "Total Unusual Items": 41654000.0,
        "Total Unusual Items Excluding Goodwill": 41654000.0,
        "Net Income From Continuing Operation Net Minority Interest": 118127000.0,
        "Reconciled Depreciation": 43509000.0,
        "Reconciled Cost Of Revenue": 947536000.0,
        "EBITDA": 205640000.0,
        "EBIT": 162131000.0,
        "Net Interest Income": -2929000.0,
        "Interest Expense": 2929000.0,
        "Interest Income": NaN,
        "Normalized Income": 87219732.0,
        "Net Income From Continuing And Discontinued Operation": 118127000.0,
        "Total Expenses": 1365588000.0,
        "Total Operating Income As Reported": 206054000.0,
        "Diluted Average Shares": 9395000.0,
        "Basic Average Shares": 9374000.0,
        "Diluted EPS": 12.57,
        "Basic EPS": 12.6,
        "Diluted NI Availto Com Stockholders": 118127000.0,
        "Net Income Common Stockholders": 118127000.0,
        "Net Income": 118127000.0,
        "Net Income Including Noncontrolling Interests": 118127000.0,
        "Net Income Continuous Operations": 118127000.0,
        "Tax Provision": 41075000.0,
        "Pretax Income": 159202000.0,
        "Other Income Expense": -43923000.0,
        "Other Non Operating Income Expenses": -85577000.0,
        "Special Income Charges": 41654000.0,
        "Restructuring And Mergern Acquisition": -41654000.0,
        "Net Non Operating Interest Income Expense": -2929000.0,
        "Interest Expense Non Operating": 2929000.0,
        "Interest Income Non Operating": NaN,
        "Operating Income": 206054000.0,
        "Operating Expense": 418052000.0,
        "Selling General And Administration": 418052000.0,
        "Selling And Marketing Expense": NaN,
        "General And Administrative Expense": NaN,
        "Other Gand A": NaN,
        "Salaries And Wages": NaN,
        "Gross Profit": 624106000.0,
        "Cost Of Revenue": 947536000.0,
        "Total Revenue": 1571642000.0,
        "Operating Revenue": 1571642000.0
    },
    "2022-12-31": {
        "Tax Effect Of Unusual Items": 0.0,
        "Tax Rate For Calcs": 0.238164,
        "Normalized EBITDA": 202544000.0,
        "Total Unusual Items": NaN,
        "Total Unusual Items Excluding Goodwill": NaN,
        "Net Income From Continuing Operation Net Minority Interest": 118445000.0,
        "Reconciled Depreciation": 43207000.0,
        "Reconciled Cost Of Revenue": 974183000.0,
        "EBITDA": 202544000.0,
        "EBIT": 159337000.0,
        "Net Interest Income": -3864000.0,
        "Interest Expense": 3864000.0,
        "Interest Income": NaN,
        "Normalized Income": 118445000.0,
        "Net Income From Continuing And Discontinued Operation": 118445000.0,
        "Total Expenses": 1399956000.0,
        "Total Operating Income As Reported": 172839000.0,
        "Diluted Average Shares": 9391000.0,
        "Basic Average Shares": 9374000.0,
        "Diluted EPS": 12.61,
        "Basic EPS": 12.64,
        "Diluted NI Availto Com Stockholders": 118445000.0,
        "Net Income Common Stockholders": 118445000.0,
        "Net Income": 118445000.0,
        "Net Income Including Noncontrolling Interests": 118445000.0,
        "Net Income Continuous Operations": 118445000.0,
        "Tax Provision": 37028000.0,
        "Pretax Income": 155473000.0,
        "Other Income Expense": -13502000.0,
        "Other Non Operating Income Expenses": -34634000.0,
        "Special Income Charges": NaN,
        "Restructuring And Mergern Acquisition": NaN,
        "Net Non Operating Interest Income Expense": -3864000.0,
        "Interest Expense Non Operating": 3864000.0,
        "Interest Income Non Operating": NaN,
        "Operating Income": 172839000.0,
        "Operating Expense": 425773000.0,
        "Selling General And Administration": 425773000.0,
        "Selling And Marketing Expense": NaN,
        "General And Administrative Expense": NaN,
        "Other Gand A": NaN,
        "Salaries And Wages": NaN,
        "Gross Profit": 598612000.0,
        "Cost Of Revenue": 974183000.0,
        "Total Revenue": 1572795000.0,
        "Operating Revenue": 1572795000.0
    },
    "2022-09-30": {
        "Tax Effect Of Unusual Items": -5732272.0,
        "Tax Rate For Calcs": 0.254,
        "Normalized EBITDA": 230283000.0,
        "Total Unusual Items": -22568000.0,
        "Total Unusual Items Excluding Goodwill": -22568000.0,
        "Net Income From Continuing Operation Net Minority Interest": 118761000.0,
        "Reconciled Depreciation": 42531000.0,
        "Reconciled Cost Of Revenue": 1007482000.0,
        "EBITDA": 207715000.0,
        "EBIT": 165184000.0,
        "Net Interest Income": -6083000.0,
        "Interest Expense": 6083000.0,
        "Interest Income": NaN,
        "Normalized Income": 135596728.0,
        "Net Income From Continuing And Discontinued Operation": 118761000.0,
        "Total Expenses": 1438659000.0,
        "Total Operating Income As Reported": 189930000.0,
        "Diluted Average Shares": 9406000.0,
        "Basic Average Shares": 9374000.0,
        "Diluted EPS": 12.63,
        "Basic EPS": 12.67,
        "Diluted NI Availto Com Stockholders": 118761000.0,
        "Net Income Common Stockholders": 118761000.0,
        "Net Income": 118761000.0,
        "Net Income Including Noncontrolling Interests": 118761000.0,
        "Net Income Continuous Operations": 118761000.0,
        "Tax Provision": 40340000.0,
        "Pretax Income": 159101000.0,
        "Other Income Expense": -24746000.0,
        "Other Non Operating Income Expenses": -2178000.0,
        "Special Income Charges": -22568000.0,
        "Restructuring And Mergern Acquisition": 22568000.0,
        "Net Non Operating Interest Income Expense": -6083000.0,
        "Interest Expense Non Operating": 6083000.0,
        "Interest Income Non Operating": NaN,
        "Operating Income": 189930000.0,
        "Operating Expense": 431177000.0,
        "Selling General And Administration": 431177000.0,
        "Selling And Marketing Expense": NaN,
        "General And Administrative Expense": NaN,
        "Other Gand A": NaN,
        "Salaries And Wages": NaN,
        "Gross Profit": 621107000.0,
        "Cost Of Revenue": 1007482000.0,
        "Total Revenue": 1628589000.0,
        "Operating Revenue": 1628589000.0
    },
    "2022-06-30": {
        "Tax Effect Of Unusual Items": -1033397.0,
        "Tax Rate For Calcs": 0.257,
        "Normalized EBITDA": 187698000.0,
        "Total Unusual Items": -4021000.0,
        "Total Unusual Items Excluding Goodwill": -4021000.0,
        "Net Income From Continuing Operation Net Minority Interest": 99562000.0,
        "Reconciled Depreciation": 42583000.0,
        "Reconciled Cost Of Revenue": 1044556000.0,
        "EBITDA": 183677000.0,
        "EBIT": 141094000.0,
        "Net Interest Income": -7146000.0,
        "Interest Expense": 7146000.0,
        "Normalized Income": 102549603.0,
        "Net Income From Continuing And Discontinued Operation": 99562000.0,
        "Total Expenses": 1447922000.0,
        "Total Operating Income As Reported": 147293000.0,
        "Diluted Average Shares": 9399000.0,
        "Basic Average Shares": 9374000.0,
        "Diluted EPS": 10.59,
        "Basic EPS": 10.62,
        "Diluted NI Availto Com Stockholders": 99562000.0,
        "Net Income Common Stockholders": 99562000.0,
        "Net Income": 99562000.0,
        "Net Income Including Noncontrolling Interests": 99562000.0,
        "Net Income Continuous Operations": 99562000.0,
        "Tax Provision": 34386000.0,
        "Pretax Income": 133948000.0,
        "Other Income Expense": -6199000.0,
        "Other Non Operating Income Expenses": -2178000.0,
        "Special Income Charges": -4021000.0,
        "Restructuring And Mergern Acquisition": 4021000.0,
        "Net Non Operating Interest Income Expense": -7146000.0,
        "Interest Expense Non Operating": 7146000.0,
        "Operating Income": 147293000.0,
        "Operating Expense": 403366000.0,
        "Selling General And Administration": 403366000.0,
        "Selling And Marketing Expense": NaN,
        "General And Administrative Expense": NaN,
        "Salaries And Wages": NaN,
        "Gross Profit": 550659000.0,
        "Cost Of Revenue": 1044556000.0,
        "Total Revenue": 1595215000.0,
        "Operating Revenue": 1595215000.0
    },
    "2023-06-30": {
        "Tax Effect Of Unusual Items": 0.0,
        "Tax Rate For Calcs": 0.258,
        "Normalized EBITDA": 209781000.0,
        "Total Unusual Items": NaN,
        "Total Unusual Items Excluding Goodwill": NaN,
        "Net Income From Continuing Operation Net Minority Interest": 122319000.0,
        "Reconciled Depreciation": 43676000.0,
        "Reconciled Cost Of Revenue": 1067255000.0,
        "EBITDA": 209781000.0,
        "EBIT": 166105000.0,
        "Net Interest Income": -1353000.0,
        "Interest Expense": 1353000.0,
        "Interest Income": NaN,
        "Normalized Income": 122319000.0,
        "Net Income From Continuing And Discontinued Operation": 122319000.0,
        "Total Expenses": 1544939000.0,
        "Total Operating Income As Reported": 233670000.0,
        "Diluted Average Shares": 9396000.0,
        "Basic Average Shares": 9374000.0,
        "Diluted EPS": 13.02,
        "Basic EPS": 13.05,
        "Diluted NI Availto Com Stockholders": 122319000.0,
        "Net Income Common Stockholders": 122319000.0,
        "Net Income": 122319000.0,
        "Net Income Including Noncontrolling Interests": 122319000.0,
        "Net Income Continuous Operations": 122319000.0,
        "Tax Provision": 42433000.0,
        "Pretax Income": 164752000.0,
        "Other Income Expense": -27788000.0,
        "Other Non Operating Income Expenses": -27788000.0,
        "Special Income Charges": NaN,
        "Restructuring And Mergern Acquisition": NaN,
        "Net Non Operating Interest Income Expense": -1353000.0,
        "Interest Expense Non Operating": 1353000.0,
        "Interest Income Non Operating": NaN,
        "Operating Income": 193893000.0,
        "Operating Expense": 477684000.0,
        "Selling General And Administration": 477684000.0,
        "Selling And Marketing Expense": 437907000.0,
        "General And Administrative Expense": 477684000.0,
        "Other Gand A": 437907000.0,
        "Salaries And Wages": 39777000.0,
        "Gross Profit": 671577000.0,
        "Cost Of Revenue": 1067255000.0,
        "Total Revenue": 1738832000.0,
        "Operating Revenue": 1738832000.0
    },
    "2022-03-31": {
        "Diluted EPS": 9.94,
        "Total Revenue": NaN,
        "Gross Profit": 508,
        "Operating Income": 131,
        "EBIT": 175,
        "Net Income": 93
    },
    "2021-12-31": {
        "Diluted EPS": 0.64,
        "Total Revenue": NaN,
        "Gross Profit": 493,
        "Operating Income": 87,
        "EBIT": 133,
        "Net Income": 19
    },
    "2021-09-30": {
        "Diluted EPS": 5.93,
        "Total Revenue": NaN,
        "Gross Profit": 518,
        "Operating Income": 137,
        "EBIT": 185,
        "Net Income": 69
    },
    "2021-06-30": {
        "Diluted EPS": 5.12,
        "Total Revenue": NaN,
        "Gross Profit": 495,
        "Operating Income": 121,
        "EBIT": 165,
        "Net Income": 48
    },
    "2021-03-31": {
        "Diluted EPS": 4.57,
        "Total Revenue": NaN,
        "Gross Profit": 449,
        "Operating Income": 94,
        "EBIT": 138,
        "Net Income": 53
    },
    "2020-12-31": {
        "Diluted EPS": 5.68,
        "Total Revenue": NaN,
        "Gross Profit": 462,
        "Operating Income": 94,
        "EBIT": 138,
        "Net Income": 66
    },
    "2020-09-30": {
        "Diluted EPS": 4.43,
        "Total Revenue": NaN,
        "Gross Profit": 472,
        "Operating Income": 104,
        "EBIT": 152,
        "Net Income": 52
    },
    "2020-06-30": {
        "Diluted EPS": 3.37,
        "Total Revenue": NaN,
        "Gross Profit": 429,
        "Operating Income": 83,
        "EBIT": 126,
        "Net Income": 40
    },
    "2020-03-31": {
        "Diluted EPS": 1.25,
        "Total Revenue": NaN,
        "Gross Profit": 405,
        "Operating Income": 33,
        "EBIT": 77,
        "Net Income": 15
    },
    "2019-12-31": {
        "Diluted EPS": -0.72,
        "Total Revenue": NaN,
        "Gross Profit": 413,
        "Operating Income": 40,
        "EBIT": 83,
        "Net Income": -10
    },
    "2019-09-30": {
        "Diluted EPS": 1.11,
        "Total Revenue": NaN,
        "Gross Profit": 432,
        "Operating Income": 54,
        "EBIT": 100,
        "Net Income": 13
    },
    "2019-06-30": {
        "Diluted EPS": 1.31,
        "Total Revenue": NaN,
        "Gross Profit": 436,
        "Operating Income": 67,
        "EBIT": 113,
        "Net Income": 15
    },
    "2019-03-31": {
        "Diluted EPS": -0.73,
        "Total Revenue": NaN,
        "Gross Profit": 389,
        "Operating Income": 20,
        "EBIT": 66,
        "Net Income": -7
    },
    "2018-12-31": {
        "Diluted EPS": -1.94,
        "Total Revenue": NaN,
        "Gross Profit": 381,
        "Operating Income": 13,
        "EBIT": 60,
        "Net Income": -27
    },
    "2018-09-30": {
        "Diluted EPS": 2.16,
        "Total Revenue": NaN,
        "Gross Profit": 413,
        "Operating Income": 44,
        "EBIT": 91,
        "Net Income": 25
    },
    "2018-06-30": {
        "Diluted EPS": -0.42,
        "Total Revenue": NaN,
        "Gross Profit": 405,
        "Operating Income": 20,
        "EBIT": 67,
        "Net Income": -4
    },
    "2018-03-31": {
        "Diluted EPS": -1.52,
        "Total Revenue": NaN,
        "Gross Profit": 358,
        "Operating Income": -19,
        "EBIT": 28,
        "Net Income": -14
    },
    "2017-12-31": {
        "Diluted EPS": 8.8,
        "Total Revenue": NaN,
        "Gross Profit": 347,
        "Operating Income": 0,
        "EBIT": 49,
        "Net Income": 78
    },
    "2017-09-30": {
        "Diluted EPS": 1.49,
        "Total Revenue": NaN,
        "Gross Profit": 410,
        "Operating Income": 37,
        "EBIT": 81,
        "Net Income": 17
    },
    "2017-06-30": {
        "Diluted EPS": 0.55,
        "Total Revenue": NaN,
        "Gross Profit": 415,
        "Operating Income": 49,
        "EBIT": 91,
        "Net Income": 6
    },
    "2017-03-31": {
        "Diluted EPS": -0.54,
        "Total Revenue": 866,
        "Gross Profit": 332,
        "Operating Income": 15,
        "EBIT": 50,
        "Net Income": -5
    },
    "2016-12-31": {
        "Diluted EPS": 2.07,
        "Total Revenue": 815,
        "Gross Profit": 299,
        "Operating Income": 24,
        "EBIT": 58,
        "Net Income": 21
    },
    "2016-09-30": {
        "Diluted EPS": 2.0,
        "Total Revenue": 849,
        "Gross Profit": 327,
        "Operating Income": 40,
        "EBIT": 71,
        "Net Income": 23
    },
    "2016-06-30": {
        "Diluted EPS": 1.35,
        "Total Revenue": 840,
        "Gross Profit": 320,
        "Operating Income": 55,
        "EBIT": 83,
        "Net Income": 16
    },
    "2016-03-31": {
        "Diluted EPS": -1.08,
        "Total Revenue": 625,
        "Gross Profit": 244,
        "Operating Income": 12,
        "EBIT": 37,
        "Net Income": -10
    },
    "2015-12-31": {
        "Diluted EPS": 0.38,
        "Total Revenue": 620,
        "Gross Profit": 241,
        "Operating Income": 15,
        "EBIT": 38,
        "Net Income": 4
    },
    "2015-09-30": {
        "Diluted EPS": 2.22,
        "Total Revenue": 619,
        "Gross Profit": 239,
        "Operating Income": 28,
        "EBIT": 49,
        "Net Income": 26
    },
    "2015-06-30": {
        "Diluted EPS": 2.34,
        "Total Revenue": 615,
        "Gross Profit": 237,
        "Operating Income": 38,
        "EBIT": 59,
        "Net Income": 27
    },
    "2015-03-31": {
        "Diluted EPS": 0.19,
        "Total Revenue": 453,
        "Gross Profit": 184,
        "Operating Income": 17,
        "EBIT": 35,
        "Net Income": 2
    },
    "2014-12-31": {
        "Diluted EPS": -0.31,
        "Total Revenue": 441,
        "Gross Profit": 178,
        "Operating Income": 14,
        "EBIT": 31,
        "Net Income": 3
    },
    "2014-09-30": {
        "Diluted EPS": 1.3,
        "Total Revenue": 458,
        "Gross Profit": 185,
        "Operating Income": 28,
        "EBIT": 44,
        "Net Income": 12
    },
    "2014-06-30": {
        "Diluted EPS": 1.48,
        "Total Revenue": 459,
        "Gross Profit": 186,
        "Operating Income": 31,
        "EBIT": 46,
        "Net Income": 14
    },
    "2014-03-31": {
        "Diluted EPS": 0.26,
        "Total Revenue": 389,
        "Gross Profit": 156,
        "Operating Income": 12,
        "EBIT": 27,
        "Net Income": 2
    },
    "2013-12-31": {
        "Diluted EPS": -1.05,
        "Total Revenue": 394,
        "Gross Profit": 159,
        "Operating Income": 1,
        "EBIT": 16,
        "Net Income": -5
    },
    "2013-09-30": {
        "Diluted EPS": 1.74,
        "Total Revenue": 434,
        "Gross Profit": 176,
        "Operating Income": 30,
        "EBIT": 45,
        "Net Income": 16
    },
    "2013-06-30": {
        "Diluted EPS": 1.21,
        "Total Revenue": 429,
        "Gross Profit": 170,
        "Operating Income": 27,
        "EBIT": 42,
        "Net Income": 11
    },
    "2013-03-31": {
        "Diluted EPS": 0.52,
        "Total Revenue": 384,
        "Gross Profit": 154,
        "Operating Income": 15,
        "EBIT": 30,
        "Net Income": 5
    },
    "2012-12-31": {
        "Diluted EPS": -0.14,
        "Total Revenue": 387,
        "Gross Profit": 154,
        "Operating Income": 14,
        "EBIT": 30,
        "Net Income": 2
    },
    "2012-09-30": {
        "Diluted EPS": 0.88,
        "Total Revenue": 420,
        "Gross Profit": 171,
        "Operating Income": 27,
        "EBIT": 43,
        "Net Income": 10
    },
    "2012-06-30": {
        "Diluted EPS": 1.16,
        "Total Revenue": 431,
        "Gross Profit": 173,
        "Operating Income": 29,
        "EBIT": 44,
        "Net Income": 11
    },
    "2012-03-31": {
        "Diluted EPS": 0.49,
        "Total Revenue": 377,
        "Gross Profit": 156,
        "Operating Income": 19,
        "EBIT": 35,
        "Net Income": 5
    },
    "2011-12-31": {
        "Diluted EPS": -0.04,
        "Total Revenue": 373,
        "Gross Profit": 152,
        "Operating Income": 15,
        "EBIT": 31,
        "Net Income": 2
    },
    "2011-09-30": {
        "Diluted EPS": 1.06,
        "Total Revenue": 406,
        "Gross Profit": 163,
        "Operating Income": 25,
        "EBIT": 41,
        "Net Income": 10
    },
    "2011-06-30": {
        "Diluted EPS": 0.98,
        "Total Revenue": 423,
        "Gross Profit": 166,
        "Operating Income": 28,
        "EBIT": 44,
        "Net Income": 11
    },
    "2011-03-31": {
        "Diluted EPS": 0.52,
        "Total Revenue": 360,
        "Gross Profit": 149,
        "Operating Income": 19,
        "EBIT": 34,
        "Net Income": 6
    },
    "2010-12-31": {
        "Diluted EPS": 0.09,
        "Total Revenue": 354,
        "Gross Profit": 153,
        "Operating Income": 15,
        "EBIT": 30,
        "Net Income": 4
    },
    "2010-09-30": {
        "Diluted EPS": 1.37,
        "Total Revenue": 395,
        "Gross Profit": 173,
        "Operating Income": 34,
        "EBIT": 49,
        "Net Income": 16
    },
    "2010-06-30": {
        "Diluted EPS": 1.31,
        "Total Revenue": 417,
        "Gross Profit": 168,
        "Operating Income": 30,
        "EBIT": 45,
        "Net Income": 12
    },
    "2010-03-31": {
        "Diluted EPS": 0.41,
        "Total Revenue": 347,
        "Gross Profit": 147,
        "Operating Income": 18,
        "EBIT": 33,
        "Net Income": 5
    },
    "2009-12-31": {
        "Diluted EPS": 0.17,
        "Total Revenue": 354,
        "Gross Profit": 155,
        "Operating Income": 16,
        "EBIT": 32,
        "Net Income": 2
    },
    "2009-09-30": {
        "Diluted EPS": 1.37,
        "Total Revenue": 375,
        "Gross Profit": 157,
        "Operating Income": 26,
        "EBIT": 42,
        "Net Income": 15
    },
    "2009-06-30": {
        "Diluted EPS": 1.08,
        "Total Revenue": 378,
        "Gross Profit": 160,
        "Operating Income": 31,
        "EBIT": 46,
        "Net Income": 12
    },
    "2009-03-31": {
        "Diluted EPS": 0.74,
        "Total Revenue": 336,
        "Gross Profit": 147,
        "Operating Income": 21,
        "EBIT": 36,
        "Net Income": 9
    },
    "2023-09-30": {
        "Tax Effect Of Unusual Items": 0.0,
        "Tax Rate For Calcs": 0.239,
        "Normalized EBITDA": 183052000.0,
        "Total Unusual Items": NaN,
        "Total Unusual Items Excluding Goodwill": NaN,
        "Net Income From Continuing Operation Net Minority Interest": 92093000.0,
        "Reconciled Depreciation": 44111000.0,
        "Reconciled Cost Of Revenue": 1050878000.0,
        "EBITDA": 183052000.0,
        "EBIT": 138941000.0,
        "Net Interest Income": 1516000.0,
        "Interest Expense": NaN,
        "Interest Income": 1516000.0,
        "Normalized Income": 92093000.0,
        "Net Income From Continuing And Discontinued Operation": 92093000.0,
        "Total Expenses": 1573487000.0,
        "Total Operating Income As Reported": 216260000.0,
        "Diluted Average Shares": 9395000.0,
        "Basic Average Shares": 9374000.0,
        "Diluted EPS": 9.8,
        "Basic EPS": 9.82,
        "Diluted NI Availto Com Stockholders": 92093000.0,
        "Net Income Common Stockholders": 92093000.0,
        "Net Income": 92093000.0,
        "Net Income Including Noncontrolling Interests": 92093000.0,
        "Net Income Continuous Operations": 92093000.0,
        "Tax Provision": 28891000.0,
        "Pretax Income": 120984000.0,
        "Other Income Expense": -19473000.0,
        "Other Non Operating Income Expenses": -19473000.0,
        "Special Income Charges": NaN,
        "Restructuring And Mergern Acquisition": NaN,
        "Net Non Operating Interest Income Expense": 1516000.0,
        "Interest Expense Non Operating": NaN,
        "Interest Income Non Operating": 1516000.0,
        "Operating Income": 138941000.0,
        "Operating Expense": 522609000.0,
        "Selling General And Administration": 522609000.0,
        "Selling And Marketing Expense": NaN,
        "General And Administrative Expense": 522609000.0,
        "Other Gand A": 445290000.0,
        "Salaries And Wages": 77319000.0,
        "Gross Profit": 661550000.0,
        "Cost Of Revenue": 1050878000.0,
        "Total Revenue": 1712428000.0,
        "Operating Revenue": 1712428000.0
    },
    "2023-12-31": {
        "Tax Effect Of Unusual Items": 0.0,
        "Tax Rate For Calcs": 0.32616,
        "Normalized EBITDA": 319621000.0,
        "Total Unusual Items": NaN,
        "Total Unusual Items Excluding Goodwill": NaN,
        "Net Income From Continuing Operation Net Minority Interest": 75836000.0,
        "Reconciled Depreciation": 45670000.0,
        "Reconciled Cost Of Revenue": 989478000.0,
        "EBITDA": 319621000.0,
        "EBIT": 273951000.0,
        "Net Interest Income": 3684000.0,
        "Interest Expense": NaN,
        "Interest Income": NaN,
        "Normalized Income": 75836000.0,
        "Net Income From Continuing And Discontinued Operation": 75836000.0,
        "Total Expenses": 1448189000.0,
        "Total Operating Income As Reported": 178467000.0,
        "Diluted Average Shares": 9384000.0,
        "Basic Average Shares": 9374000.0,
        "Diluted EPS": 8.08,
        "Basic EPS": 8.09,
        "Diluted NI Availto Com Stockholders": 75836000.0,
        "Net Income Common Stockholders": 75836000.0,
        "Net Income": 75836000.0,
        "Net Income Including Noncontrolling Interests": 75836000.0,
        "Net Income Continuous Operations": 75836000.0,
        "Tax Provision": 36707000.0,
        "Pretax Income": 112543000.0,
        "Other Income Expense": -73908000.0,
        "Other Non Operating Income Expenses": 85446000.0,
        "Special Income Charges": NaN,
        "Restructuring And Mergern Acquisition": NaN,
        "Net Non Operating Interest Income Expense": 3684000.0,
        "Interest Expense Non Operating": NaN,
        "Interest Income Non Operating": NaN,
        "Operating Income": 182767000.0,
        "Operating Expense": 458711000.0,
        "Selling General And Administration": 458711000.0,
        "Selling And Marketing Expense": NaN,
        "General And Administrative Expense": 458711000.0,
        "Other Gand A": 463011000.0,
        "Salaries And Wages": -4300000.0,
        "Gross Profit": 641478000.0,
        "Cost Of Revenue": 989478000.0,
        "Total Revenue": 1630956000.0,
        "Operating Revenue": 1630956000.0
    }
}