{
    "2023-06-30": {
        "Tax Effect Of Unusual Items": -7566720.164172,
        "Tax Rate For Calcs": 0.25521,
        "Total Unusual Items": -29649000.0,
        "Total Unusual Items Excluding Goodwill": -29649000.0,
        "Net Income From Continuing Operation Net Minority Interest": 133377000.0,
        "Reconciled Depreciation": 35553000.0,
        "Net Interest Income": 481394000.0,
        "Interest Expense": 191754000.0,
        "Interest Income": 673148000.0,
        "Normalized Income": 155459279.835828,
        "Net Income From Continuing And Discontinued Operation": 133377000.0,
        "Diluted Average Shares": 208545000.0,
        "Basic Average Shares": 207977000.0,
        "Diluted EPS": 0.64,
        "Basic EPS": 0.64,
        "Diluted NI Availto Com Stockholders": 133377000.0,
        "Net Income Common Stockholders": 133377000.0,
        "Net Income": 133377000.0,
        "Net Income Including Noncontrolling Interests": 133377000.0,
        "Net Income Continuous Operations": 133377000.0,
        "Tax Provision": 45703000.0,
        "Pretax Income": 179080000.0,
        "Special Income Charges": -29649000.0,
        "Restructuring And Mergern Acquisition": 29649000.0,
        "Gain On Sale Of Security": -697000.0,
        "Depreciation Amortization Depletion Income Statement": 35553000.0,
        "Depreciation And Amortization In Income Statement": 35553000.0,
        "Amortization": 35553000.0,
        "Amortization Of Intangibles Income Statement": 35553000.0,
        "Selling General And Administration": 174977000.0,
        "Selling And Marketing Expense": NaN,
        "General And Administrative Expense": 174977000.0,
        "Other Gand A": NaN,
        "Insurance And Claims": 11579000.0,
        "Salaries And Wages": 163398000.0,
        "Total Revenue": 523653000.0,
        "Operating Revenue": 523653000.0,
        "Gross Profit": 524,
        "Operating Income": 179
    },
    "2023-03-31": {
        "Tax Effect Of Unusual Items": -29923780.80744,
        "Tax Rate For Calcs": 0.258191,
        "Total Unusual Items": -115898000.0,
        "Total Unusual Items Excluding Goodwill": -115898000.0,
        "Net Income From Continuing Operation Net Minority Interest": -14038000.0,
        "Reconciled Depreciation": 12660000.0,
        "Net Interest Income": 373979000.0,
        "Interest Expense": 101253000.0,
        "Interest Income": 475232000.0,
        "Normalized Income": 71936219.19256,
        "Net Income From Continuing And Discontinued Operation": -14038000.0,
        "Diluted Average Shares": 156383000.0,
        "Basic Average Shares": 156383000.0,
        "Diluted EPS": -0.09,
        "Basic EPS": -0.09,
        "Diluted NI Availto Com Stockholders": -14038000.0,
        "Net Income Common Stockholders": -14038000.0,
        "Net Income": -14038000.0,
        "Net Income Including Noncontrolling Interests": -14038000.0,
        "Net Income Continuous Operations": -14038000.0,
        "Tax Provision": -4886000.0,
        "Pretax Income": -18924000.0,
        "Special Income Charges": -115898000.0,
        "Restructuring And Mergern Acquisition": 115898000.0,
        "Gain On Sale Of Security": 2416000.0,
        "Depreciation Amortization Depletion Income Statement": 12660000.0,
        "Depreciation And Amortization In Income Statement": 12660000.0,
        "Amortization": 12660000.0,
        "Amortization Of Intangibles Income Statement": 12660000.0,
        "Selling General And Administration": 142205000.0,
        "Selling And Marketing Expense": 1059000.0,
        "General And Administrative Expense": 142205000.0,
        "Other Gand A": 3026000.0,
        "Insurance And Claims": 6113000.0,
        "Salaries And Wages": 136092000.0,
        "Total Revenue": 429433000.0,
        "Operating Revenue": 429433000.0,
        "Gross Profit": 429,
        "Operating Income": -19,
        "EBIT": NaN
    },
    "2022-12-31": {
        "Tax Effect Of Unusual Items": -3049707.973103,
        "Tax Rate For Calcs": 0.26207,
        "Total Unusual Items": -11637000.0,
        "Total Unusual Items Excluding Goodwill": -11637000.0,
        "Net Income From Continuing Operation Net Minority Interest": 82964000.0,
        "Reconciled Depreciation": 1019000.0,
        "Net Interest Income": 305297000.0,
        "Interest Expense": 46768000.0,
        "Interest Income": 352065000.0,
        "Normalized Income": 91551292.026897,
        "Net Income From Continuing And Discontinued Operation": 82964000.0,
        "Diluted Average Shares": 217566000.0,
        "Basic Average Shares": 217054000.0,
        "Diluted EPS": 0.38,
        "Basic EPS": 0.38,
        "Diluted NI Availto Com Stockholders": 82964000.0,
        "Net Income Common Stockholders": 82964000.0,
        "Net Income": 82964000.0,
        "Net Income Including Noncontrolling Interests": 82964000.0,
        "Net Income Continuous Operations": 82964000.0,
        "Tax Provision": 29464000.0,
        "Pretax Income": 112428000.0,
        "Special Income Charges": -11637000.0,
        "Restructuring And Mergern Acquisition": 11637000.0,
        "Gain On Sale Of Security": 284000.0,
        "Depreciation Amortization Depletion Income Statement": 1019000.0,
        "Depreciation And Amortization In Income Statement": 1019000.0,
        "Amortization": 1019000.0,
        "Amortization Of Intangibles Income Statement": 1019000.0,
        "Selling General And Administration": 111469000.0,
        "Selling And Marketing Expense": 988000.0,
        "General And Administrative Expense": 111469000.0,
        "Other Gand A": NaN,
        "Insurance And Claims": 3487000.0,
        "Salaries And Wages": 107982000.0,
        "Total Revenue": 340358000.0,
        "Operating Revenue": 340358000.0,
        "Gross Profit": 52,
        "Operating Income": 34,
        "EBIT": NaN
    },
    "2022-09-30": {
        "Tax Effect Of Unusual Items": -189455.372916,
        "Tax Rate For Calcs": 0.246366,
        "Total Unusual Items": -769000.0,
        "Total Unusual Items Excluding Goodwill": -769000.0,
        "Net Income From Continuing Operation Net Minority Interest": 84040000.0,
        "Reconciled Depreciation": 1025000.0,
        "Net Interest Income": 287518000.0,
        "Interest Expense": 15924000.0,
        "Interest Income": 303442000.0,
        "Normalized Income": 84619544.627084,
        "Net Income From Continuing And Discontinued Operation": 84040000.0,
        "Diluted Average Shares": 217386000.0,
        "Basic Average Shares": 217051000.0,
        "Diluted EPS": 0.39,
        "Basic EPS": 0.39,
        "Diluted NI Availto Com Stockholders": 84040000.0,
        "Net Income Common Stockholders": 84040000.0,
        "Net Income": 84040000.0,
        "Net Income Including Noncontrolling Interests": 84040000.0,
        "Net Income Continuous Operations": 84040000.0,
        "Tax Provision": 27473000.0,
        "Pretax Income": 111513000.0,
        "Special Income Charges": -769000.0,
        "Restructuring And Mergern Acquisition": 769000.0,
        "Gain On Sale Of Security": -2647000.0,
        "Depreciation Amortization Depletion Income Statement": 1025000.0,
        "Depreciation And Amortization In Income Statement": 1025000.0,
        "Amortization": 1025000.0,
        "Amortization Of Intangibles Income Statement": 1025000.0,
        "Selling General And Administration": 112171000.0,
        "Selling And Marketing Expense": 1505000.0,
        "General And Administrative Expense": 112171000.0,
        "Other Gand A": 15897000.0,
        "Insurance And Claims": 3007000.0,
        "Salaries And Wages": 109164000.0,
        "Total Revenue": 317049000.0,
        "Operating Revenue": 317049000.0,
        "Gross Profit": 189,
        "Operating Income": 82,
        "EBIT": NaN
    },
    "2022-06-30": {
        "Tax Effect Of Unusual Items": -674690.229125,
        "Tax Rate For Calcs": 0.252504,
        "Total Unusual Items": -2672000.0,
        "Total Unusual Items Excluding Goodwill": -2672000.0,
        "Net Income From Continuing Operation Net Minority Interest": 78591000.0,
        "Reconciled Depreciation": 1026000.0,
        "Net Interest Income": 248086000.0,
        "Interest Expense": 8132000.0,
        "Interest Income": 256218000.0,
        "Normalized Income": 80588309.770875,
        "Net Income From Continuing And Discontinued Operation": 78591000.0,
        "Diluted Average Shares": 217279000.0,
        "Basic Average Shares": 217030000.0,
        "Diluted EPS": 0.36,
        "Basic EPS": 0.36,
        "Diluted NI Availto Com Stockholders": 78591000.0,
        "Net Income Common Stockholders": 78591000.0,
        "Net Income": 78591000.0,
        "Net Income Including Noncontrolling Interests": 78591000.0,
        "Net Income Continuous Operations": 78591000.0,
        "Tax Provision": 26548000.0,
        "Pretax Income": 105139000.0,
        "Special Income Charges": -2672000.0,
        "Restructuring And Mergern Acquisition": 2672000.0,
        "Gain On Sale Of Security": -2075000.0,
        "Depreciation Amortization Depletion Income Statement": 1026000.0,
        "Depreciation And Amortization In Income Statement": 1026000.0,
        "Amortization": 1026000.0,
        "Amortization Of Intangibles Income Statement": 1026000.0,
        "Selling General And Administration": 113896000.0,
        "Selling And Marketing Expense": 1649000.0,
        "General And Administrative Expense": 113896000.0,
        "Other Gand A": 16987000.0,
        "Insurance And Claims": 2954000.0,
        "Salaries And Wages": 110942000.0,
        "Total Revenue": 303405000.0,
        "Operating Revenue": 303405000.0,
        "Gross Profit": 172,
        "Operating Income": 75,
        "EBIT": NaN
    },
    "2022-03-31": {
        "Diluted EPS": 0.7,
        "Total Revenue": 316,
        "Gross Profit": 309,
        "Operating Income": 121,
        "EBIT": NaN,
        "Net Income": 91
    },
    "2021-12-31": {
        "Diluted EPS": 0.54,
        "Total Revenue": 172,
        "Gross Profit": 170,
        "Operating Income": 56,
        "EBIT": NaN,
        "Net Income": 43
    },
    "2021-09-30": {
        "Diluted EPS": 0.74,
        "Total Revenue": 158,
        "Gross Profit": 156,
        "Operating Income": 66,
        "EBIT": NaN,
        "Net Income": 53
    },
    "2021-06-30": {
        "Diluted EPS": 0.77,
        "Total Revenue": 150,
        "Gross Profit": 148,
        "Operating Income": 70,
        "EBIT": NaN,
        "Net Income": 55
    },
    "2021-03-31": {
        "Diluted EPS": 0.73,
        "Total Revenue": 149,
        "Gross Profit": 147,
        "Operating Income": 64,
        "EBIT": NaN,
        "Net Income": 52
    },
    "2020-12-31": {
        "Diluted EPS": 0.82,
        "Total Revenue": 157,
        "Gross Profit": 155,
        "Operating Income": 75,
        "EBIT": NaN,
        "Net Income": 58
    },
    "2020-09-30": {
        "Diluted EPS": 0.63,
        "Total Revenue": 150,
        "Gross Profit": 147,
        "Operating Income": 55,
        "EBIT": NaN,
        "Net Income": 45
    },
    "2020-06-30": {
        "Diluted EPS": 0.52,
        "Total Revenue": 163,
        "Gross Profit": 159,
        "Operating Income": 45,
        "EBIT": NaN,
        "Net Income": 37
    },
    "2020-03-31": {
        "Diluted EPS": 0.2,
        "Total Revenue": 152,
        "Gross Profit": 144,
        "Operating Income": 18,
        "EBIT": NaN,
        "Net Income": 15
    },
    "2019-12-31": {
        "Diluted EPS": 0.64,
        "Total Revenue": 155,
        "Gross Profit": 147,
        "Operating Income": 58,
        "EBIT": NaN,
        "Net Income": 47
    },
    "2019-09-30": {
        "Diluted EPS": 0.7,
        "Total Revenue": 161,
        "Gross Profit": 150,
        "Operating Income": 63,
        "EBIT": NaN,
        "Net Income": 50
    },
    "2019-06-30": {
        "Diluted EPS": 0.71,
        "Total Revenue": 161,
        "Gross Profit": 151,
        "Operating Income": 64,
        "EBIT": NaN,
        "Net Income": 51
    },
    "2019-03-31": {
        "Diluted EPS": 0.63,
        "Total Revenue": 151,
        "Gross Profit": 143,
        "Operating Income": 57,
        "EBIT": NaN,
        "Net Income": 45
    },
    "2018-12-31": {
        "Diluted EPS": 0.61,
        "Total Revenue": 150,
        "Gross Profit": 144,
        "Operating Income": 55,
        "EBIT": NaN,
        "Net Income": 46
    },
    "2018-09-30": {
        "Diluted EPS": 0.63,
        "Total Revenue": 149,
        "Gross Profit": 144,
        "Operating Income": 58,
        "EBIT": NaN,
        "Net Income": 46
    },
    "2018-06-30": {
        "Diluted EPS": 0.57,
        "Total Revenue": 144,
        "Gross Profit": 140,
        "Operating Income": 52,
        "EBIT": NaN,
        "Net Income": 41
    },
    "2018-03-31": {
        "Diluted EPS": 0.55,
        "Total Revenue": 142,
        "Gross Profit": 139,
        "Operating Income": 47,
        "EBIT": NaN,
        "Net Income": 40
    },
    "2017-12-31": {
        "Diluted EPS": 0.19,
        "Total Revenue": 132,
        "Gross Profit": 130,
        "Operating Income": 41,
        "EBIT": NaN,
        "Net Income": 14
    },
    "2017-09-30": {
        "Diluted EPS": 0.7,
        "Total Revenue": 127,
        "Gross Profit": 126,
        "Operating Income": 59,
        "EBIT": NaN,
        "Net Income": 41
    },
    "2017-06-30": {
        "Diluted EPS": 0.47,
        "Total Revenue": 112,
        "Gross Profit": 110,
        "Operating Income": 38,
        "EBIT": NaN,
        "Net Income": 27
    },
    "2017-03-31": {
        "Diluted EPS": 0.5,
        "Total Revenue": 113,
        "Gross Profit": 112,
        "Operating Income": 40,
        "EBIT": NaN,
        "Net Income": 29
    },
    "2016-12-31": {
        "Diluted EPS": 0.53,
        "Total Revenue": 109,
        "Gross Profit": 108,
        "Operating Income": 43,
        "EBIT": NaN,
        "Net Income": 29
    },
    "2016-09-30": {
        "Diluted EPS": 0.47,
        "Total Revenue": 110,
        "Gross Profit": 109,
        "Operating Income": 40,
        "EBIT": NaN,
        "Net Income": 27
    },
    "2016-06-30": {
        "Diluted EPS": 0.44,
        "Total Revenue": 105,
        "Gross Profit": 104,
        "Operating Income": 37,
        "EBIT": NaN,
        "Net Income": 25
    },
    "2016-03-31": {
        "Diluted EPS": 0.37,
        "Total Revenue": 102,
        "Gross Profit": 101,
        "Operating Income": 30,
        "EBIT": NaN,
        "Net Income": 21
    },
    "2015-12-31": {
        "Diluted EPS": 0.46,
        "Total Revenue": 108,
        "Gross Profit": 107,
        "Operating Income": 37,
        "EBIT": NaN,
        "Net Income": 26
    },
    "2015-09-30": {
        "Diluted EPS": 0.45,
        "Total Revenue": 105,
        "Gross Profit": 104,
        "Operating Income": 37,
        "EBIT": NaN,
        "Net Income": 25
    },
    "2015-06-30": {
        "Diluted EPS": 0.38,
        "Total Revenue": 104,
        "Gross Profit": 102,
        "Operating Income": 32,
        "EBIT": NaN,
        "Net Income": 22
    },
    "2015-03-31": {
        "Diluted EPS": 0.42,
        "Total Revenue": 104,
        "Gross Profit": 103,
        "Operating Income": 35,
        "EBIT": NaN,
        "Net Income": 24
    },
    "2014-12-31": {
        "Diluted EPS": 0.34,
        "Total Revenue": 95,
        "Gross Profit": 94,
        "Operating Income": 28,
        "EBIT": NaN,
        "Net Income": 18
    },
    "2014-09-30": {
        "Diluted EPS": 0.41,
        "Total Revenue": 93,
        "Gross Profit": 92,
        "Operating Income": 31,
        "EBIT": NaN,
        "Net Income": 22
    },
    "2014-06-30": {
        "Diluted EPS": 0.4,
        "Total Revenue": 91,
        "Gross Profit": 90,
        "Operating Income": 30,
        "EBIT": NaN,
        "Net Income": 21
    },
    "2014-03-31": {
        "Diluted EPS": 0.37,
        "Total Revenue": 89,
        "Gross Profit": 88,
        "Operating Income": 29,
        "EBIT": NaN,
        "Net Income": 20
    },
    "2013-12-31": {
        "Diluted EPS": 0.37,
        "Total Revenue": 89,
        "Gross Profit": 88,
        "Operating Income": 28,
        "EBIT": NaN,
        "Net Income": 19
    },
    "2013-09-30": {
        "Diluted EPS": 0.25,
        "Total Revenue": 89,
        "Gross Profit": 88,
        "Operating Income": 20,
        "EBIT": NaN,
        "Net Income": 13
    },
    "2013-06-30": {
        "Diluted EPS": 0.28,
        "Total Revenue": 89,
        "Gross Profit": 87,
        "Operating Income": 22,
        "EBIT": NaN,
        "Net Income": 15
    },
    "2013-03-31": {
        "Diluted EPS": 0.31,
        "Total Revenue": 56,
        "Gross Profit": 55,
        "Operating Income": 17,
        "EBIT": NaN,
        "Net Income": 12
    },
    "2012-12-31": {
        "Diluted EPS": 0.34,
        "Total Revenue": 64,
        "Gross Profit": 61,
        "Operating Income": 17,
        "EBIT": NaN,
        "Net Income": 13
    },
    "2012-09-30": {
        "Diluted EPS": 0.3,
        "Total Revenue": 59,
        "Gross Profit": 56,
        "Operating Income": 17,
        "EBIT": NaN,
        "Net Income": 12
    },
    "2012-06-30": {
        "Diluted EPS": 0.3,
        "Total Revenue": 74,
        "Gross Profit": 72,
        "Operating Income": 16,
        "EBIT": NaN,
        "Net Income": 12
    },
    "2012-03-31": {
        "Diluted EPS": 0.22,
        "Total Revenue": 79,
        "Gross Profit": 77,
        "Operating Income": 12,
        "EBIT": NaN,
        "Net Income": 9
    },
    "2011-12-31": {
        "Diluted EPS": 0.36,
        "Total Revenue": 65,
        "Gross Profit": 63,
        "Operating Income": 20,
        "EBIT": NaN,
        "Net Income": 15
    },
    "2011-09-30": {
        "Diluted EPS": 0.48,
        "Total Revenue": 71,
        "Gross Profit": 67,
        "Operating Income": 26,
        "EBIT": NaN,
        "Net Income": 19
    },
    "2011-06-30": {
        "Diluted EPS": 0.22,
        "Total Revenue": 57,
        "Gross Profit": 53,
        "Operating Income": 11,
        "EBIT": NaN,
        "Net Income": 9
    },
    "2011-03-31": {
        "Diluted EPS": 0.15,
        "Total Revenue": 49,
        "Gross Profit": 45,
        "Operating Income": 8,
        "EBIT": NaN,
        "Net Income": 6
    },
    "2010-12-31": {
        "Diluted EPS": 0.31,
        "Total Revenue": 59,
        "Gross Profit": 55,
        "Operating Income": 10,
        "EBIT": NaN,
        "Net Income": 7
    },
    "2010-09-30": {
        "Diluted EPS": 0.06,
        "Total Revenue": 57,
        "Gross Profit": 52,
        "Operating Income": 9,
        "EBIT": NaN,
        "Net Income": 5
    },
    "2010-06-30": {
        "Diluted EPS": 0.11,
        "Total Revenue": 59,
        "Gross Profit": 54,
        "Operating Income": 6,
        "EBIT": NaN,
        "Net Income": 5
    },
    "2010-03-31": {
        "Diluted EPS": 0.24,
        "Total Revenue": 63,
        "Gross Profit": 57,
        "Operating Income": 8,
        "EBIT": NaN,
        "Net Income": 8
    },
    "2009-12-31": {
        "Diluted EPS": 0.08,
        "Total Revenue": 44,
        "Gross Profit": 38,
        "Operating Income": 1,
        "EBIT": NaN,
        "Net Income": -3
    },
    "2009-09-30": {
        "Diluted EPS": -0.11,
        "Total Revenue": 43,
        "Gross Profit": 36,
        "Operating Income": -3,
        "EBIT": NaN,
        "Net Income": -2
    },
    "2009-06-30": {
        "Diluted EPS": -0.37,
        "Total Revenue": 43,
        "Gross Profit": 36,
        "Operating Income": -11,
        "EBIT": NaN,
        "Net Income": -6
    },
    "2009-03-31": {
        "Diluted EPS": 0.02,
        "Total Revenue": 43,
        "Gross Profit": 35,
        "Operating Income": 1,
        "EBIT": NaN,
        "Net Income": 2
    }
}