{
    "2023-03-31": {
        "Tax Effect Of Unusual Items": 0.0,
        "Tax Rate For Calcs": 0.237,
        "Normalized EBITDA": 87010000.0,
        "Net Income From Continuing Operation Net Minority Interest": 46202000.0,
        "Reconciled Depreciation": 30583000.0,
        "Reconciled Cost Of Revenue": 421093000.0,
        "EBITDA": 87010000.0,
        "EBIT": 56427000.0,
        "Net Interest Income": 3283000.0,
        "Interest Income": 3283000.0,
        "Normalized Income": 46202000.0,
        "Net Income From Continuing And Discontinued Operation": 46202000.0,
        "Total Expenses": 764166000.0,
        "Total Operating Income As Reported": 56427000.0,
        "Diluted Average Shares": 62417000.0,
        "Basic Average Shares": 62133000.0,
        "Diluted EPS": 0.74,
        "Basic EPS": 0.74,
        "Diluted NI Availto Com Stockholders": 46202000.0,
        "Net Income Common Stockholders": 46202000.0,
        "Net Income": 46202000.0,
        "Net Income Including Noncontrolling Interests": 46202000.0,
        "Net Income Continuous Operations": 46202000.0,
        "Tax Provision": 14358000.0,
        "Pretax Income": 60560000.0,
        "Other Income Expense": 850000.0,
        "Other Non Operating Income Expenses": 850000.0,
        "Net Non Operating Interest Income Expense": 3283000.0,
        "Interest Income Non Operating": 3283000.0,
        "Operating Income": 56427000.0,
        "Operating Expense": 343073000.0,
        "Other Operating Expenses": -4325000.0,
        "Selling General And Administration": 347398000.0,
        "Gross Profit": 399500000.0,
        "Cost Of Revenue": 421093000.0,
        "Total Revenue": 820593000.0,
        "Operating Revenue": 820593000.0
    },
    "2022-12-31": {
        "Tax Effect Of Unusual Items": 0.0,
        "Tax Rate For Calcs": 0.213016,
        "Normalized EBITDA": 221834000.0,
        "Net Income From Continuing Operation Net Minority Interest": 125690000.0,
        "Reconciled Depreciation": 30830000.0,
        "Reconciled Cost Of Revenue": 579544000.0,
        "EBITDA": 221834000.0,
        "EBIT": 191004000.0,
        "Net Interest Income": 1054000.0,
        "Interest Income": 1054000.0,
        "Normalized Income": 125690000.0,
        "Net Income From Continuing And Discontinued Operation": 125690000.0,
        "Total Expenses": 978516000.0,
        "Total Operating Income As Reported": 155404000.0,
        "Diluted Average Shares": 62311000.0,
        "Basic Average Shares": 62123000.0,
        "Diluted EPS": 2.02,
        "Basic EPS": 2.02,
        "Diluted NI Availto Com Stockholders": 125690000.0,
        "Net Income Common Stockholders": 125690000.0,
        "Net Income": 125690000.0,
        "Net Income Including Noncontrolling Interests": 125690000.0,
        "Net Income Continuous Operations": 125690000.0,
        "Tax Provision": 34021000.0,
        "Pretax Income": 159711000.0,
        "Other Income Expense": -32347000.0,
        "Other Non Operating Income Expenses": 3253000.0,
        "Net Non Operating Interest Income Expense": 1054000.0,
        "Interest Income Non Operating": 1054000.0,
        "Operating Income": 191004000.0,
        "Operating Expense": 398972000.0,
        "Other Operating Expenses": -6121000.0,
        "Selling General And Administration": 405093000.0,
        "Gross Profit": 589976000.0,
        "Cost Of Revenue": 579544000.0,
        "Total Revenue": 1169520000.0,
        "Operating Revenue": 1169520000.0
    },
    "2022-09-30": {
        "Tax Effect Of Unusual Items": 0.0,
        "Tax Rate For Calcs": 0.233,
        "Normalized EBITDA": 173293000.0,
        "Total Unusual Items": NaN,
        "Total Unusual Items Excluding Goodwill": NaN,
        "Net Income From Continuing Operation Net Minority Interest": 111750000.0,
        "Reconciled Depreciation": 28032000.0,
        "Reconciled Cost Of Revenue": 496564000.0,
        "EBITDA": 173293000.0,
        "EBIT": 145261000.0,
        "Net Interest Income": 765000.0,
        "Interest Income": 765000.0,
        "Normalized Income": 111750000.0,
        "Net Income From Continuing And Discontinued Operation": 111750000.0,
        "Total Expenses": 809798000.0,
        "Total Operating Income As Reported": 145261000.0,
        "Diluted Average Shares": 62210000.0,
        "Basic Average Shares": 62098000.0,
        "Diluted EPS": 1.8,
        "Basic EPS": 1.8,
        "Diluted NI Availto Com Stockholders": 111750000.0,
        "Net Income Common Stockholders": 111750000.0,
        "Net Income": 111750000.0,
        "Net Income Including Noncontrolling Interests": 111750000.0,
        "Net Income Continuous Operations": 111750000.0,
        "Tax Provision": 34007000.0,
        "Pretax Income": 145757000.0,
        "Other Income Expense": -269000.0,
        "Other Non Operating Income Expenses": -269000.0,
        "Special Income Charges": NaN,
        "Impairment Of Capital Assets": NaN,
        "Net Non Operating Interest Income Expense": 765000.0,
        "Interest Income Non Operating": 765000.0,
        "Operating Income": 145261000.0,
        "Operating Expense": 313234000.0,
        "Other Operating Expenses": -5723000.0,
        "Selling General And Administration": 318957000.0,
        "Gross Profit": 458495000.0,
        "Cost Of Revenue": 496564000.0,
        "Total Revenue": 955059000.0,
        "Operating Revenue": 955059000.0
    },
    "2022-06-30": {
        "Tax Effect Of Unusual Items": 0.0,
        "Tax Rate For Calcs": 0.086,
        "Normalized EBITDA": 36733000.0,
        "Total Unusual Items": NaN,
        "Total Unusual Items Excluding Goodwill": NaN,
        "Net Income From Continuing Operation Net Minority Interest": 7163000.0,
        "Reconciled Depreciation": 27960000.0,
        "Reconciled Cost Of Revenue": 293903000.0,
        "EBITDA": 36733000.0,
        "EBIT": 8773000.0,
        "Net Interest Income": 499000.0,
        "Interest Income": 499000.0,
        "Normalized Income": 7163000.0,
        "Net Income From Continuing And Discontinued Operation": 7163000.0,
        "Total Expenses": 569290000.0,
        "Total Operating Income As Reported": 8773000.0,
        "Diluted Average Shares": 62695000.0,
        "Basic Average Shares": 62554000.0,
        "Diluted EPS": 0.11,
        "Basic EPS": 0.11,
        "Diluted NI Availto Com Stockholders": 7163000.0,
        "Net Income Common Stockholders": 7163000.0,
        "Net Income": 7163000.0,
        "Net Income Including Noncontrolling Interests": 7163000.0,
        "Net Income Continuous Operations": 7163000.0,
        "Tax Provision": 674000.0,
        "Pretax Income": 7837000.0,
        "Other Income Expense": -1435000.0,
        "Other Non Operating Income Expenses": -1435000.0,
        "Special Income Charges": NaN,
        "Impairment Of Capital Assets": NaN,
        "Net Non Operating Interest Income Expense": 499000.0,
        "Interest Income Non Operating": 499000.0,
        "Operating Income": 8773000.0,
        "Operating Expense": 275387000.0,
        "Other Operating Expenses": -5871000.0,
        "Selling General And Administration": 281258000.0,
        "Gross Profit": 284160000.0,
        "Cost Of Revenue": 293903000.0,
        "Total Revenue": 578063000.0,
        "Operating Revenue": 578063000.0
    },
    "2023-06-30": {
        "Tax Effect Of Unusual Items": 0.0,
        "Tax Rate For Calcs": 0.126,
        "Normalized EBITDA": 37186000.0,
        "Net Income From Continuing Operation Net Minority Interest": 8350000.0,
        "Reconciled Depreciation": 30957000.0,
        "Reconciled Cost Of Revenue": 306888000.0,
        "EBITDA": 37186000.0,
        "EBIT": 6229000.0,
        "Net Interest Income": 3506000.0,
        "Interest Income": 3506000.0,
        "Normalized Income": 8350000.0,
        "Net Income From Continuing And Discontinued Operation": 8350000.0,
        "Total Expenses": 614704000.0,
        "Total Operating Income As Reported": 6229000.0,
        "Diluted Average Shares": 61781000.0,
        "Basic Average Shares": 61655000.0,
        "Diluted EPS": 0.14,
        "Basic EPS": 0.14,
        "Diluted NI Availto Com Stockholders": 8350000.0,
        "Net Income Common Stockholders": 8350000.0,
        "Net Income": 8350000.0,
        "Net Income Including Noncontrolling Interests": 8350000.0,
        "Net Income Continuous Operations": 8350000.0,
        "Tax Provision": 1200000.0,
        "Pretax Income": 9550000.0,
        "Other Income Expense": -185000.0,
        "Other Non Operating Income Expenses": -185000.0,
        "Net Non Operating Interest Income Expense": 3506000.0,
        "Interest Income Non Operating": 3506000.0,
        "Operating Income": 6229000.0,
        "Operating Expense": 307816000.0,
        "Other Operating Expenses": -4713000.0,
        "Selling General And Administration": 312529000.0,
        "Gross Profit": 314045000.0,
        "Cost Of Revenue": 306888000.0,
        "Total Revenue": 620933000.0,
        "Operating Revenue": 620933000.0
    },
    "2022-03-31": {
        "Diluted EPS": 1.03,
        "Total Revenue": 762,
        "Gross Profit": 378,
        "Operating Income": 84,
        "EBIT": 114,
        "Net Income": 67
    },
    "2021-12-31": {
        "Diluted EPS": 2.36,
        "Total Revenue": NaN,
        "Gross Profit": 590,
        "Operating Income": 212,
        "EBIT": 243,
        "Net Income": 157
    },
    "2021-09-30": {
        "Diluted EPS": 1.52,
        "Total Revenue": 805,
        "Gross Profit": 408,
        "Operating Income": 133,
        "EBIT": 157,
        "Net Income": 101
    },
    "2021-06-30": {
        "Diluted EPS": 0.61,
        "Total Revenue": 566,
        "Gross Profit": 293,
        "Operating Income": 35,
        "EBIT": 65,
        "Net Income": 41
    },
    "2021-03-31": {
        "Diluted EPS": 0.84,
        "Total Revenue": 626,
        "Gross Profit": 321,
        "Operating Income": 70,
        "EBIT": 101,
        "Net Income": 56
    },
    "2020-12-31": {
        "Diluted EPS": 1.45,
        "Total Revenue": 916,
        "Gross Profit": 463,
        "Operating Income": 124,
        "EBIT": 168,
        "Net Income": 96
    },
    "2020-09-30": {
        "Diluted EPS": 0.94,
        "Total Revenue": 701,
        "Gross Profit": 343,
        "Operating Income": 86,
        "EBIT": 122,
        "Net Income": 63
    },
    "2020-06-30": {
        "Diluted EPS": -0.77,
        "Total Revenue": 317,
        "Gross Profit": 146,
        "Operating Income": -70,
        "EBIT": -37,
        "Net Income": -51
    },
    "2020-03-31": {
        "Diluted EPS": 0.0,
        "Total Revenue": 568,
        "Gross Profit": 272,
        "Operating Income": -2,
        "EBIT": 31,
        "Net Income": 0
    },
    "2019-12-31": {
        "Diluted EPS": 1.67,
        "Total Revenue": 955,
        "Gross Profit": 479,
        "Operating Income": 139,
        "EBIT": 172,
        "Net Income": 114
    },
    "2019-09-30": {
        "Diluted EPS": 1.75,
        "Total Revenue": 907,
        "Gross Profit": 447,
        "Operating Income": 152,
        "EBIT": 183,
        "Net Income": 119
    },
    "2019-06-30": {
        "Diluted EPS": 0.34,
        "Total Revenue": 526,
        "Gross Profit": 254,
        "Operating Income": 16,
        "EBIT": 45,
        "Net Income": 23
    },
    "2019-03-31": {
        "Diluted EPS": 1.07,
        "Total Revenue": 655,
        "Gross Profit": 337,
        "Operating Income": 88,
        "EBIT": 117,
        "Net Income": 74
    },
    "2018-12-31": {
        "Diluted EPS": 1.61,
        "Total Revenue": 918,
        "Gross Profit": 475,
        "Operating Income": 153,
        "EBIT": 167,
        "Net Income": 113
    },
    "2018-09-30": {
        "Diluted EPS": 1.42,
        "Total Revenue": 796,
        "Gross Profit": 384,
        "Operating Income": 129,
        "EBIT": 144,
        "Net Income": 100
    },
    "2018-06-30": {
        "Diluted EPS": 0.14,
        "Total Revenue": 482,
        "Gross Profit": 229,
        "Operating Income": 10,
        "EBIT": 24,
        "Net Income": 10
    },
    "2018-03-31": {
        "Diluted EPS": 0.64,
        "Total Revenue": 607,
        "Gross Profit": 299,
        "Operating Income": 59,
        "EBIT": 74,
        "Net Income": 45
    },
    "2017-12-31": {
        "Diluted EPS": -0.1,
        "Total Revenue": 776,
        "Gross Profit": 371,
        "Operating Income": 109,
        "EBIT": 125,
        "Net Income": -7
    },
    "2017-09-30": {
        "Diluted EPS": 1.25,
        "Total Revenue": 747,
        "Gross Profit": 349,
        "Operating Income": 123,
        "EBIT": 138,
        "Net Income": 88
    },
    "2017-06-30": {
        "Diluted EPS": -0.17,
        "Total Revenue": 399,
        "Gross Profit": 181,
        "Operating Income": -17,
        "EBIT": -2,
        "Net Income": -12
    },
    "2017-03-31": {
        "Diluted EPS": 0.51,
        "Total Revenue": 544,
        "Gross Profit": 258,
        "Operating Income": 48,
        "EBIT": 63,
        "Net Income": 36
    },
    "2016-12-31": {
        "Diluted EPS": 1.21,
        "Total Revenue": 717,
        "Gross Profit": 338,
        "Operating Income": 100,
        "EBIT": 116,
        "Net Income": 85
    },
    "2016-09-30": {
        "Diluted EPS": 1.18,
        "Total Revenue": 746,
        "Gross Profit": 346,
        "Operating Income": 124,
        "EBIT": 139,
        "Net Income": 84
    },
    "2016-06-30": {
        "Diluted EPS": -0.12,
        "Total Revenue": 389,
        "Gross Profit": 180,
        "Operating Income": -12,
        "EBIT": 3,
        "Net Income": -8
    },
    "2016-03-31": {
        "Diluted EPS": 0.45,
        "Total Revenue": 525,
        "Gross Profit": 247,
        "Operating Income": 44,
        "EBIT": 59,
        "Net Income": 32
    },
    "2015-12-31": {
        "Diluted EPS": 0.89,
        "Total Revenue": 699,
        "Gross Profit": 317,
        "Operating Income": 82,
        "EBIT": 97,
        "Net Income": 63
    },
    "2015-09-30": {
        "Diluted EPS": 1.28,
        "Total Revenue": 768,
        "Gross Profit": 356,
        "Operating Income": 132,
        "EBIT": 146,
        "Net Income": 91
    },
    "2015-06-30": {
        "Diluted EPS": -0.09,
        "Total Revenue": 380,
        "Gross Profit": 171,
        "Operating Income": -9,
        "EBIT": 5,
        "Net Income": -7
    },
    "2015-03-31": {
        "Diluted EPS": 0.37,
        "Total Revenue": 479,
        "Gross Profit": 229,
        "Operating Income": 44,
        "EBIT": 58,
        "Net Income": 26
    },
    "2014-12-31": {
        "Diluted EPS": 0.78,
        "Total Revenue": 677,
        "Gross Profit": 307,
        "Operating Income": 82,
        "EBIT": 97,
        "Net Income": 56
    },
    "2014-09-30": {
        "Diluted EPS": 0.93,
        "Total Revenue": 675,
        "Gross Profit": 307,
        "Operating Income": 98,
        "EBIT": 114,
        "Net Income": 66
    },
    "2014-06-30": {
        "Diluted EPS": -0.09,
        "Total Revenue": 324,
        "Gross Profit": 144,
        "Operating Income": -17,
        "EBIT": -4,
        "Net Income": -6
    },
    "2014-03-31": {
        "Diluted EPS": 0.32,
        "Total Revenue": 424,
        "Gross Profit": 197,
        "Operating Income": 35,
        "EBIT": 46,
        "Net Income": 22
    },
    "2013-12-31": {
        "Diluted EPS": 0.53,
        "Total Revenue": 533,
        "Gross Profit": 238,
        "Operating Income": 52,
        "EBIT": 63,
        "Net Income": 37
    },
    "2013-09-30": {
        "Diluted EPS": 0.79,
        "Total Revenue": 523,
        "Gross Profit": 232,
        "Operating Income": 77,
        "EBIT": 87,
        "Net Income": 55
    },
    "2013-06-30": {
        "Diluted EPS": -0.11,
        "Total Revenue": 280,
        "Gross Profit": 120,
        "Operating Income": -10,
        "EBIT": 0,
        "Net Income": -7
    },
    "2013-03-31": {
        "Diluted EPS": 0.15,
        "Total Revenue": 348,
        "Gross Profit": 153,
        "Operating Income": 13,
        "EBIT": 23,
        "Net Income": 10
    },
    "2012-12-31": {
        "Diluted EPS": 0.58,
        "Total Revenue": 501,
        "Gross Profit": 207,
        "Operating Income": 51,
        "EBIT": 61,
        "Net Income": 39
    },
    "2012-09-30": {
        "Diluted EPS": 0.94,
        "Total Revenue": 545,
        "Gross Profit": 244,
        "Operating Income": 88,
        "EBIT": 98,
        "Net Income": 64
    },
    "2012-06-30": {
        "Diluted EPS": -0.12,
        "Total Revenue": 290,
        "Gross Profit": 118,
        "Operating Income": -11,
        "EBIT": -1,
        "Net Income": -8
    },
    "2012-03-31": {
        "Diluted EPS": 0.06,
        "Total Revenue": 333,
        "Gross Profit": 148,
        "Operating Income": 5,
        "EBIT": 16,
        "Net Income": 4
    },
    "2011-12-31": {
        "Diluted EPS": 0.54,
        "Total Revenue": 526,
        "Gross Profit": 224,
        "Operating Income": 51,
        "EBIT": 62,
        "Net Income": 37
    },
    "2011-09-30": {
        "Diluted EPS": 0.99,
        "Total Revenue": 567,
        "Gross Profit": 250,
        "Operating Income": 87,
        "EBIT": 98,
        "Net Income": 68
    },
    "2011-06-30": {
        "Diluted EPS": -0.2,
        "Total Revenue": 268,
        "Gross Profit": 112,
        "Operating Income": -19,
        "EBIT": -8,
        "Net Income": -14
    },
    "2011-03-31": {
        "Diluted EPS": 0.19,
        "Total Revenue": 333,
        "Gross Profit": 150,
        "Operating Income": 18,
        "EBIT": 28,
        "Net Income": 13
    },
    "2010-12-31": {
        "Diluted EPS": 0.39,
        "Total Revenue": 457,
        "Gross Profit": 191,
        "Operating Income": 37,
        "EBIT": 48,
        "Net Income": 26
    },
    "2010-09-30": {
        "Diluted EPS": 0.77,
        "Total Revenue": 504,
        "Gross Profit": 214,
        "Operating Income": 69,
        "EBIT": 78,
        "Net Income": 52
    },
    "2010-06-30": {
        "Diluted EPS": -0.16,
        "Total Revenue": 222,
        "Gross Profit": 97,
        "Operating Income": -15,
        "EBIT": -5,
        "Net Income": -11
    },
    "2010-03-31": {
        "Diluted EPS": 0.14,
        "Total Revenue": 300,
        "Gross Profit": 127,
        "Operating Income": 12,
        "EBIT": 22,
        "Net Income": 9
    },
    "2009-12-31": {
        "Diluted EPS": 0.34,
        "Total Revenue": 358,
        "Gross Profit": 151,
        "Operating Income": 28,
        "EBIT": 38,
        "Net Income": 23
    },
    "2009-09-30": {
        "Diluted EPS": 0.69,
        "Total Revenue": 434,
        "Gross Profit": 189,
        "Operating Income": 66,
        "EBIT": 75,
        "Net Income": 47
    },
    "2009-06-30": {
        "Diluted EPS": -0.15,
        "Total Revenue": 179,
        "Gross Profit": 74,
        "Operating Income": -16,
        "EBIT": -7,
        "Net Income": -10
    },
    "2009-03-31": {
        "Diluted EPS": 0.1,
        "Total Revenue": 272,
        "Gross Profit": 110,
        "Operating Income": 10,
        "EBIT": 19,
        "Net Income": 7
    },
    "2023-09-30": {
        "Tax Effect Of Unusual Items": 0.0,
        "Tax Rate For Calcs": 0.24,
        "Normalized EBITDA": 166379000.0,
        "Net Income From Continuing Operation Net Minority Interest": 103508000.0,
        "Reconciled Depreciation": 31825000.0,
        "Reconciled Cost Of Revenue": 505486000.0,
        "EBITDA": 166379000.0,
        "EBIT": 134554000.0,
        "Net Interest Income": 1870000.0,
        "Interest Income": 1870000.0,
        "Normalized Income": 103508000.0,
        "Net Income From Continuing And Discontinued Operation": 103508000.0,
        "Total Expenses": 851129000.0,
        "Total Operating Income As Reported": 134554000.0,
        "Diluted Average Shares": 60932000.0,
        "Basic Average Shares": 60844000.0,
        "Diluted EPS": 1.7,
        "Basic EPS": 1.7,
        "Diluted NI Availto Com Stockholders": 103508000.0,
        "Net Income Common Stockholders": 103508000.0,
        "Net Income": 103508000.0,
        "Net Income Including Noncontrolling Interests": 103508000.0,
        "Net Income Continuous Operations": 103508000.0,
        "Tax Provision": 32605000.0,
        "Pretax Income": 136113000.0,
        "Other Income Expense": -311000.0,
        "Other Non Operating Income Expenses": -311000.0,
        "Net Non Operating Interest Income Expense": 1870000.0,
        "Interest Income Non Operating": 1870000.0,
        "Operating Income": 134554000.0,
        "Operating Expense": 345643000.0,
        "Other Operating Expenses": -5920000.0,
        "Selling General And Administration": 351563000.0,
        "Gross Profit": 480197000.0,
        "Cost Of Revenue": 505486000.0,
        "Total Revenue": 985683000.0,
        "Operating Revenue": 985683000.0
    }
}