{
    "2023-03-31": {
        "Tax Effect Of Unusual Items": 0.0,
        "Tax Rate For Calcs": 0.0,
        "Normalized EBITDA": 228225.0,
        "Total Unusual Items": -506139.0,
        "Total Unusual Items Excluding Goodwill": -506139.0,
        "Net Income From Continuing Operation Net Minority Interest": -784053.0,
        "EBITDA": -277914.0,
        "EBIT": -277914.0,
        "Net Interest Income": 0.0,
        "Interest Income": 0.0,
        "Normalized Income": -277914.0,
        "Net Income From Continuing And Discontinued Operation": -784053.0,
        "Total Expenses": 277914.0,
        "Total Operating Income As Reported": -277914.0,
        "Diluted Average Shares": 27098384.0,
        "Basic Average Shares": 27098384.0,
        "Diluted EPS": -0.03,
        "Basic EPS": -0.03,
        "Diluted NI Availto Com Stockholders": -784053.0,
        "Net Income Common Stockholders": -784053.0,
        "Net Income": -784053.0,
        "Net Income Including Noncontrolling Interests": -784053.0,
        "Net Income Continuous Operations": -784053.0,
        "Tax Provision": 0.0,
        "Pretax Income": -784053.0,
        "Other Income Expense": -506139.0,
        "Gain On Sale Of Security": -506139.0,
        "Net Non Operating Interest Income Expense": 0.0,
        "Interest Income Non Operating": 0.0,
        "Operating Income": -277914.0,
        "Operating Expense": 277914.0,
        "Selling General And Administration": 277914.0,
        "General And Administrative Expense": 277914.0,
        "Other Gand A": 277914.0,
        "Total Revenue": 0.0,
        "Operating Revenue": 0.0
    },
    "2022-12-31": {
        "Tax Effect Of Unusual Items": -442856.82,
        "Tax Rate For Calcs": 0.21,
        "Normalized EBITDA": 1773306.0,
        "Total Unusual Items": -2108842.0,
        "Total Unusual Items Excluding Goodwill": -2108842.0,
        "Net Income From Continuing Operation Net Minority Interest": -926466.0,
        "EBITDA": -335536.0,
        "EBIT": -335536.0,
        "Net Interest Income": 2005170.0,
        "Interest Income": 2005170.0,
        "Normalized Income": 739519.18,
        "Net Income From Continuing And Discontinued Operation": -926466.0,
        "Total Expenses": 335536.0,
        "Total Operating Income As Reported": -335536.0,
        "Diluted Average Shares": 27128384.0,
        "Basic Average Shares": 27128384.0,
        "Diluted EPS": 0.02,
        "Basic EPS": 0.02,
        "Diluted NI Availto Com Stockholders": -926466.0,
        "Net Income Common Stockholders": -926466.0,
        "Net Income": -926466.0,
        "Net Income Including Noncontrolling Interests": -926466.0,
        "Net Income Continuous Operations": -926466.0,
        "Tax Provision": 487258.0,
        "Pretax Income": -439208.0,
        "Other Income Expense": -2108842.0,
        "Gain On Sale Of Security": -2108842.0,
        "Net Non Operating Interest Income Expense": 2005170.0,
        "Interest Income Non Operating": 2005170.0,
        "Operating Income": -335536.0,
        "Operating Expense": 335536.0,
        "Selling General And Administration": 335536.0,
        "General And Administrative Expense": 335536.0,
        "Other Gand A": 335536.0,
        "Total Revenue": 0.0,
        "Operating Revenue": 0.0
    },
    "2022-09-30": {
        "Tax Effect Of Unusual Items": 322515.271081,
        "Tax Rate For Calcs": 0.125978,
        "Normalized EBITDA": -2798172.0,
        "Total Unusual Items": 2560092.0,
        "Total Unusual Items Excluding Goodwill": 2560092.0,
        "Net Income From Continuing Operation Net Minority Interest": 4126021.0,
        "EBITDA": -238080.0,
        "EBIT": -238080.0,
        "Net Interest Income": 2398717.0,
        "Interest Income": 2398717.0,
        "Normalized Income": 1888444.271081,
        "Net Income From Continuing And Discontinued Operation": 4126021.0,
        "Total Expenses": 238080.0,
        "Total Operating Income As Reported": -238080.0,
        "Diluted Average Shares": 93780000.0,
        "Basic Average Shares": 93780000.0,
        "Diluted EPS": 0.04,
        "Basic EPS": 0.04,
        "Diluted NI Availto Com Stockholders": 4126021.0,
        "Net Income Common Stockholders": 4126021.0,
        "Net Income": 4126021.0,
        "Net Income Including Noncontrolling Interests": 4126021.0,
        "Net Income Continuous Operations": 4126021.0,
        "Tax Provision": 594708.0,
        "Pretax Income": 4720729.0,
        "Other Income Expense": 2560092.0,
        "Gain On Sale Of Security": 2560092.0,
        "Net Non Operating Interest Income Expense": 2398717.0,
        "Interest Income Non Operating": 2398717.0,
        "Operating Income": -238080.0,
        "Operating Expense": 238080.0,
        "Selling General And Administration": 238080.0,
        "General And Administrative Expense": 238080.0,
        "Other Gand A": 238080.0,
        "Total Revenue": 0.0,
        "Operating Revenue": 0.0
    },
    "2022-06-30": {
        "Tax Effect Of Unusual Items": 110455.408218,
        "Tax Rate For Calcs": 0.013855,
        "Normalized EBITDA": -8075956.0,
        "Total Unusual Items": 7972083.0,
        "Total Unusual Items Excluding Goodwill": 7972083.0,
        "Net Income From Continuing Operation Net Minority Interest": 8267223.0,
        "EBITDA": -103873.0,
        "EBIT": -103873.0,
        "Net Interest Income": 515167.0,
        "Interest Income": 515167.0,
        "Normalized Income": 405595.408218,
        "Net Income From Continuing And Discontinued Operation": 8267223.0,
        "Total Expenses": 103873.0,
        "Total Operating Income As Reported": -103873.0,
        "Diluted Average Shares": 93780000.0,
        "Basic Average Shares": 93780000.0,
        "Diluted EPS": 0.09,
        "Basic EPS": 0.09,
        "Diluted NI Availto Com Stockholders": 8267223.0,
        "Net Income Common Stockholders": 8267223.0,
        "Net Income": 8267223.0,
        "Net Income Including Noncontrolling Interests": 8267223.0,
        "Net Income Continuous Operations": 8267223.0,
        "Tax Provision": 116154.0,
        "Pretax Income": 8383377.0,
        "Other Income Expense": 7972083.0,
        "Gain On Sale Of Security": 7972083.0,
        "Net Non Operating Interest Income Expense": 515167.0,
        "Interest Income Non Operating": 515167.0,
        "Operating Income": -103873.0,
        "Operating Expense": 103873.0,
        "Selling General And Administration": 103873.0,
        "General And Administrative Expense": 103873.0,
        "Other Gand A": 103873.0,
        "Total Revenue": 0.0,
        "Operating Revenue": 0.0
    },
    "2022-03-31": {
        "Diluted EPS": 0.14,
        "Total Revenue": NaN,
        "Gross Profit": NaN,
        "Operating Income": 0,
        "EBIT": 0,
        "Net Income": 13
    },
    "2021-12-31": {
        "Diluted EPS": 0.26,
        "Total Revenue": NaN,
        "Gross Profit": NaN,
        "Operating Income": 0,
        "EBIT": 0,
        "Net Income": 9
    },
    "2021-09-30": {
        "Diluted EPS": 0.06,
        "Total Revenue": NaN,
        "Gross Profit": NaN,
        "Operating Income": 0,
        "EBIT": 0,
        "Net Income": 6
    },
    "2021-06-30": {
        "Diluted EPS": -0.2,
        "Total Revenue": NaN,
        "Gross Profit": NaN,
        "Operating Income": 0,
        "EBIT": 0,
        "Net Income": -4
    },
    "2021-03-31": {
        "Diluted EPS": 0.09,
        "Total Revenue": NaN,
        "Gross Profit": NaN,
        "Operating Income": 0,
        "EBIT": 0,
        "Net Income": 9
    },
    "2020-12-31": {
        "Diluted EPS": 0.0,
        "Total Revenue": NaN,
        "Gross Profit": NaN,
        "Operating Income": NaN,
        "EBIT": NaN,
        "Net Income": NaN
    },
    "2020-09-30": {
        "Diluted EPS": 0.0,
        "Total Revenue": NaN,
        "Gross Profit": NaN,
        "Operating Income": NaN,
        "EBIT": NaN,
        "Net Income": NaN
    },
    "2023-06-30": {
        "Tax Effect Of Unusual Items": 0.0,
        "Tax Rate For Calcs": 0.0,
        "Normalized EBITDA": 241010.0,
        "Total Unusual Items": -580608.0,
        "Total Unusual Items Excluding Goodwill": -580608.0,
        "Net Income From Continuing Operation Net Minority Interest": -920206.0,
        "EBITDA": -339598.0,
        "EBIT": -339598.0,
        "Net Interest Income": 0.0,
        "Interest Income": 0.0,
        "Normalized Income": -339598.0,
        "Net Income From Continuing And Discontinued Operation": -920206.0,
        "Total Expenses": 339598.0,
        "Total Operating Income As Reported": -339598.0,
        "Diluted Average Shares": 25651999.0,
        "Basic Average Shares": 25651999.0,
        "Diluted EPS": -0.04,
        "Basic EPS": -0.04,
        "Diluted NI Availto Com Stockholders": -920206.0,
        "Net Income Common Stockholders": -920206.0,
        "Net Income": -920206.0,
        "Net Income Including Noncontrolling Interests": -920206.0,
        "Net Income Continuous Operations": -920206.0,
        "Tax Provision": 0.0,
        "Pretax Income": -920206.0,
        "Other Income Expense": -580608.0,
        "Gain On Sale Of Security": -580608.0,
        "Net Non Operating Interest Income Expense": 0.0,
        "Interest Income Non Operating": 0.0,
        "Operating Income": -339598.0,
        "Operating Expense": 339598.0,
        "Selling General And Administration": 339598.0,
        "General And Administrative Expense": 339598.0,
        "Other Gand A": 339598.0,
        "Total Revenue": 0.0,
        "Operating Revenue": 0.0
    },
    "2023-09-30": {
        "Tax Effect Of Unusual Items": 0.0,
        "Tax Rate For Calcs": 0.0,
        "Normalized EBITDA": -1710175.0,
        "Total Unusual Items": 1504166.0,
        "Total Unusual Items Excluding Goodwill": 1504166.0,
        "Net Income From Continuing Operation Net Minority Interest": 1298157.0,
        "EBITDA": -206009.0,
        "EBIT": -206009.0,
        "Net Interest Income": 0.0,
        "Interest Income": 0.0,
        "Normalized Income": -206009.0,
        "Net Income From Continuing And Discontinued Operation": 1298157.0,
        "Total Expenses": 206009.0,
        "Total Operating Income As Reported": -206009.0,
        "Diluted Average Shares": 21478262.0,
        "Basic Average Shares": 21478262.0,
        "Diluted EPS": 0.06,
        "Basic EPS": 0.06,
        "Diluted NI Availto Com Stockholders": 1298157.0,
        "Net Income Common Stockholders": 1298157.0,
        "Net Income": 1298157.0,
        "Net Income Including Noncontrolling Interests": 1298157.0,
        "Net Income Continuous Operations": 1298157.0,
        "Tax Provision": 0.0,
        "Pretax Income": 1298157.0,
        "Other Income Expense": 1504166.0,
        "Gain On Sale Of Security": 1504166.0,
        "Net Non Operating Interest Income Expense": 0.0,
        "Interest Income Non Operating": 0.0,
        "Operating Income": -206009.0,
        "Operating Expense": 206009.0,
        "Selling General And Administration": 206009.0,
        "General And Administrative Expense": 206009.0,
        "Other Gand A": 206009.0,
        "Total Revenue": 0.0,
        "Operating Revenue": 0.0
    }
}