{
    "2023-03-31": {
        "Tax Effect Of Unusual Items": -219030.0,
        "Tax Rate For Calcs": 0.21,
        "Normalized EBITDA": 12560000.0,
        "Total Unusual Items": -1043000.0,
        "Total Unusual Items Excluding Goodwill": -1043000.0,
        "Net Income From Continuing Operation Net Minority Interest": -10930000.0,
        "Reconciled Depreciation": 14202000.0,
        "Reconciled Cost Of Revenue": 92425000.0,
        "EBITDA": 11517000.0,
        "EBIT": -2685000.0,
        "Net Interest Income": -8081000.0,
        "Interest Expense": 8081000.0,
        "Normalized Income": -10106030.0,
        "Net Income From Continuing And Discontinued Operation": -10930000.0,
        "Total Expenses": 155381000.0,
        "Total Operating Income As Reported": -3263000.0,
        "Diluted Average Shares": 122699114.0,
        "Basic Average Shares": 122699114.0,
        "Diluted EPS": -0.09,
        "Basic EPS": -0.09,
        "Diluted NI Availto Com Stockholders": -10930000.0,
        "Net Income Common Stockholders": -10930000.0,
        "Net Income": -10930000.0,
        "Net Income Including Noncontrolling Interests": -10930000.0,
        "Net Income Continuous Operations": -10930000.0,
        "Tax Provision": 164000.0,
        "Pretax Income": -10766000.0,
        "Other Income Expense": -465000.0,
        "Other Non Operating Income Expenses": 578000.0,
        "Special Income Charges": -1043000.0,
        "Impairment Of Capital Assets": NaN,
        "Restructuring And Mergern Acquisition": 1043000.0,
        "Net Non Operating Interest Income Expense": -8081000.0,
        "Interest Expense Non Operating": 8081000.0,
        "Operating Income": -2220000.0,
        "Operating Expense": 57643000.0,
        "Depreciation Amortization Depletion Income Statement": 8889000.0,
        "Depreciation And Amortization In Income Statement": 8889000.0,
        "Amortization": 8889000.0,
        "Amortization Of Intangibles Income Statement": 8889000.0,
        "Selling General And Administration": 48754000.0,
        "Selling And Marketing Expense": 22075000.0,
        "General And Administrative Expense": 26679000.0,
        "Other Gand A": 26679000.0,
        "Gross Profit": 55423000.0,
        "Cost Of Revenue": 97738000.0,
        "Total Revenue": 153161000.0,
        "Operating Revenue": 153161000.0
    },
    "2022-12-31": {
        "Tax Effect Of Unusual Items": NaN,
        "Tax Rate For Calcs": NaN,
        "Normalized EBITDA": NaN,
        "Total Unusual Items": NaN,
        "Total Unusual Items Excluding Goodwill": NaN,
        "Net Income From Continuing Operation Net Minority Interest": NaN,
        "Reconciled Depreciation": NaN,
        "Reconciled Cost Of Revenue": NaN,
        "EBITDA": NaN,
        "EBIT": NaN,
        "Net Interest Income": NaN,
        "Interest Expense": NaN,
        "Normalized Income": NaN,
        "Net Income From Continuing And Discontinued Operation": NaN,
        "Total Expenses": NaN,
        "Total Operating Income As Reported": NaN,
        "Diluted Average Shares": NaN,
        "Basic Average Shares": NaN,
        "Diluted EPS": NaN,
        "Basic EPS": NaN,
        "Diluted NI Availto Com Stockholders": NaN,
        "Net Income Common Stockholders": NaN,
        "Net Income": NaN,
        "Net Income Including Noncontrolling Interests": NaN,
        "Net Income Continuous Operations": NaN,
        "Tax Provision": NaN,
        "Pretax Income": NaN,
        "Other Income Expense": NaN,
        "Other Non Operating Income Expenses": NaN,
        "Special Income Charges": NaN,
        "Impairment Of Capital Assets": 0.0,
        "Restructuring And Mergern Acquisition": NaN,
        "Net Non Operating Interest Income Expense": NaN,
        "Interest Expense Non Operating": NaN,
        "Operating Income": NaN,
        "Operating Expense": NaN,
        "Depreciation Amortization Depletion Income Statement": NaN,
        "Depreciation And Amortization In Income Statement": NaN,
        "Amortization": NaN,
        "Amortization Of Intangibles Income Statement": NaN,
        "Selling General And Administration": NaN,
        "Selling And Marketing Expense": NaN,
        "General And Administrative Expense": NaN,
        "Other Gand A": NaN,
        "Gross Profit": NaN,
        "Cost Of Revenue": NaN,
        "Total Revenue": NaN,
        "Operating Revenue": NaN
    },
    "2022-09-30": {
        "Tax Effect Of Unusual Items": NaN,
        "Tax Rate For Calcs": NaN,
        "Normalized EBITDA": NaN,
        "Total Unusual Items": NaN,
        "Total Unusual Items Excluding Goodwill": NaN,
        "Net Income From Continuing Operation Net Minority Interest": NaN,
        "Reconciled Depreciation": NaN,
        "Reconciled Cost Of Revenue": NaN,
        "EBITDA": NaN,
        "EBIT": NaN,
        "Net Interest Income": NaN,
        "Interest Expense": NaN,
        "Normalized Income": NaN,
        "Net Income From Continuing And Discontinued Operation": NaN,
        "Total Expenses": NaN,
        "Total Operating Income As Reported": NaN,
        "Diluted Average Shares": NaN,
        "Basic Average Shares": NaN,
        "Diluted EPS": NaN,
        "Basic EPS": NaN,
        "Diluted NI Availto Com Stockholders": NaN,
        "Net Income Common Stockholders": NaN,
        "Net Income": NaN,
        "Net Income Including Noncontrolling Interests": NaN,
        "Net Income Continuous Operations": NaN,
        "Tax Provision": NaN,
        "Pretax Income": NaN,
        "Other Income Expense": NaN,
        "Other Non Operating Income Expenses": NaN,
        "Special Income Charges": NaN,
        "Impairment Of Capital Assets": 110837000.0,
        "Restructuring And Mergern Acquisition": NaN,
        "Net Non Operating Interest Income Expense": NaN,
        "Interest Expense Non Operating": NaN,
        "Operating Income": NaN,
        "Operating Expense": NaN,
        "Depreciation Amortization Depletion Income Statement": NaN,
        "Depreciation And Amortization In Income Statement": NaN,
        "Amortization": NaN,
        "Amortization Of Intangibles Income Statement": NaN,
        "Selling General And Administration": NaN,
        "Selling And Marketing Expense": NaN,
        "General And Administrative Expense": NaN,
        "Other Gand A": NaN,
        "Gross Profit": NaN,
        "Cost Of Revenue": NaN,
        "Total Revenue": NaN,
        "Operating Revenue": NaN
    },
    "2022-06-30": {
        "Tax Effect Of Unusual Items": -44696000.0,
        "Tax Rate For Calcs": 0.4,
        "Normalized EBITDA": -4541000.0,
        "Total Unusual Items": -111740000.0,
        "Total Unusual Items Excluding Goodwill": -111740000.0,
        "Net Income From Continuing Operation Net Minority Interest": -132279000.0,
        "Reconciled Depreciation": 8888000.0,
        "Reconciled Cost Of Revenue": 126764000.0,
        "EBITDA": -116281000.0,
        "EBIT": -125169000.0,
        "Net Interest Income": -7064000.0,
        "Interest Expense": 7064000.0,
        "Normalized Income": -65235000.0,
        "Net Income From Continuing And Discontinued Operation": -132279000.0,
        "Total Expenses": 208349000.0,
        "Total Operating Income As Reported": -119819000.0,
        "Diluted Average Shares": 118211168.0,
        "Basic Average Shares": 118211168.0,
        "Diluted EPS": -1.13,
        "Basic EPS": -1.13,
        "Diluted NI Availto Com Stockholders": -132279000.0,
        "Net Income Common Stockholders": -132279000.0,
        "Net Income": -132279000.0,
        "Net Income Including Noncontrolling Interests": -132279000.0,
        "Net Income Continuous Operations": -132279000.0,
        "Tax Provision": 46000.0,
        "Pretax Income": -132233000.0,
        "Other Income Expense": -117090000.0,
        "Other Non Operating Income Expenses": -5350000.0,
        "Special Income Charges": -111740000.0,
        "Impairment Of Capital Assets": 111485000.0,
        "Restructuring And Mergern Acquisition": 255000.0,
        "Net Non Operating Interest Income Expense": -7064000.0,
        "Interest Expense Non Operating": 7064000.0,
        "Operating Income": -8079000.0,
        "Operating Expense": 81585000.0,
        "Depreciation Amortization Depletion Income Statement": 8888000.0,
        "Depreciation And Amortization In Income Statement": 8888000.0,
        "Amortization": 8888000.0,
        "Amortization Of Intangibles Income Statement": 8888000.0,
        "Selling General And Administration": 72697000.0,
        "Selling And Marketing Expense": 43811000.0,
        "General And Administrative Expense": 28886000.0,
        "Other Gand A": 28886000.0,
        "Gross Profit": 73506000.0,
        "Cost Of Revenue": 126764000.0,
        "Total Revenue": 200270000.0,
        "Operating Revenue": 200270000.0
    },
    "2022-03-31": {
        "Diluted EPS": -0.08,
        "Total Revenue": 224,
        "Gross Profit": 83,
        "Operating Income": -4,
        "EBIT": 10,
        "Net Income": -9
    },
    "2021-12-31": {
        "Diluted EPS": -0.35,
        "Total Revenue": 175,
        "Gross Profit": 63,
        "Operating Income": -30,
        "EBIT": -16,
        "Net Income": -37
    },
    "2021-09-30": {
        "Diluted EPS": -0.78,
        "Total Revenue": 162,
        "Gross Profit": 54,
        "Operating Income": -82,
        "EBIT": -68,
        "Net Income": -89
    },
    "2021-06-30": {
        "Diluted EPS": -0.05,
        "Total Revenue": 213,
        "Gross Profit": 83,
        "Operating Income": 3,
        "EBIT": 14,
        "Net Income": -5
    },
    "2021-03-31": {
        "Diluted EPS": 0.36,
        "Total Revenue": 236,
        "Gross Profit": 101,
        "Operating Income": 48,
        "EBIT": 59,
        "Net Income": 39
    },
    "2020-12-31": {
        "Diluted EPS": -0.02,
        "Total Revenue": 134,
        "Gross Profit": 51,
        "Operating Income": -2,
        "EBIT": 10,
        "Net Income": -4
    },
    "2020-09-30": {
        "Diluted EPS": 0.07,
        "Total Revenue": 145,
        "Gross Profit": 66,
        "Operating Income": 14,
        "EBIT": 25,
        "Net Income": 8
    },
    "2020-06-30": {
        "Diluted EPS": 0.17,
        "Total Revenue": 153,
        "Gross Profit": 67,
        "Operating Income": 28,
        "EBIT": 39,
        "Net Income": 19
    },
    "2020-03-31": {
        "Diluted EPS": 0.07,
        "Total Revenue": 114,
        "Gross Profit": 52,
        "Operating Income": 18,
        "EBIT": 28,
        "Net Income": 8
    },
    "2019-12-31": {
        "Diluted EPS": 0.0,
        "Total Revenue": NaN,
        "Gross Profit": NaN,
        "Operating Income": NaN,
        "EBIT": NaN,
        "Net Income": NaN
    },
    "2023-06-30": {
        "Tax Effect Of Unusual Items": NaN,
        "Tax Rate For Calcs": NaN,
        "Normalized EBITDA": NaN,
        "Total Unusual Items": NaN,
        "Total Unusual Items Excluding Goodwill": NaN,
        "Net Income From Continuing Operation Net Minority Interest": NaN,
        "Reconciled Depreciation": NaN,
        "Reconciled Cost Of Revenue": NaN,
        "EBITDA": NaN,
        "EBIT": NaN,
        "Net Interest Income": NaN,
        "Interest Expense": NaN,
        "Normalized Income": NaN,
        "Net Income From Continuing And Discontinued Operation": NaN,
        "Total Expenses": NaN,
        "Total Operating Income As Reported": NaN,
        "Diluted Average Shares": NaN,
        "Basic Average Shares": NaN,
        "Diluted EPS": NaN,
        "Basic EPS": NaN,
        "Diluted NI Availto Com Stockholders": NaN,
        "Net Income Common Stockholders": NaN,
        "Net Income": NaN,
        "Net Income Including Noncontrolling Interests": NaN,
        "Net Income Continuous Operations": NaN,
        "Tax Provision": NaN,
        "Pretax Income": NaN,
        "Other Income Expense": NaN,
        "Other Non Operating Income Expenses": NaN,
        "Special Income Charges": NaN,
        "Impairment Of Capital Assets": 0.0,
        "Restructuring And Mergern Acquisition": NaN,
        "Net Non Operating Interest Income Expense": NaN,
        "Interest Expense Non Operating": NaN,
        "Operating Income": NaN,
        "Operating Expense": NaN,
        "Depreciation Amortization Depletion Income Statement": NaN,
        "Depreciation And Amortization In Income Statement": NaN,
        "Amortization": NaN,
        "Amortization Of Intangibles Income Statement": NaN,
        "Selling General And Administration": NaN,
        "Selling And Marketing Expense": NaN,
        "General And Administrative Expense": NaN,
        "Other Gand A": NaN,
        "Gross Profit": NaN,
        "Cost Of Revenue": NaN,
        "Total Revenue": NaN,
        "Operating Revenue": NaN
    },
    "2023-09-30": {
        "Tax Effect Of Unusual Items": 435750.0,
        "Tax Rate For Calcs": 0.21,
        "Normalized EBITDA": 1471000.0,
        "Total Unusual Items": 2075000.0,
        "Total Unusual Items Excluding Goodwill": 2075000.0,
        "Net Income From Continuing Operation Net Minority Interest": -19261000.0,
        "Reconciled Depreciation": 14438000.0,
        "Reconciled Cost Of Revenue": 67515000.0,
        "EBITDA": 3546000.0,
        "EBIT": -10892000.0,
        "Net Interest Income": -7517000.0,
        "Interest Expense": 7517000.0,
        "Normalized Income": -20900250.0,
        "Net Income From Continuing And Discontinued Operation": -19261000.0,
        "Total Expenses": 132689000.0,
        "Total Operating Income As Reported": -12884000.0,
        "Diluted Average Shares": 124053643.0,
        "Basic Average Shares": 124053643.0,
        "Diluted EPS": -0.16,
        "Basic EPS": -0.16,
        "Diluted NI Availto Com Stockholders": -19261000.0,
        "Net Income Common Stockholders": -19261000.0,
        "Net Income": -19261000.0,
        "Net Income Including Noncontrolling Interests": -19261000.0,
        "Net Income Continuous Operations": -19261000.0,
        "Tax Provision": 852000.0,
        "Pretax Income": -18409000.0,
        "Other Income Expense": 4067000.0,
        "Other Non Operating Income Expenses": 1992000.0,
        "Special Income Charges": 2075000.0,
        "Impairment Of Capital Assets": 0.0,
        "Restructuring And Mergern Acquisition": -2075000.0,
        "Net Non Operating Interest Income Expense": -7517000.0,
        "Interest Expense Non Operating": 7517000.0,
        "Operating Income": -14959000.0,
        "Operating Expense": 59625000.0,
        "Depreciation Amortization Depletion Income Statement": 8889000.0,
        "Depreciation And Amortization In Income Statement": 8889000.0,
        "Amortization": 8889000.0,
        "Amortization Of Intangibles Income Statement": 8889000.0,
        "Selling General And Administration": 50736000.0,
        "Selling And Marketing Expense": 25913000.0,
        "General And Administrative Expense": 24823000.0,
        "Other Gand A": 24823000.0,
        "Gross Profit": 44666000.0,
        "Cost Of Revenue": 73064000.0,
        "Total Revenue": 117730000.0,
        "Operating Revenue": 117730000.0
    },
    "2023-12-31": {
        "Tax Effect Of Unusual Items": -879900.0,
        "Tax Rate For Calcs": 0.21,
        "Normalized EBITDA": 3286000.0,
        "Total Unusual Items": -4190000.0,
        "Total Unusual Items Excluding Goodwill": -4190000.0,
        "Net Income From Continuing Operation Net Minority Interest": -24045000.0,
        "Reconciled Depreciation": 14503000.0,
        "Reconciled Cost Of Revenue": 97727000.0,
        "EBITDA": -904000.0,
        "EBIT": -15407000.0,
        "Net Interest Income": -7867000.0,
        "Interest Expense": 7867000.0,
        "Normalized Income": -20734900.0,
        "Net Income From Continuing And Discontinued Operation": -24045000.0,
        "Total Expenses": 170981000.0,
        "Total Operating Income As Reported": -11692000.0,
        "Diluted Average Shares": 125094571.0,
        "Basic Average Shares": 125094571.0,
        "Diluted EPS": -0.19,
        "Basic EPS": -0.19,
        "Diluted NI Availto Com Stockholders": -24045000.0,
        "Net Income Common Stockholders": -24045000.0,
        "Net Income": -24045000.0,
        "Net Income Including Noncontrolling Interests": -24045000.0,
        "Net Income Continuous Operations": -24045000.0,
        "Tax Provision": 771000.0,
        "Pretax Income": -23274000.0,
        "Other Income Expense": -7905000.0,
        "Other Non Operating Income Expenses": -3715000.0,
        "Special Income Charges": -4190000.0,
        "Impairment Of Capital Assets": 0.0,
        "Restructuring And Mergern Acquisition": 4190000.0,
        "Net Non Operating Interest Income Expense": -7867000.0,
        "Interest Expense Non Operating": 7867000.0,
        "Operating Income": -7502000.0,
        "Operating Expense": 67639000.0,
        "Depreciation Amortization Depletion Income Statement": 8888000.0,
        "Depreciation And Amortization In Income Statement": 8888000.0,
        "Amortization": 8888000.0,
        "Amortization Of Intangibles Income Statement": 8888000.0,
        "Selling General And Administration": 58751000.0,
        "Selling And Marketing Expense": 32824000.0,
        "General And Administrative Expense": 25927000.0,
        "Other Gand A": 25927000.0,
        "Gross Profit": 60137000.0,
        "Cost Of Revenue": 103342000.0,
        "Total Revenue": 163479000.0,
        "Operating Revenue": 163479000.0
    },
    "2024-03-31": {
        "Tax Effect Of Unusual Items": 0.0,
        "Tax Rate For Calcs": 0.21,
        "Normalized EBITDA": 17851000.0,
        "Total Unusual Items": 0.0,
        "Total Unusual Items Excluding Goodwill": 0.0,
        "Net Income From Continuing Operation Net Minority Interest": -4683000.0,
        "Reconciled Depreciation": 14248000.0,
        "Reconciled Cost Of Revenue": 76922000.0,
        "EBITDA": 17851000.0,
        "EBIT": 3603000.0,
        "Net Interest Income": -8096000.0,
        "Interest Expense": 8096000.0,
        "Normalized Income": -4683000.0,
        "Net Income From Continuing And Discontinued Operation": -4683000.0,
        "Total Expenses": 144987000.0,
        "Total Operating Income As Reported": -73000.0,
        "Diluted Average Shares": 125196934.0,
        "Basic Average Shares": 125196934.0,
        "Diluted EPS": -0.04,
        "Basic EPS": -0.04,
        "Diluted NI Availto Com Stockholders": -4683000.0,
        "Net Income Common Stockholders": -4683000.0,
        "Net Income": -4683000.0,
        "Net Income Including Noncontrolling Interests": -4683000.0,
        "Net Income Continuous Operations": -4683000.0,
        "Tax Provision": 190000.0,
        "Pretax Income": -4493000.0,
        "Other Income Expense": 3676000.0,
        "Other Non Operating Income Expenses": 3676000.0,
        "Special Income Charges": 0.0,
        "Impairment Of Capital Assets": NaN,
        "Restructuring And Mergern Acquisition": 0.0,
        "Net Non Operating Interest Income Expense": -8096000.0,
        "Interest Expense Non Operating": 8096000.0,
        "Operating Income": -73000.0,
        "Operating Expense": 62636000.0,
        "Depreciation Amortization Depletion Income Statement": 8819000.0,
        "Depreciation And Amortization In Income Statement": 8819000.0,
        "Amortization": 8819000.0,
        "Amortization Of Intangibles Income Statement": 8819000.0,
        "Selling General And Administration": 53817000.0,
        "Selling And Marketing Expense": 21679000.0,
        "General And Administrative Expense": 32138000.0,
        "Other Gand A": 32138000.0,
        "Gross Profit": 62563000.0,
        "Cost Of Revenue": 82351000.0,
        "Total Revenue": 144914000.0,
        "Operating Revenue": 144914000.0
    },
    "2024-06-30": {
        "Tax Effect Of Unusual Items": 0.0,
        "Tax Rate For Calcs": 0.009224,
        "Normalized EBITDA": 20020000.0,
        "Total Unusual Items": 0.0,
        "Total Unusual Items Excluding Goodwill": 0.0,
        "Net Income From Continuing Operation Net Minority Interest": -2578000.0,
        "Reconciled Depreciation": 13944000.0,
        "Reconciled Cost Of Revenue": 91017000.0,
        "EBITDA": 20020000.0,
        "EBIT": 6076000.0,
        "Net Interest Income": -8678000.0,
        "Interest Expense": 8678000.0,
        "Normalized Income": -2578000.0,
        "Net Income From Continuing And Discontinued Operation": -2578000.0,
        "Total Expenses": 163676000.0,
        "Total Operating Income As Reported": 4795000.0,
        "Diluted Average Shares": 127138825.0,
        "Basic Average Shares": 127138825.0,
        "Diluted EPS": -0.02,
        "Basic EPS": -0.02,
        "Diluted NI Availto Com Stockholders": -2578000.0,
        "Net Income Common Stockholders": -2578000.0,
        "Net Income": -2578000.0,
        "Net Income Including Noncontrolling Interests": -2578000.0,
        "Net Income Continuous Operations": -2578000.0,
        "Tax Provision": -24000.0,
        "Pretax Income": -2602000.0,
        "Other Income Expense": 1281000.0,
        "Other Non Operating Income Expenses": 1281000.0,
        "Special Income Charges": 0.0,
        "Impairment Of Capital Assets": NaN,
        "Restructuring And Mergern Acquisition": 0.0,
        "Net Non Operating Interest Income Expense": -8678000.0,
        "Interest Expense Non Operating": 8678000.0,
        "Operating Income": 4795000.0,
        "Operating Expense": 67533000.0,
        "Depreciation Amortization Depletion Income Statement": 8818000.0,
        "Depreciation And Amortization In Income Statement": 8818000.0,
        "Amortization": 8818000.0,
        "Amortization Of Intangibles Income Statement": 8818000.0,
        "Selling General And Administration": 58715000.0,
        "Selling And Marketing Expense": 28224000.0,
        "General And Administrative Expense": 30491000.0,
        "Other Gand A": 30491000.0,
        "Gross Profit": 72328000.0,
        "Cost Of Revenue": 96143000.0,
        "Total Revenue": 168471000.0,
        "Operating Revenue": 168471000.0
    },
    "2024-09-30": {
        "Tax Effect Of Unusual Items": 0.0,
        "Tax Rate For Calcs": 0.006875,
        "Normalized EBITDA": 2491000.0,
        "Total Unusual Items": 0.0,
        "Total Unusual Items Excluding Goodwill": 0.0,
        "Net Income From Continuing Operation Net Minority Interest": -19789000.0,
        "Reconciled Depreciation": 13883000.0,
        "Reconciled Cost Of Revenue": 65298000.0,
        "EBITDA": 2491000.0,
        "EBIT": -11392000.0,
        "Net Interest Income": -8534000.0,
        "Interest Expense": 8534000.0,
        "Normalized Income": -19789000.0,
        "Net Income From Continuing And Discontinued Operation": -19789000.0,
        "Total Expenses": 129478000.0,
        "Total Operating Income As Reported": -7428000.0,
        "Diluted Average Shares": 128291933.0,
        "Basic Average Shares": 128291933.0,
        "Diluted EPS": -0.15,
        "Basic EPS": -0.15,
        "Diluted NI Availto Com Stockholders": -19789000.0,
        "Net Income Common Stockholders": -19789000.0,
        "Net Income": -19789000.0,
        "Net Income Including Noncontrolling Interests": -19789000.0,
        "Net Income Continuous Operations": -19789000.0,
        "Tax Provision": -137000.0,
        "Pretax Income": -19926000.0,
        "Other Income Expense": -3964000.0,
        "Other Non Operating Income Expenses": -3964000.0,
        "Special Income Charges": 0.0,
        "Impairment Of Capital Assets": NaN,
        "Restructuring And Mergern Acquisition": 0.0,
        "Net Non Operating Interest Income Expense": -8534000.0,
        "Interest Expense Non Operating": 8534000.0,
        "Operating Income": -7428000.0,
        "Operating Expense": 59116000.0,
        "Depreciation Amortization Depletion Income Statement": 8819000.0,
        "Depreciation And Amortization In Income Statement": 8819000.0,
        "Amortization": 8819000.0,
        "Amortization Of Intangibles Income Statement": 8819000.0,
        "Selling General And Administration": 50297000.0,
        "Selling And Marketing Expense": 26162000.0,
        "General And Administrative Expense": 24135000.0,
        "Other Gand A": 24135000.0,
        "Gross Profit": 51688000.0,
        "Cost Of Revenue": 70362000.0,
        "Total Revenue": 122050000.0,
        "Operating Revenue": 122050000.0
    }
}