{
    "2023-06-30": {
        "Tax Effect Of Unusual Items": 0.0,
        "Tax Rate For Calcs": 0.284,
        "Normalized EBITDA": 212000000.0,
        "Total Unusual Items": NaN,
        "Total Unusual Items Excluding Goodwill": NaN,
        "Net Income From Continuing Operation Net Minority Interest": 142000000.0,
        "Reconciled Depreciation": 9000000.0,
        "Reconciled Cost Of Revenue": 278000000.0,
        "EBITDA": 212000000.0,
        "EBIT": 203000000.0,
        "Normalized Income": 142000000.0,
        "Net Income From Continuing And Discontinued Operation": 142000000.0,
        "Total Expenses": 400000000.0,
        "Diluted Average Shares": 68606000.0,
        "Basic Average Shares": 67649000.0,
        "Diluted EPS": 2.07,
        "Basic EPS": 2.1,
        "Diluted NI Availto Com Stockholders": 142000000.0,
        "Net Income Common Stockholders": 142000000.0,
        "Otherunder Preferred Stock Dividend": NaN,
        "Net Income": 142000000.0,
        "Net Income Including Noncontrolling Interests": 142000000.0,
        "Net Income Discontinuous Operations": NaN,
        "Net Income Continuous Operations": 142000000.0,
        "Tax Provision": 56000000.0,
        "Pretax Income": 198000000.0,
        "Other Income Expense": -5000000.0,
        "Other Non Operating Income Expenses": -5000000.0,
        "Special Income Charges": NaN,
        "Gain On Sale Of Ppe": NaN,
        "Restructuring And Mergern Acquisition": NaN,
        "Operating Income": 203000000.0,
        "Operating Expense": 122000000.0,
        "Selling General And Administration": 122000000.0,
        "General And Administrative Expense": 122000000.0,
        "Other Gand A": 122000000.0,
        "Gross Profit": 325000000.0,
        "Cost Of Revenue": 278000000.0,
        "Total Revenue": 603000000.0,
        "Operating Revenue": 603000000.0
    },
    "2023-03-31": {
        "Tax Effect Of Unusual Items": 0.0,
        "Tax Rate For Calcs": 0.21,
        "Normalized EBITDA": 53000000.0,
        "Total Unusual Items": NaN,
        "Total Unusual Items Excluding Goodwill": NaN,
        "Net Income From Continuing Operation Net Minority Interest": 37000000.0,
        "Reconciled Depreciation": 9000000.0,
        "Reconciled Cost Of Revenue": 258000000.0,
        "EBITDA": 53000000.0,
        "EBIT": 44000000.0,
        "Normalized Income": 37000000.0,
        "Net Income From Continuing And Discontinued Operation": 37000000.0,
        "Total Expenses": 371000000.0,
        "Diluted Average Shares": 70479000.0,
        "Basic Average Shares": 69008000.0,
        "Diluted EPS": 0.52,
        "Basic EPS": 0.54,
        "Diluted NI Availto Com Stockholders": 37000000.0,
        "Net Income Common Stockholders": 37000000.0,
        "Otherunder Preferred Stock Dividend": 0.0,
        "Net Income": 37000000.0,
        "Net Income Including Noncontrolling Interests": 37000000.0,
        "Net Income Discontinuous Operations": 0.0,
        "Net Income Continuous Operations": 37000000.0,
        "Tax Provision": -2000000.0,
        "Pretax Income": 35000000.0,
        "Other Income Expense": -9000000.0,
        "Other Non Operating Income Expenses": -9000000.0,
        "Special Income Charges": NaN,
        "Gain On Sale Of Ppe": NaN,
        "Restructuring And Mergern Acquisition": NaN,
        "Operating Income": 44000000.0,
        "Operating Expense": 113000000.0,
        "Selling General And Administration": 113000000.0,
        "General And Administrative Expense": 113000000.0,
        "Other Gand A": 113000000.0,
        "Gross Profit": 157000000.0,
        "Cost Of Revenue": 258000000.0,
        "Total Revenue": 415000000.0,
        "Operating Revenue": 415000000.0
    },
    "2022-12-31": {
        "Tax Effect Of Unusual Items": 0.0,
        "Tax Rate For Calcs": 0.21,
        "Normalized EBITDA": 8000000.0,
        "Total Unusual Items": 0.0,
        "Total Unusual Items Excluding Goodwill": 0.0,
        "Net Income From Continuing Operation Net Minority Interest": 1000000.0,
        "Reconciled Depreciation": 8000000.0,
        "Reconciled Cost Of Revenue": 278000000.0,
        "EBITDA": 8000000.0,
        "EBIT": 0.0,
        "Normalized Income": 1000000.0,
        "Net Income From Continuing And Discontinued Operation": 1000000.0,
        "Total Expenses": 395000000.0,
        "Diluted Average Shares": 71600000.0,
        "Basic Average Shares": 69900000.0,
        "Diluted EPS": 0.01,
        "Basic EPS": 0.01,
        "Diluted NI Availto Com Stockholders": 1000000.0,
        "Net Income Common Stockholders": 1000000.0,
        "Otherunder Preferred Stock Dividend": 0.0,
        "Net Income": 1000000.0,
        "Net Income Including Noncontrolling Interests": 1000000.0,
        "Net Income Discontinuous Operations": 0.0,
        "Net Income Continuous Operations": 1000000.0,
        "Tax Provision": -11000000.0,
        "Pretax Income": -10000000.0,
        "Other Income Expense": -10000000.0,
        "Other Non Operating Income Expenses": -10000000.0,
        "Special Income Charges": 0.0,
        "Gain On Sale Of Ppe": 0.0,
        "Restructuring And Mergern Acquisition": NaN,
        "Operating Income": 0.0,
        "Operating Expense": 117000000.0,
        "Selling General And Administration": 117000000.0,
        "General And Administrative Expense": 117000000.0,
        "Other Gand A": 117000000.0,
        "Gross Profit": 117000000.0,
        "Cost Of Revenue": 278000000.0,
        "Total Revenue": 395000000.0,
        "Operating Revenue": 395000000.0
    },
    "2022-09-30": {
        "Tax Effect Of Unusual Items": 0.0,
        "Tax Rate For Calcs": 0.264,
        "Normalized EBITDA": 182000000.0,
        "Total Unusual Items": NaN,
        "Total Unusual Items Excluding Goodwill": NaN,
        "Net Income From Continuing Operation Net Minority Interest": 113000000.0,
        "Reconciled Depreciation": 9000000.0,
        "Reconciled Cost Of Revenue": 287000000.0,
        "EBITDA": 182000000.0,
        "EBIT": 173000000.0,
        "Normalized Income": 113000000.0,
        "Net Income From Continuing And Discontinued Operation": 113000000.0,
        "Total Expenses": 420000000.0,
        "Diluted Average Shares": 72878000.0,
        "Basic Average Shares": 71175000.0,
        "Diluted EPS": 1.55,
        "Basic EPS": 1.59,
        "Diluted NI Availto Com Stockholders": 113000000.0,
        "Net Income Common Stockholders": 113000000.0,
        "Otherunder Preferred Stock Dividend": 0.0,
        "Net Income": 113000000.0,
        "Minority Interests": NaN,
        "Net Income Including Noncontrolling Interests": 113000000.0,
        "Net Income Discontinuous Operations": 0.0,
        "Net Income Continuous Operations": 113000000.0,
        "Tax Provision": 40000000.0,
        "Pretax Income": 153000000.0,
        "Other Income Expense": -20000000.0,
        "Other Non Operating Income Expenses": -20000000.0,
        "Special Income Charges": NaN,
        "Restructuring And Mergern Acquisition": NaN,
        "Operating Income": 173000000.0,
        "Operating Expense": 133000000.0,
        "Other Operating Expenses": NaN,
        "Selling General And Administration": 133000000.0,
        "General And Administrative Expense": 133000000.0,
        "Other Gand A": 133000000.0,
        "Gross Profit": 306000000.0,
        "Cost Of Revenue": 287000000.0,
        "Total Revenue": 593000000.0,
        "Operating Revenue": 593000000.0
    },
    "2022-06-30": {
        "Tax Effect Of Unusual Items": 0.0,
        "Tax Rate For Calcs": 0.26,
        "Normalized EBITDA": 219000000.0,
        "Net Income From Continuing Operation Net Minority Interest": 151000000.0,
        "Reconciled Depreciation": 9000000.0,
        "Reconciled Cost Of Revenue": 314000000.0,
        "EBITDA": 219000000.0,
        "EBIT": 210000000.0,
        "Normalized Income": 151000000.0,
        "Net Income From Continuing And Discontinued Operation": 151000000.0,
        "Total Expenses": 439000000.0,
        "Diluted Average Shares": 74327000.0,
        "Basic Average Shares": 72709000.0,
        "Diluted EPS": 2.03,
        "Basic EPS": 2.08,
        "Diluted NI Availto Com Stockholders": 151000000.0,
        "Net Income Common Stockholders": 151000000.0,
        "Otherunder Preferred Stock Dividend": 0.0,
        "Net Income": 151000000.0,
        "Minority Interests": NaN,
        "Net Income Including Noncontrolling Interests": 151000000.0,
        "Net Income Discontinuous Operations": 0.0,
        "Net Income Continuous Operations": 151000000.0,
        "Tax Provision": 54000000.0,
        "Pretax Income": 205000000.0,
        "Other Income Expense": -5000000.0,
        "Other Non Operating Income Expenses": -5000000.0,
        "Operating Income": 210000000.0,
        "Operating Expense": 125000000.0,
        "Other Operating Expenses": NaN,
        "Selling General And Administration": 125000000.0,
        "General And Administrative Expense": 125000000.0,
        "Other Gand A": 125000000.0,
        "Gross Profit": 335000000.0,
        "Cost Of Revenue": 314000000.0,
        "Total Revenue": 649000000.0,
        "Operating Revenue": 649000000.0
    },
    "2022-03-31": {
        "Diluted EPS": 8.59,
        "Total Revenue": NaN,
        "Gross Profit": NaN,
        "Operating Income": 714,
        "EBIT": 725,
        "Net Income": 658
    },
    "2021-12-31": {
        "Diluted EPS": 2.47,
        "Total Revenue": 625,
        "Gross Profit": 625,
        "Operating Income": 244,
        "EBIT": 256,
        "Net Income": 157
    },
    "2021-09-30": {
        "Diluted EPS": 3.29,
        "Total Revenue": 860,
        "Gross Profit": 860,
        "Operating Income": 458,
        "EBIT": 472,
        "Net Income": 270
    },
    "2021-06-30": {
        "Diluted EPS": 4.85,
        "Total Revenue": 574,
        "Gross Profit": 574,
        "Operating Income": 149,
        "EBIT": 165,
        "Net Income": 435
    },
    "2021-03-31": {
        "Diluted EPS": 5.92,
        "Total Revenue": NaN,
        "Gross Profit": NaN,
        "Operating Income": 805,
        "EBIT": 820,
        "Net Income": 556
    },
    "2020-12-31": {
        "Diluted EPS": 2.09,
        "Total Revenue": 930,
        "Gross Profit": 930,
        "Operating Income": 445,
        "EBIT": 463,
        "Net Income": 191
    },
    "2020-09-30": {
        "Diluted EPS": 2.18,
        "Total Revenue": 863,
        "Gross Profit": 863,
        "Operating Income": 408,
        "EBIT": 427,
        "Net Income": 207
    },
    "2020-06-30": {
        "Diluted EPS": 0.77,
        "Total Revenue": 618,
        "Gross Profit": 618,
        "Operating Income": 220,
        "EBIT": 237,
        "Net Income": 72
    },
    "2020-03-31": {
        "Diluted EPS": -1.84,
        "Total Revenue": 278,
        "Gross Profit": 278,
        "Operating Income": -166,
        "EBIT": -147,
        "Net Income": -168
    },
    "2019-12-31": {
        "Diluted EPS": 5.06,
        "Total Revenue": 660,
        "Gross Profit": 660,
        "Operating Income": 359,
        "EBIT": 420,
        "Net Income": 462
    },
    "2019-09-30": {
        "Diluted EPS": 0.9,
        "Total Revenue": 618,
        "Gross Profit": 618,
        "Operating Income": 140,
        "EBIT": 149,
        "Net Income": 83
    },
    "2019-06-30": {
        "Diluted EPS": -0.96,
        "Total Revenue": 399,
        "Gross Profit": 399,
        "Operating Income": -93,
        "EBIT": -96,
        "Net Income": -87
    },
    "2019-03-31": {
        "Diluted EPS": -2.05,
        "Total Revenue": 250,
        "Gross Profit": 250,
        "Operating Income": -193,
        "EBIT": -170,
        "Net Income": -186
    },
    "2018-12-31": {
        "Diluted EPS": -1.27,
        "Total Revenue": 252,
        "Gross Profit": 252,
        "Operating Income": -180,
        "EBIT": -150,
        "Net Income": -135
    },
    "2018-09-30": {
        "Diluted EPS": 10.29,
        "Total Revenue": 506,
        "Gross Profit": 506,
        "Operating Income": -11,
        "EBIT": 13,
        "Net Income": 947
    },
    "2018-06-30": {
        "Diluted EPS": 0.59,
        "Total Revenue": 444,
        "Gross Profit": 444,
        "Operating Income": 105,
        "EBIT": 122,
        "Net Income": 58
    },
    "2018-03-31": {
        "Diluted EPS": 1.61,
        "Total Revenue": 588,
        "Gross Profit": 588,
        "Operating Income": 224,
        "EBIT": 242,
        "Net Income": 160
    },
    "2017-12-31": {
        "Diluted EPS": 1.55,
        "Total Revenue": NaN,
        "Gross Profit": NaN,
        "Operating Income": 137,
        "EBIT": 171,
        "Net Income": 36
    },
    "2017-09-30": {
        "Diluted EPS": 0.07,
        "Total Revenue": 406,
        "Gross Profit": 406,
        "Operating Income": 38,
        "EBIT": 145,
        "Net Income": 7
    },
    "2017-06-30": {
        "Diluted EPS": -1.56,
        "Total Revenue": 2,
        "Gross Profit": 2,
        "Operating Income": 0,
        "EBIT": 0,
        "Net Income": -26
    },
    "2017-03-31": {
        "Diluted EPS": 0.24,
        "Total Revenue": 2,
        "Gross Profit": 1,
        "Operating Income": -1,
        "EBIT": -1,
        "Net Income": 13
    },
    "2016-12-31": {
        "Diluted EPS": -0.17,
        "Total Revenue": NaN,
        "Gross Profit": NaN,
        "Operating Income": 273,
        "EBIT": 399,
        "Net Income": -29
    },
    "2016-09-30": {
        "Diluted EPS": -1.2,
        "Total Revenue": 1,
        "Gross Profit": 1,
        "Operating Income": 0,
        "EBIT": 0,
        "Net Income": -21
    },
    "2016-06-30": {
        "Diluted EPS": 0.36,
        "Total Revenue": 1,
        "Gross Profit": 1,
        "Operating Income": 0,
        "EBIT": 0,
        "Net Income": 18
    },
    "2016-03-31": {
        "Diluted EPS": 1.2,
        "Total Revenue": 2,
        "Gross Profit": 1,
        "Operating Income": -1,
        "EBIT": -1,
        "Net Income": 51
    },
    "2015-12-31": {
        "Diluted EPS": 0.48,
        "Total Revenue": 1,
        "Gross Profit": 2,
        "Operating Income": -1,
        "EBIT": 0,
        "Net Income": 6
    },
    "2015-09-30": {
        "Diluted EPS": -0.48,
        "Total Revenue": 1,
        "Gross Profit": 1,
        "Operating Income": -12,
        "EBIT": -12,
        "Net Income": -8
    },
    "2015-06-30": {
        "Diluted EPS": -4.68,
        "Total Revenue": 1,
        "Gross Profit": 1,
        "Operating Income": -1,
        "EBIT": -1,
        "Net Income": -78
    },
    "2015-03-31": {
        "Diluted EPS": 0.0,
        "Total Revenue": 2,
        "Gross Profit": 2,
        "Operating Income": -1,
        "EBIT": -1,
        "Net Income": 1
    },
    "2014-12-31": {
        "Diluted EPS": -0.36,
        "Total Revenue": 2,
        "Gross Profit": 3,
        "Operating Income": 1,
        "EBIT": 1,
        "Net Income": -10
    },
    "2014-09-30": {
        "Diluted EPS": -0.12,
        "Total Revenue": 2,
        "Gross Profit": 1,
        "Operating Income": 0,
        "EBIT": 0,
        "Net Income": -1
    },
    "2014-06-30": {
        "Diluted EPS": 0.84,
        "Total Revenue": 2,
        "Gross Profit": -1,
        "Operating Income": -3,
        "EBIT": -2,
        "Net Income": 17
    },
    "2014-03-31": {
        "Diluted EPS": -0.72,
        "Total Revenue": 3,
        "Gross Profit": 2,
        "Operating Income": 0,
        "EBIT": 1,
        "Net Income": -13
    },
    "2013-12-31": {
        "Diluted EPS": 0.0,
        "Total Revenue": NaN,
        "Gross Profit": NaN,
        "Operating Income": NaN,
        "EBIT": NaN,
        "Net Income": NaN
    },
    "2012-12-31": {
        "Diluted EPS": 0.0,
        "Total Revenue": NaN,
        "Gross Profit": NaN,
        "Operating Income": NaN,
        "EBIT": NaN,
        "Net Income": NaN
    },
    "2023-09-30": {
        "Tax Effect Of Unusual Items": 20832000.0,
        "Tax Rate For Calcs": 0.217,
        "Normalized EBITDA": 208000000.0,
        "Total Unusual Items": 96000000.0,
        "Total Unusual Items Excluding Goodwill": 96000000.0,
        "Net Income From Continuing Operation Net Minority Interest": 275000000.0,
        "Reconciled Depreciation": 10000000.0,
        "Reconciled Cost Of Revenue": 312000000.0,
        "EBITDA": 304000000.0,
        "EBIT": 294000000.0,
        "Normalized Income": 199832000.0,
        "Net Income From Continuing And Discontinued Operation": 275000000.0,
        "Total Expenses": 447000000.0,
        "Diluted Average Shares": 67668000.0,
        "Basic Average Shares": 66424000.0,
        "Diluted EPS": 4.06,
        "Basic EPS": 4.14,
        "Diluted NI Availto Com Stockholders": 275000000.0,
        "Net Income Common Stockholders": 275000000.0,
        "Otherunder Preferred Stock Dividend": NaN,
        "Net Income": 275000000.0,
        "Net Income Including Noncontrolling Interests": 275000000.0,
        "Net Income Discontinuous Operations": NaN,
        "Net Income Continuous Operations": 275000000.0,
        "Tax Provision": 77000000.0,
        "Pretax Income": 352000000.0,
        "Other Income Expense": 58000000.0,
        "Other Non Operating Income Expenses": -38000000.0,
        "Special Income Charges": 96000000.0,
        "Gain On Sale Of Ppe": NaN,
        "Restructuring And Mergern Acquisition": -96000000.0,
        "Operating Income": 294000000.0,
        "Operating Expense": 135000000.0,
        "Selling General And Administration": 135000000.0,
        "General And Administrative Expense": 135000000.0,
        "Other Gand A": 135000000.0,
        "Gross Profit": 429000000.0,
        "Cost Of Revenue": 312000000.0,
        "Total Revenue": 741000000.0,
        "Operating Revenue": 741000000.0
    },
    "2023-12-31": {
        "Tax Effect Of Unusual Items": 0.0,
        "Tax Rate For Calcs": 0.333333,
        "Normalized EBITDA": 82000000.0,
        "Total Unusual Items": 0.0,
        "Total Unusual Items Excluding Goodwill": 0.0,
        "Net Income From Continuing Operation Net Minority Interest": 46000000.0,
        "Reconciled Depreciation": 10000000.0,
        "Reconciled Cost Of Revenue": 323000000.0,
        "EBITDA": 82000000.0,
        "EBIT": 72000000.0,
        "Normalized Income": 46000000.0,
        "Net Income From Continuing And Discontinued Operation": 46000000.0,
        "Total Expenses": 491000000.0,
        "Diluted Average Shares": 66700000.0,
        "Basic Average Shares": 65100000.0,
        "Diluted EPS": 0.69,
        "Basic EPS": 0.71,
        "Diluted NI Availto Com Stockholders": 46000000.0,
        "Net Income Common Stockholders": 46000000.0,
        "Otherunder Preferred Stock Dividend": NaN,
        "Net Income": 46000000.0,
        "Net Income Including Noncontrolling Interests": 46000000.0,
        "Net Income Discontinuous Operations": NaN,
        "Net Income Continuous Operations": 46000000.0,
        "Tax Provision": 23000000.0,
        "Pretax Income": 69000000.0,
        "Other Income Expense": -3000000.0,
        "Other Non Operating Income Expenses": -3000000.0,
        "Special Income Charges": 0.0,
        "Gain On Sale Of Ppe": NaN,
        "Restructuring And Mergern Acquisition": 0.0,
        "Operating Income": 72000000.0,
        "Operating Expense": 168000000.0,
        "Selling General And Administration": 168000000.0,
        "General And Administrative Expense": 168000000.0,
        "Other Gand A": 168000000.0,
        "Gross Profit": 240000000.0,
        "Cost Of Revenue": 323000000.0,
        "Total Revenue": 563000000.0,
        "Operating Revenue": 563000000.0
    }
}