{
    "2023-03-31": {
        "Tax Effect Of Unusual Items": 0.0,
        "Tax Rate For Calcs": 0.138603,
        "Normalized EBITDA": 15712000.0,
        "Net Income From Continuing Operation Net Minority Interest": 15879000.0,
        "Reconciled Depreciation": 859000.0,
        "Reconciled Cost Of Revenue": 1386000.0,
        "EBITDA": 15712000.0,
        "EBIT": 14853000.0,
        "Net Interest Income": 3581000.0,
        "Interest Income": 3581000.0,
        "Normalized Income": 15879000.0,
        "Net Income From Continuing And Discontinued Operation": 15879000.0,
        "Total Expenses": 90801000.0,
        "Total Operating Income As Reported": 14853000.0,
        "Diluted Average Shares": 115425000.0,
        "Basic Average Shares": 107885000.0,
        "Diluted EPS": 0.14,
        "Basic EPS": 0.15,
        "Diluted NI Availto Com Stockholders": 15807000.0,
        "Net Income Common Stockholders": 15807000.0,
        "Net Income": 15879000.0,
        "Net Income Including Noncontrolling Interests": 15879000.0,
        "Net Income Continuous Operations": 15879000.0,
        "Tax Provision": 2555000.0,
        "Pretax Income": 18434000.0,
        "Net Non Operating Interest Income Expense": 3581000.0,
        "Interest Income Non Operating": 3581000.0,
        "Operating Income": 14853000.0,
        "Operating Expense": 89415000.0,
        "Research And Development": 40851000.0,
        "Selling General And Administration": 48564000.0,
        "Gross Profit": 104268000.0,
        "Cost Of Revenue": 1386000.0,
        "Total Revenue": 105654000.0,
        "Operating Revenue": 105654000.0
    },
    "2022-12-31": {
        "Tax Effect Of Unusual Items": NaN,
        "Tax Rate For Calcs": NaN,
        "Normalized EBITDA": NaN,
        "Net Income From Continuing Operation Net Minority Interest": NaN,
        "Reconciled Depreciation": NaN,
        "Reconciled Cost Of Revenue": NaN,
        "EBITDA": NaN,
        "EBIT": NaN,
        "Net Interest Income": NaN,
        "Interest Income": NaN,
        "Normalized Income": NaN,
        "Net Income From Continuing And Discontinued Operation": NaN,
        "Total Expenses": NaN,
        "Total Operating Income As Reported": NaN,
        "Diluted Average Shares": 116328000.0,
        "Basic Average Shares": 107700000.0,
        "Diluted EPS": 0.14,
        "Basic EPS": 0.15,
        "Diluted NI Availto Com Stockholders": NaN,
        "Net Income Common Stockholders": NaN,
        "Net Income": NaN,
        "Net Income Including Noncontrolling Interests": NaN,
        "Net Income Continuous Operations": NaN,
        "Tax Provision": NaN,
        "Pretax Income": NaN,
        "Net Non Operating Interest Income Expense": NaN,
        "Interest Income Non Operating": NaN,
        "Operating Income": NaN,
        "Operating Expense": NaN,
        "Research And Development": NaN,
        "Selling General And Administration": NaN,
        "Gross Profit": NaN,
        "Cost Of Revenue": NaN,
        "Total Revenue": NaN,
        "Operating Revenue": NaN
    },
    "2022-09-30": {
        "Tax Effect Of Unusual Items": NaN,
        "Tax Rate For Calcs": NaN,
        "Normalized EBITDA": NaN,
        "Net Income From Continuing Operation Net Minority Interest": NaN,
        "Reconciled Depreciation": NaN,
        "Reconciled Cost Of Revenue": NaN,
        "EBITDA": NaN,
        "EBIT": NaN,
        "Net Interest Income": NaN,
        "Interest Income": NaN,
        "Normalized Income": NaN,
        "Net Income From Continuing And Discontinued Operation": NaN,
        "Total Expenses": NaN,
        "Total Operating Income As Reported": NaN,
        "Diluted Average Shares": NaN,
        "Basic Average Shares": NaN,
        "Diluted EPS": NaN,
        "Basic EPS": NaN,
        "Diluted NI Availto Com Stockholders": NaN,
        "Net Income Common Stockholders": NaN,
        "Otherunder Preferred Stock Dividend": 58000.0,
        "Net Income": NaN,
        "Net Income Including Noncontrolling Interests": NaN,
        "Net Income Continuous Operations": NaN,
        "Tax Provision": NaN,
        "Pretax Income": NaN,
        "Net Non Operating Interest Income Expense": NaN,
        "Interest Income Non Operating": NaN,
        "Operating Income": NaN,
        "Operating Expense": NaN,
        "Research And Development": NaN,
        "Selling General And Administration": NaN,
        "Gross Profit": NaN,
        "Cost Of Revenue": NaN,
        "Total Revenue": NaN,
        "Operating Revenue": NaN
    },
    "2022-06-30": {
        "Tax Effect Of Unusual Items": 0.0,
        "Tax Rate For Calcs": 0.145032,
        "Normalized EBITDA": 31432000.0,
        "Total Unusual Items": NaN,
        "Total Unusual Items Excluding Goodwill": NaN,
        "Net Income From Continuing Operation Net Minority Interest": 27412000.0,
        "Reconciled Depreciation": 668000.0,
        "Reconciled Cost Of Revenue": 1316000.0,
        "EBITDA": 31432000.0,
        "EBIT": 31432000.0,
        "Net Interest Income": 630000.0,
        "Interest Income": 630000.0,
        "Normalized Income": 27412000.0,
        "Net Income From Continuing And Discontinued Operation": 27412000.0,
        "Total Expenses": 71954000.0,
        "Total Operating Income As Reported": 31432000.0,
        "Diluted Average Shares": 115399000.0,
        "Basic Average Shares": 106289000.0,
        "Diluted EPS": 0.24,
        "Basic EPS": 0.26,
        "Diluted NI Availto Com Stockholders": 27398000.0,
        "Net Income Common Stockholders": 27398000.0,
        "Otherunder Preferred Stock Dividend": NaN,
        "Net Income": 27412000.0,
        "Net Income Including Noncontrolling Interests": 27412000.0,
        "Net Income Continuous Operations": 27412000.0,
        "Tax Provision": 4650000.0,
        "Pretax Income": 32062000.0,
        "Special Income Charges": NaN,
        "Net Non Operating Interest Income Expense": 630000.0,
        "Interest Income Non Operating": 630000.0,
        "Operating Income": 31432000.0,
        "Operating Expense": 70638000.0,
        "Research And Development": 32825000.0,
        "Selling General And Administration": 37813000.0,
        "Gross Profit": 102070000.0,
        "Cost Of Revenue": 1316000.0,
        "Total Revenue": 103386000.0,
        "Operating Revenue": 103386000.0
    },
    "2023-06-30": {
        "Tax Effect Of Unusual Items": 0.0,
        "Tax Rate For Calcs": 0.164045,
        "Normalized EBITDA": 30287000.0,
        "Net Income From Continuing Operation Net Minority Interest": 27528000.0,
        "Reconciled Depreciation": 704000.0,
        "Reconciled Cost Of Revenue": 1574000.0,
        "EBITDA": 30287000.0,
        "EBIT": 29583000.0,
        "Net Interest Income": 3347000.0,
        "Interest Income": 3347000.0,
        "Normalized Income": 27528000.0,
        "Net Income From Continuing And Discontinued Operation": 27528000.0,
        "Total Expenses": 88132000.0,
        "Total Operating Income As Reported": 29583000.0,
        "Diluted Average Shares": 109590000.0,
        "Basic Average Shares": 101964000.0,
        "Diluted EPS": 0.25,
        "Basic EPS": 0.27,
        "Diluted NI Availto Com Stockholders": 27356000.0,
        "Net Income Common Stockholders": 27356000.0,
        "Net Income": 27528000.0,
        "Net Income Including Noncontrolling Interests": 27528000.0,
        "Net Income Continuous Operations": 27528000.0,
        "Tax Provision": 5402000.0,
        "Pretax Income": 32930000.0,
        "Net Non Operating Interest Income Expense": 3347000.0,
        "Interest Income Non Operating": 3347000.0,
        "Operating Income": 29583000.0,
        "Operating Expense": 86558000.0,
        "Research And Development": 43277000.0,
        "Selling General And Administration": 43281000.0,
        "Gross Profit": 116141000.0,
        "Cost Of Revenue": 1574000.0,
        "Total Revenue": 117715000.0,
        "Operating Revenue": 117715000.0
    },
    "2022-03-31": {
        "Diluted EPS": 0.2,
        "Total Revenue": 94,
        "Gross Profit": 92,
        "Operating Income": 27,
        "EBIT": 29,
        "Net Income": 23
    },
    "2021-12-31": {
        "Diluted EPS": 0.26,
        "Total Revenue": 99,
        "Gross Profit": 97,
        "Operating Income": 37,
        "EBIT": 37,
        "Net Income": 32
    },
    "2021-09-30": {
        "Diluted EPS": 0.24,
        "Total Revenue": 96,
        "Gross Profit": 95,
        "Operating Income": 36,
        "EBIT": 37,
        "Net Income": 30
    },
    "2021-06-30": {
        "Diluted EPS": 0.21,
        "Total Revenue": 92,
        "Gross Profit": 90,
        "Operating Income": 32,
        "EBIT": 32,
        "Net Income": 27
    },
    "2021-03-31": {
        "Diluted EPS": 0.18,
        "Total Revenue": 79,
        "Gross Profit": 78,
        "Operating Income": 20,
        "EBIT": 22,
        "Net Income": 23
    },
    "2020-12-31": {
        "Diluted EPS": 0.2,
        "Total Revenue": 86,
        "Gross Profit": 84,
        "Operating Income": 31,
        "EBIT": 31,
        "Net Income": 26
    },
    "2020-09-30": {
        "Diluted EPS": 0.17,
        "Total Revenue": 86,
        "Gross Profit": 85,
        "Operating Income": 25,
        "EBIT": 25,
        "Net Income": 22
    },
    "2020-06-30": {
        "Diluted EPS": 0.23,
        "Total Revenue": 89,
        "Gross Profit": 87,
        "Operating Income": 35,
        "EBIT": 36,
        "Net Income": 28
    },
    "2020-03-31": {
        "Diluted EPS": 0.25,
        "Total Revenue": 93,
        "Gross Profit": 91,
        "Operating Income": 38,
        "EBIT": 38,
        "Net Income": 30
    },
    "2019-12-31": {
        "Diluted EPS": 0.23,
        "Total Revenue": 88,
        "Gross Profit": 86,
        "Operating Income": 35,
        "EBIT": 36,
        "Net Income": 29
    },
    "2019-09-30": {
        "Diluted EPS": 0.22,
        "Total Revenue": 82,
        "Gross Profit": 80,
        "Operating Income": 33,
        "EBIT": 34,
        "Net Income": 26
    },
    "2019-06-30": {
        "Diluted EPS": 0.17,
        "Total Revenue": 72,
        "Gross Profit": 71,
        "Operating Income": 25,
        "EBIT": 25,
        "Net Income": 20
    },
    "2019-03-31": {
        "Diluted EPS": 0.15,
        "Total Revenue": 65,
        "Gross Profit": 64,
        "Operating Income": 19,
        "EBIT": 19,
        "Net Income": 18
    },
    "2018-12-31": {
        "Diluted EPS": 0.18,
        "Total Revenue": 67,
        "Gross Profit": 65,
        "Operating Income": 25,
        "EBIT": 23,
        "Net Income": 22
    },
    "2018-09-30": {
        "Diluted EPS": 0.14,
        "Total Revenue": 64,
        "Gross Profit": 63,
        "Operating Income": 23,
        "EBIT": 23,
        "Net Income": 18
    },
    "2018-06-30": {
        "Diluted EPS": 0.14,
        "Total Revenue": 62,
        "Gross Profit": 61,
        "Operating Income": 21,
        "EBIT": 21,
        "Net Income": 18
    },
    "2018-03-31": {
        "Diluted EPS": 0.14,
        "Total Revenue": 58,
        "Gross Profit": 56,
        "Operating Income": 21,
        "EBIT": 21,
        "Net Income": 17
    },
    "2017-12-31": {
        "Diluted EPS": 0.79,
        "Total Revenue": 53,
        "Gross Profit": 52,
        "Operating Income": 22,
        "EBIT": 22,
        "Net Income": 98
    },
    "2017-09-30": {
        "Diluted EPS": 0.11,
        "Total Revenue": 43,
        "Gross Profit": 42,
        "Operating Income": 14,
        "EBIT": 14,
        "Net Income": 14
    },
    "2017-06-30": {
        "Diluted EPS": 0.1,
        "Total Revenue": 36,
        "Gross Profit": 35,
        "Operating Income": 13,
        "EBIT": 13,
        "Net Income": 13
    },
    "2017-03-31": {
        "Diluted EPS": 0.04,
        "Total Revenue": 28,
        "Gross Profit": 27,
        "Operating Income": 5,
        "EBIT": 5,
        "Net Income": 4
    },
    "2016-12-31": {
        "Diluted EPS": 0.04,
        "Total Revenue": 24,
        "Gross Profit": 23,
        "Operating Income": 5,
        "EBIT": 5,
        "Net Income": 5
    },
    "2016-09-30": {
        "Diluted EPS": 0.02,
        "Total Revenue": 22,
        "Gross Profit": 21,
        "Operating Income": 3,
        "EBIT": 3,
        "Net Income": 3
    },
    "2016-06-30": {
        "Diluted EPS": 0.01,
        "Total Revenue": 20,
        "Gross Profit": 19,
        "Operating Income": 2,
        "EBIT": 2,
        "Net Income": 1
    },
    "2016-03-31": {
        "Diluted EPS": 0.0,
        "Total Revenue": 16,
        "Gross Profit": 16,
        "Operating Income": 1,
        "EBIT": 1,
        "Net Income": 0
    },
    "2015-12-31": {
        "Diluted EPS": 0.02,
        "Total Revenue": 15,
        "Gross Profit": 15,
        "Operating Income": 2,
        "EBIT": 2,
        "Net Income": 1
    },
    "2015-09-30": {
        "Diluted EPS": -0.01,
        "Total Revenue": 13,
        "Gross Profit": 13,
        "Operating Income": 0,
        "EBIT": 0,
        "Net Income": -1
    },
    "2015-06-30": {
        "Diluted EPS": -0.02,
        "Total Revenue": 12,
        "Gross Profit": 12,
        "Operating Income": -1,
        "EBIT": -1,
        "Net Income": -2
    },
    "2015-03-31": {
        "Diluted EPS": -0.05,
        "Total Revenue": 10,
        "Gross Profit": 10,
        "Operating Income": -4,
        "EBIT": -4,
        "Net Income": -5
    },
    "2014-12-31": {
        "Diluted EPS": -0.04,
        "Total Revenue": 9,
        "Gross Profit": 9,
        "Operating Income": -3,
        "EBIT": -3,
        "Net Income": -4
    },
    "2014-09-30": {
        "Diluted EPS": -0.06,
        "Total Revenue": 7,
        "Gross Profit": 7,
        "Operating Income": -5,
        "EBIT": -5,
        "Net Income": -6
    },
    "2014-06-30": {
        "Diluted EPS": -0.07,
        "Total Revenue": 6,
        "Gross Profit": 6,
        "Operating Income": -7,
        "EBIT": -7,
        "Net Income": -8
    },
    "2014-03-31": {
        "Diluted EPS": -0.14,
        "Total Revenue": 4,
        "Gross Profit": 4,
        "Operating Income": -13,
        "EBIT": -13,
        "Net Income": -14
    },
    "2013-12-31": {
        "Diluted EPS": -0.11,
        "Total Revenue": 4,
        "Gross Profit": 4,
        "Operating Income": -10,
        "EBIT": -10,
        "Net Income": -11
    },
    "2013-09-30": {
        "Diluted EPS": -0.11,
        "Total Revenue": 3,
        "Gross Profit": 3,
        "Operating Income": -10,
        "EBIT": -10,
        "Net Income": -11
    },
    "2013-06-30": {
        "Diluted EPS": -0.12,
        "Total Revenue": 2,
        "Gross Profit": 2,
        "Operating Income": -11,
        "EBIT": -11,
        "Net Income": -12
    },
    "2013-03-31": {
        "Diluted EPS": -0.12,
        "Total Revenue": 2,
        "Gross Profit": 2,
        "Operating Income": -11,
        "EBIT": -11,
        "Net Income": -12
    },
    "2012-12-31": {
        "Diluted EPS": -0.11,
        "Total Revenue": 1,
        "Gross Profit": 1,
        "Operating Income": -10,
        "EBIT": -10,
        "Net Income": -11
    },
    "2012-09-30": {
        "Diluted EPS": -0.08,
        "Total Revenue": 1,
        "Gross Profit": 1,
        "Operating Income": -8,
        "EBIT": -8,
        "Net Income": -8
    },
    "2012-06-30": {
        "Diluted EPS": -0.09,
        "Total Revenue": 1,
        "Gross Profit": 1,
        "Operating Income": -8,
        "EBIT": -8,
        "Net Income": -8
    },
    "2012-03-31": {
        "Diluted EPS": -0.13,
        "Total Revenue": NaN,
        "Gross Profit": NaN,
        "Operating Income": -11,
        "EBIT": -11,
        "Net Income": -11
    },
    "2011-12-31": {
        "Diluted EPS": -0.11,
        "Total Revenue": NaN,
        "Gross Profit": NaN,
        "Operating Income": -10,
        "EBIT": -10,
        "Net Income": -10
    },
    "2011-09-30": {
        "Diluted EPS": -0.08,
        "Total Revenue": NaN,
        "Gross Profit": NaN,
        "Operating Income": -6,
        "EBIT": -6,
        "Net Income": -6
    },
    "2011-06-30": {
        "Diluted EPS": -0.11,
        "Total Revenue": NaN,
        "Gross Profit": NaN,
        "Operating Income": -9,
        "EBIT": -9,
        "Net Income": -9
    },
    "2011-03-31": {
        "Diluted EPS": -0.09,
        "Total Revenue": NaN,
        "Gross Profit": NaN,
        "Operating Income": -7,
        "EBIT": -7,
        "Net Income": -7
    },
    "2010-12-31": {
        "Diluted EPS": -0.09,
        "Total Revenue": NaN,
        "Gross Profit": NaN,
        "Operating Income": -8,
        "EBIT": -8,
        "Net Income": -7
    },
    "2010-09-30": {
        "Diluted EPS": -0.1,
        "Total Revenue": NaN,
        "Gross Profit": NaN,
        "Operating Income": -7,
        "EBIT": -7,
        "Net Income": -7
    },
    "2010-06-30": {
        "Diluted EPS": -0.09,
        "Total Revenue": NaN,
        "Gross Profit": NaN,
        "Operating Income": -6,
        "EBIT": -6,
        "Net Income": -6
    },
    "2010-03-31": {
        "Diluted EPS": -0.1,
        "Total Revenue": NaN,
        "Gross Profit": NaN,
        "Operating Income": -6,
        "EBIT": -6,
        "Net Income": -6
    },
    "2009-12-31": {
        "Diluted EPS": -0.08,
        "Total Revenue": 0,
        "Gross Profit": 0,
        "Operating Income": -5,
        "EBIT": -5,
        "Net Income": -5
    },
    "2009-09-30": {
        "Diluted EPS": -0.09,
        "Total Revenue": NaN,
        "Gross Profit": NaN,
        "Operating Income": -5,
        "EBIT": -5,
        "Net Income": -5
    },
    "2009-06-30": {
        "Diluted EPS": -0.1,
        "Total Revenue": 0,
        "Gross Profit": 0,
        "Operating Income": -5,
        "EBIT": -5,
        "Net Income": -5
    },
    "2009-03-31": {
        "Diluted EPS": -0.11,
        "Total Revenue": 0,
        "Gross Profit": 0,
        "Operating Income": -6,
        "EBIT": -6,
        "Net Income": -5
    },
    "2023-09-30": {
        "Tax Effect Of Unusual Items": 0.0,
        "Tax Rate For Calcs": 0.137612,
        "Normalized EBITDA": 31346000.0,
        "Net Income From Continuing Operation Net Minority Interest": 31378000.0,
        "Reconciled Depreciation": 169000.0,
        "Reconciled Cost Of Revenue": 1645000.0,
        "EBITDA": 31346000.0,
        "EBIT": 31177000.0,
        "Net Interest Income": 5208000.0,
        "Interest Income": 5208000.0,
        "Normalized Income": 31378000.0,
        "Net Income From Continuing And Discontinued Operation": 31378000.0,
        "Total Expenses": 92424000.0,
        "Total Operating Income As Reported": 31177000.0,
        "Diluted Average Shares": 111099000.0,
        "Basic Average Shares": 102014000.0,
        "Diluted EPS": 0.28,
        "Basic EPS": 0.31,
        "Diluted NI Availto Com Stockholders": 31172000.0,
        "Net Income Common Stockholders": 31172000.0,
        "Net Income": 31378000.0,
        "Net Income Including Noncontrolling Interests": 31378000.0,
        "Net Income Continuous Operations": 31378000.0,
        "Tax Provision": 5007000.0,
        "Pretax Income": 36385000.0,
        "Net Non Operating Interest Income Expense": 5208000.0,
        "Interest Income Non Operating": 5208000.0,
        "Operating Income": 31177000.0,
        "Operating Expense": 90779000.0,
        "Research And Development": 45517000.0,
        "Selling General And Administration": 45262000.0,
        "Gross Profit": 121956000.0,
        "Cost Of Revenue": 1645000.0,
        "Total Revenue": 123601000.0,
        "Operating Revenue": 123601000.0
    },
    "2023-12-31": {
        "Tax Effect Of Unusual Items": 0.0,
        "Tax Rate For Calcs": 0.14817,
        "Normalized EBITDA": 32299000.0,
        "Net Income From Continuing Operation Net Minority Interest": 31355000.0,
        "Reconciled Depreciation": 630000.0,
        "Reconciled Cost Of Revenue": 1877000.0,
        "EBITDA": 32299000.0,
        "EBIT": 31669000.0,
        "Net Interest Income": 5140000.0,
        "Interest Income": 5140000.0,
        "Normalized Income": 31355000.0,
        "Net Income From Continuing And Discontinued Operation": 31355000.0,
        "Total Expenses": 103736000.0,
        "Total Operating Income As Reported": 31669000.0,
        "Diluted Average Shares": NaN,
        "Basic Average Shares": NaN,
        "Diluted EPS": NaN,
        "Basic EPS": NaN,
        "Diluted NI Availto Com Stockholders": 31143000.0,
        "Net Income Common Stockholders": 31143000.0,
        "Net Income": 31355000.0,
        "Net Income Including Noncontrolling Interests": 31355000.0,
        "Net Income Continuous Operations": 31355000.0,
        "Tax Provision": 5454000.0,
        "Pretax Income": 36809000.0,
        "Net Non Operating Interest Income Expense": 5140000.0,
        "Interest Income Non Operating": 5140000.0,
        "Operating Income": 31669000.0,
        "Operating Expense": 101859000.0,
        "Research And Development": 54707000.0,
        "Selling General And Administration": 47152000.0,
        "Gross Profit": 133528000.0,
        "Cost Of Revenue": 1877000.0,
        "Total Revenue": 135405000.0,
        "Operating Revenue": 135405000.0
    },
    "2024-03-31": {
        "Tax Effect Of Unusual Items": 0.0,
        "Tax Rate For Calcs": 0.206641,
        "Normalized EBITDA": 29679000.0,
        "Net Income From Continuing Operation Net Minority Interest": 27762000.0,
        "Reconciled Depreciation": 179000.0,
        "Reconciled Cost Of Revenue": 2535000.0,
        "EBITDA": 29679000.0,
        "EBIT": 29500000.0,
        "Net Interest Income": 5493000.0,
        "Interest Income": 5493000.0,
        "Normalized Income": 27762000.0,
        "Net Income From Continuing And Discontinued Operation": 27762000.0,
        "Total Expenses": 117308000.0,
        "Total Operating Income As Reported": 29500000.0,
        "Diluted Average Shares": 109915000.0,
        "Basic Average Shares": 102791000.0,
        "Diluted EPS": 0.25,
        "Basic EPS": 0.27,
        "Diluted NI Availto Com Stockholders": 27514000.0,
        "Net Income Common Stockholders": 27514000.0,
        "Net Income": 27762000.0,
        "Net Income Including Noncontrolling Interests": 27762000.0,
        "Net Income Continuous Operations": 27762000.0,
        "Tax Provision": 7231000.0,
        "Pretax Income": 34993000.0,
        "Net Non Operating Interest Income Expense": 5493000.0,
        "Interest Income Non Operating": 5493000.0,
        "Operating Income": 29500000.0,
        "Operating Expense": 114773000.0,
        "Research And Development": 58505000.0,
        "Selling General And Administration": 56268000.0,
        "Gross Profit": 144273000.0,
        "Cost Of Revenue": 2535000.0,
        "Total Revenue": 146808000.0,
        "Operating Revenue": 146808000.0
    }
}