{
    "2023-03-31": {
        "Tax Effect Of Unusual Items": NaN,
        "Tax Rate For Calcs": NaN,
        "Normalized EBITDA": NaN,
        "Total Unusual Items": NaN,
        "Total Unusual Items Excluding Goodwill": NaN,
        "Net Income From Continuing Operation Net Minority Interest": NaN,
        "Reconciled Cost Of Revenue": NaN,
        "EBITDA": NaN,
        "EBIT": NaN,
        "Net Interest Income": NaN,
        "Interest Expense": NaN,
        "Interest Income": NaN,
        "Normalized Income": NaN,
        "Net Income From Continuing And Discontinued Operation": NaN,
        "Total Expenses": NaN,
        "Total Operating Income As Reported": NaN,
        "Diluted Average Shares": NaN,
        "Basic Average Shares": NaN,
        "Diluted EPS": NaN,
        "Basic EPS": NaN,
        "Diluted NI Availto Com Stockholders": NaN,
        "Net Income Common Stockholders": NaN,
        "Net Income": NaN,
        "Net Income Including Noncontrolling Interests": NaN,
        "Net Income Continuous Operations": NaN,
        "Tax Provision": NaN,
        "Pretax Income": NaN,
        "Other Income Expense": NaN,
        "Other Non Operating Income Expenses": NaN,
        "Gain On Sale Of Security": NaN,
        "Net Non Operating Interest Income Expense": NaN,
        "Interest Expense Non Operating": NaN,
        "Interest Income Non Operating": NaN,
        "Operating Income": NaN,
        "Operating Expense": NaN,
        "Other Operating Expenses": NaN,
        "Selling General And Administration": NaN,
        "Selling And Marketing Expense": NaN,
        "General And Administrative Expense": 33228000.0,
        "Other Gand A": 33228000.0,
        "Gross Profit": NaN,
        "Cost Of Revenue": NaN,
        "Total Revenue": NaN,
        "Operating Revenue": NaN
    },
    "2022-12-31": {
        "Tax Effect Of Unusual Items": NaN,
        "Tax Rate For Calcs": NaN,
        "Normalized EBITDA": NaN,
        "Total Unusual Items": NaN,
        "Total Unusual Items Excluding Goodwill": NaN,
        "Net Income From Continuing Operation Net Minority Interest": NaN,
        "Reconciled Cost Of Revenue": NaN,
        "EBITDA": NaN,
        "EBIT": NaN,
        "Net Interest Income": NaN,
        "Interest Expense": NaN,
        "Interest Income": NaN,
        "Normalized Income": NaN,
        "Net Income From Continuing And Discontinued Operation": NaN,
        "Total Expenses": NaN,
        "Total Operating Income As Reported": NaN,
        "Diluted Average Shares": NaN,
        "Basic Average Shares": NaN,
        "Diluted EPS": NaN,
        "Basic EPS": NaN,
        "Diluted NI Availto Com Stockholders": NaN,
        "Net Income Common Stockholders": NaN,
        "Net Income": NaN,
        "Net Income Including Noncontrolling Interests": NaN,
        "Net Income Continuous Operations": NaN,
        "Tax Provision": NaN,
        "Pretax Income": NaN,
        "Other Income Expense": NaN,
        "Other Non Operating Income Expenses": NaN,
        "Gain On Sale Of Security": NaN,
        "Net Non Operating Interest Income Expense": NaN,
        "Interest Expense Non Operating": NaN,
        "Interest Income Non Operating": NaN,
        "Operating Income": NaN,
        "Operating Expense": NaN,
        "Other Operating Expenses": NaN,
        "Selling General And Administration": NaN,
        "Selling And Marketing Expense": NaN,
        "General And Administrative Expense": 36492000.0,
        "Other Gand A": 36492000.0,
        "Gross Profit": NaN,
        "Cost Of Revenue": NaN,
        "Total Revenue": NaN,
        "Operating Revenue": NaN
    },
    "2022-09-30": {
        "Tax Effect Of Unusual Items": NaN,
        "Tax Rate For Calcs": NaN,
        "Normalized EBITDA": NaN,
        "Total Unusual Items": NaN,
        "Total Unusual Items Excluding Goodwill": NaN,
        "Net Income From Continuing Operation Net Minority Interest": NaN,
        "Reconciled Cost Of Revenue": NaN,
        "EBITDA": NaN,
        "EBIT": NaN,
        "Net Interest Income": NaN,
        "Interest Expense": NaN,
        "Interest Income": NaN,
        "Normalized Income": NaN,
        "Net Income From Continuing And Discontinued Operation": NaN,
        "Total Expenses": NaN,
        "Total Operating Income As Reported": NaN,
        "Diluted Average Shares": NaN,
        "Basic Average Shares": NaN,
        "Diluted EPS": NaN,
        "Basic EPS": NaN,
        "Diluted NI Availto Com Stockholders": NaN,
        "Net Income Common Stockholders": NaN,
        "Net Income": NaN,
        "Net Income Including Noncontrolling Interests": NaN,
        "Net Income Continuous Operations": NaN,
        "Tax Provision": NaN,
        "Pretax Income": NaN,
        "Other Income Expense": NaN,
        "Other Non Operating Income Expenses": NaN,
        "Gain On Sale Of Security": NaN,
        "Net Non Operating Interest Income Expense": NaN,
        "Interest Expense Non Operating": NaN,
        "Interest Income Non Operating": NaN,
        "Operating Income": NaN,
        "Operating Expense": NaN,
        "Other Operating Expenses": NaN,
        "Selling General And Administration": NaN,
        "Selling And Marketing Expense": NaN,
        "General And Administrative Expense": 30363000.0,
        "Other Gand A": 30363000.0,
        "Gross Profit": NaN,
        "Cost Of Revenue": NaN,
        "Total Revenue": NaN,
        "Operating Revenue": NaN
    },
    "2022-06-30": {
        "Tax Effect Of Unusual Items": 3787214.776579,
        "Tax Rate For Calcs": 0.035449,
        "Normalized EBITDA": 43070000.0,
        "Total Unusual Items": 106836000.0,
        "Total Unusual Items Excluding Goodwill": 106836000.0,
        "Net Income From Continuing Operation Net Minority Interest": 124076000.0,
        "Reconciled Cost Of Revenue": 494669000.0,
        "EBITDA": 149906000.0,
        "EBIT": 149906000.0,
        "Net Interest Income": -17744000.0,
        "Interest Expense": 21270000.0,
        "Interest Income": 3526000.0,
        "Normalized Income": 21027214.776579,
        "Net Income From Continuing And Discontinued Operation": 124076000.0,
        "Total Expenses": 651133000.0,
        "Total Operating Income As Reported": 42261000.0,
        "Diluted Average Shares": 41211540.0,
        "Basic Average Shares": 41211540.0,
        "Diluted EPS": 3.01,
        "Basic EPS": 3.01,
        "Diluted NI Availto Com Stockholders": 124076000.0,
        "Net Income Common Stockholders": 124076000.0,
        "Net Income": 124076000.0,
        "Net Income Including Noncontrolling Interests": 124076000.0,
        "Net Income Continuous Operations": 124076000.0,
        "Tax Provision": 4560000.0,
        "Pretax Income": 128636000.0,
        "Other Income Expense": 104119000.0,
        "Other Non Operating Income Expenses": -2717000.0,
        "Gain On Sale Of Security": 106836000.0,
        "Net Non Operating Interest Income Expense": -17744000.0,
        "Interest Expense Non Operating": 21270000.0,
        "Interest Income Non Operating": 3526000.0,
        "Operating Income": 42262000.0,
        "Operating Expense": 156464000.0,
        "Other Operating Expenses": 100242000.0,
        "Selling General And Administration": 56222000.0,
        "Selling And Marketing Expense": 56222000.0,
        "Gross Profit": 198726000.0,
        "Cost Of Revenue": 494669000.0,
        "Total Revenue": 693395000.0,
        "Operating Revenue": 683677000.0
    },
    "2022-03-31": {
        "Diluted EPS": 0.47,
        "Total Revenue": 572,
        "Gross Profit": 341,
        "Operating Income": 45,
        "EBIT": 45,
        "Net Income": 20
    },
    "2021-12-31": {
        "Diluted EPS": 2.78,
        "Total Revenue": 575,
        "Gross Profit": 433,
        "Operating Income": 161,
        "EBIT": 161,
        "Net Income": 118
    },
    "2021-09-30": {
        "Diluted EPS": 0.19,
        "Total Revenue": 445,
        "Gross Profit": 298,
        "Operating Income": 59,
        "EBIT": 59,
        "Net Income": 8
    },
    "2021-06-30": {
        "Diluted EPS": 0.66,
        "Total Revenue": 304,
        "Gross Profit": 209,
        "Operating Income": 9,
        "EBIT": 9,
        "Net Income": 28
    },
    "2021-03-31": {
        "Diluted EPS": -2.6,
        "Total Revenue": 186,
        "Gross Profit": 109,
        "Operating Income": -77,
        "EBIT": -77,
        "Net Income": -111
    },
    "2020-12-31": {
        "Diluted EPS": -9.4,
        "Total Revenue": -517,
        "Gross Profit": -360,
        "Operating Income": -335,
        "EBIT": -335,
        "Net Income": -399
    },
    "2020-09-30": {
        "Diluted EPS": 2.45,
        "Total Revenue": 708,
        "Gross Profit": 474,
        "Operating Income": 133,
        "EBIT": 133,
        "Net Income": 104
    },
    "2020-06-30": {
        "Diluted EPS": -9.08,
        "Total Revenue": 15,
        "Gross Profit": 6,
        "Operating Income": -358,
        "EBIT": -358,
        "Net Income": -386
    },
    "2020-03-31": {
        "Diluted EPS": 1.75,
        "Total Revenue": 595,
        "Gross Profit": 409,
        "Operating Income": 99,
        "EBIT": 99,
        "Net Income": 74
    },
    "2019-12-31": {
        "Diluted EPS": 0.05,
        "Total Revenue": 682,
        "Gross Profit": 448,
        "Operating Income": 18,
        "EBIT": 18,
        "Net Income": 3
    },
    "2019-09-30": {
        "Diluted EPS": 2.45,
        "Total Revenue": 708,
        "Gross Profit": 474,
        "Operating Income": 133,
        "EBIT": 133,
        "Net Income": 104
    },
    "2019-06-30": {
        "Diluted EPS": 1.2,
        "Total Revenue": 645,
        "Gross Profit": 411,
        "Operating Income": 83,
        "EBIT": 83,
        "Net Income": 51
    },
    "2019-03-31": {
        "Diluted EPS": 2.11,
        "Total Revenue": 672,
        "Gross Profit": 448,
        "Operating Income": 113,
        "EBIT": 113,
        "Net Income": 89
    },
    "2018-12-31": {
        "Diluted EPS": -3.67,
        "Total Revenue": 656,
        "Gross Profit": 406,
        "Operating Income": -126,
        "EBIT": -126,
        "Net Income": -156
    },
    "2018-09-30": {
        "Diluted EPS": 1.36,
        "Total Revenue": 672,
        "Gross Profit": 418,
        "Operating Income": 78,
        "EBIT": 78,
        "Net Income": 58
    },
    "2018-06-30": {
        "Diluted EPS": 1.17,
        "Total Revenue": 634,
        "Gross Profit": 388,
        "Operating Income": 60,
        "EBIT": 60,
        "Net Income": 50
    },
    "2018-03-31": {
        "Diluted EPS": 3.22,
        "Total Revenue": 715,
        "Gross Profit": 485,
        "Operating Income": 148,
        "EBIT": 148,
        "Net Income": 137
    },
    "2017-12-31": {
        "Diluted EPS": 2.34,
        "Total Revenue": 674,
        "Gross Profit": 449,
        "Operating Income": 109,
        "EBIT": 109,
        "Net Income": 99
    },
    "2017-09-30": {
        "Diluted EPS": 2.48,
        "Total Revenue": 659,
        "Gross Profit": 446,
        "Operating Income": 121,
        "EBIT": 121,
        "Net Income": 105
    },
    "2017-06-30": {
        "Diluted EPS": 1.38,
        "Total Revenue": 574,
        "Gross Profit": 393,
        "Operating Income": 79,
        "EBIT": 79,
        "Net Income": 59
    },
    "2017-03-31": {
        "Diluted EPS": 2.38,
        "Total Revenue": 615,
        "Gross Profit": 430,
        "Operating Income": 116,
        "EBIT": 116,
        "Net Income": 101
    },
    "2016-12-31": {
        "Diluted EPS": 2.12,
        "Total Revenue": 601,
        "Gross Profit": 399,
        "Operating Income": 69,
        "EBIT": 69,
        "Net Income": 91
    },
    "2016-09-30": {
        "Diluted EPS": 1.75,
        "Total Revenue": 568,
        "Gross Profit": 373,
        "Operating Income": 78,
        "EBIT": 78,
        "Net Income": 74
    },
    "2016-06-30": {
        "Diluted EPS": 1.29,
        "Total Revenue": 495,
        "Gross Profit": 324,
        "Operating Income": 35,
        "EBIT": 35,
        "Net Income": 55
    },
    "2016-03-31": {
        "Diluted EPS": 2.74,
        "Total Revenue": 557,
        "Gross Profit": 389,
        "Operating Income": 94,
        "EBIT": 94,
        "Net Income": 115
    },
    "2015-12-31": {
        "Diluted EPS": -9.3,
        "Total Revenue": 533,
        "Gross Profit": 301,
        "Operating Income": 39,
        "EBIT": 39,
        "Net Income": -408
    },
    "2015-09-30": {
        "Diluted EPS": 0.14,
        "Total Revenue": 547,
        "Gross Profit": 307,
        "Operating Income": 51,
        "EBIT": 51,
        "Net Income": 6
    },
    "2015-06-30": {
        "Diluted EPS": 1.46,
        "Total Revenue": 538,
        "Gross Profit": 291,
        "Operating Income": 49,
        "EBIT": 49,
        "Net Income": 64
    },
    "2015-03-31": {
        "Diluted EPS": 2.57,
        "Total Revenue": 632,
        "Gross Profit": 379,
        "Operating Income": 127,
        "EBIT": 127,
        "Net Income": 113
    },
    "2014-12-31": {
        "Diluted EPS": 0.59,
        "Total Revenue": 654,
        "Gross Profit": 367,
        "Operating Income": 102,
        "EBIT": 102,
        "Net Income": 26
    },
    "2014-09-30": {
        "Diluted EPS": 1.49,
        "Total Revenue": 664,
        "Gross Profit": 358,
        "Operating Income": 111,
        "EBIT": 111,
        "Net Income": 66
    },
    "2014-06-30": {
        "Diluted EPS": 2.66,
        "Total Revenue": 674,
        "Gross Profit": 373,
        "Operating Income": 131,
        "EBIT": 131,
        "Net Income": 118
    },
    "2014-03-31": {
        "Diluted EPS": 3.41,
        "Total Revenue": 714,
        "Gross Profit": 417,
        "Operating Income": 177,
        "EBIT": 177,
        "Net Income": 151
    },
    "2013-12-31": {
        "Diluted EPS": 2.55,
        "Total Revenue": 698,
        "Gross Profit": 411,
        "Operating Income": 130,
        "EBIT": 130,
        "Net Income": 113
    },
    "2013-09-30": {
        "Diluted EPS": 2.84,
        "Total Revenue": 677,
        "Gross Profit": 389,
        "Operating Income": 147,
        "EBIT": 147,
        "Net Income": 126
    },
    "2013-06-30": {
        "Diluted EPS": 1.68,
        "Total Revenue": 592,
        "Gross Profit": 324,
        "Operating Income": 98,
        "EBIT": 98,
        "Net Income": 74
    },
    "2013-03-31": {
        "Diluted EPS": 2.56,
        "Total Revenue": 641,
        "Gross Profit": 358,
        "Operating Income": 143,
        "EBIT": 143,
        "Net Income": 114
    },
    "2012-12-31": {
        "Diluted EPS": 1.95,
        "Total Revenue": 600,
        "Gross Profit": 321,
        "Operating Income": 104,
        "EBIT": 104,
        "Net Income": 87
    },
    "2012-09-30": {
        "Diluted EPS": 2.52,
        "Total Revenue": 590,
        "Gross Profit": 323,
        "Operating Income": 114,
        "EBIT": 114,
        "Net Income": 112
    },
    "2012-06-30": {
        "Diluted EPS": 0.72,
        "Total Revenue": 516,
        "Gross Profit": 268,
        "Operating Income": 73,
        "EBIT": 73,
        "Net Income": 32
    },
    "2012-03-31": {
        "Diluted EPS": 2.16,
        "Total Revenue": 543,
        "Gross Profit": 302,
        "Operating Income": 112,
        "EBIT": 112,
        "Net Income": 96
    },
    "2011-12-31": {
        "Diluted EPS": 2.32,
        "Total Revenue": 506,
        "Gross Profit": 288,
        "Operating Income": 110,
        "EBIT": 110,
        "Net Income": 104
    },
    "2011-09-30": {
        "Diluted EPS": 1.59,
        "Total Revenue": 474,
        "Gross Profit": 271,
        "Operating Income": 99,
        "EBIT": 99,
        "Net Income": 70
    },
    "2011-06-30": {
        "Diluted EPS": 0.93,
        "Total Revenue": 428,
        "Gross Profit": 235,
        "Operating Income": 75,
        "EBIT": 75,
        "Net Income": 41
    },
    "2011-03-31": {
        "Diluted EPS": 2.14,
        "Total Revenue": 423,
        "Gross Profit": 257,
        "Operating Income": 101,
        "EBIT": 101,
        "Net Income": 94
    },
    "2010-12-31": {
        "Diluted EPS": 2.21,
        "Total Revenue": 408,
        "Gross Profit": 251,
        "Operating Income": 94,
        "EBIT": 94,
        "Net Income": 98
    },
    "2010-09-30": {
        "Diluted EPS": 1.63,
        "Total Revenue": 363,
        "Gross Profit": 220,
        "Operating Income": 74,
        "EBIT": 74,
        "Net Income": 72
    },
    "2010-06-30": {
        "Diluted EPS": 0.67,
        "Total Revenue": 304,
        "Gross Profit": 179,
        "Operating Income": 44,
        "EBIT": 44,
        "Net Income": 29
    },
    "2010-03-31": {
        "Diluted EPS": 0.97,
        "Total Revenue": 339,
        "Gross Profit": 215,
        "Operating Income": 78,
        "EBIT": 78,
        "Net Income": 42
    },
    "2009-12-31": {
        "Diluted EPS": 1.8,
        "Total Revenue": 346,
        "Gross Profit": 224,
        "Operating Income": 89,
        "EBIT": 89,
        "Net Income": 79
    },
    "2009-09-30": {
        "Diluted EPS": 0.98,
        "Total Revenue": 324,
        "Gross Profit": 196,
        "Operating Income": 46,
        "EBIT": 46,
        "Net Income": 43
    },
    "2009-06-30": {
        "Diluted EPS": 1.26,
        "Total Revenue": 278,
        "Gross Profit": 162,
        "Operating Income": 37,
        "EBIT": 37,
        "Net Income": 55
    },
    "2009-03-31": {
        "Diluted EPS": 1.63,
        "Total Revenue": 309,
        "Gross Profit": 192,
        "Operating Income": 69,
        "EBIT": 69,
        "Net Income": 72
    },
    "2023-06-30": {
        "Tax Effect Of Unusual Items": -28089810.0,
        "Tax Rate For Calcs": 0.21,
        "Normalized EBITDA": 207562000.0,
        "Total Unusual Items": -133761000.0,
        "Total Unusual Items Excluding Goodwill": -133761000.0,
        "Net Income From Continuing Operation Net Minority Interest": 17509000.0,
        "Reconciled Cost Of Revenue": 501763000.0,
        "EBITDA": 73801000.0,
        "EBIT": 73801000.0,
        "Net Interest Income": -18547000.0,
        "Interest Expense": 30517000.0,
        "Interest Income": 11970000.0,
        "Normalized Income": 123180190.0,
        "Net Income From Continuing And Discontinued Operation": 17509000.0,
        "Total Expenses": 614522000.0,
        "Total Operating Income As Reported": 194667000.0,
        "Diluted Average Shares": 39444000.0,
        "Basic Average Shares": 39444000.0,
        "Diluted EPS": 0.44,
        "Basic EPS": 0.44,
        "Diluted NI Availto Com Stockholders": 17509000.0,
        "Net Income Common Stockholders": 17509000.0,
        "Net Income": 17509000.0,
        "Net Income Including Noncontrolling Interests": 17509000.0,
        "Net Income Continuous Operations": 17509000.0,
        "Tax Provision": 25775000.0,
        "Pretax Income": 43284000.0,
        "Other Income Expense": -132836000.0,
        "Other Non Operating Income Expenses": 925000.0,
        "Gain On Sale Of Security": -133761000.0,
        "Net Non Operating Interest Income Expense": -18547000.0,
        "Interest Expense Non Operating": 30517000.0,
        "Interest Income Non Operating": 11970000.0,
        "Operating Income": 194668000.0,
        "Operating Expense": 112759000.0,
        "Other Operating Expenses": 56163000.0,
        "Selling General And Administration": 56596000.0,
        "Selling And Marketing Expense": 56596000.0,
        "General And Administrative Expense": 31158000.0,
        "Other Gand A": 31158000.0,
        "Gross Profit": 307427000.0,
        "Cost Of Revenue": 501763000.0,
        "Total Revenue": 809190000.0,
        "Operating Revenue": 797669000.0
    },
    "2023-09-30": {
        "Tax Effect Of Unusual Items": 9563035.436135,
        "Tax Rate For Calcs": 0.126676,
        "Normalized EBITDA": 221989000.0,
        "Total Unusual Items": 75492000.0,
        "Total Unusual Items Excluding Goodwill": 75492000.0,
        "Net Income From Continuing Operation Net Minority Interest": 187375000.0,
        "Reconciled Cost Of Revenue": 549770000.0,
        "EBITDA": 297481000.0,
        "EBIT": 297481000.0,
        "Net Interest Income": -67818000.0,
        "Interest Expense": 82926000.0,
        "Interest Income": 15108000.0,
        "Normalized Income": 121446035.436135,
        "Net Income From Continuing And Discontinued Operation": 187375000.0,
        "Total Expenses": 662698000.0,
        "Total Operating Income As Reported": 205014000.0,
        "Diluted Average Shares": 39730180.0,
        "Basic Average Shares": 39730180.0,
        "Diluted EPS": 4.72,
        "Basic EPS": 4.72,
        "Diluted NI Availto Com Stockholders": 187375000.0,
        "Net Income Common Stockholders": 187375000.0,
        "Net Income": 187375000.0,
        "Net Income Including Noncontrolling Interests": 187376000.0,
        "Net Income Continuous Operations": 187376000.0,
        "Tax Provision": 27179000.0,
        "Pretax Income": 214555000.0,
        "Other Income Expense": 77359000.0,
        "Other Non Operating Income Expenses": 1867000.0,
        "Gain On Sale Of Security": 75492000.0,
        "Net Non Operating Interest Income Expense": -67818000.0,
        "Interest Expense Non Operating": 82926000.0,
        "Interest Income Non Operating": 15108000.0,
        "Operating Income": 205012000.0,
        "Operating Expense": 112928000.0,
        "Other Operating Expenses": 58870000.0,
        "Selling General And Administration": 54058000.0,
        "Selling And Marketing Expense": 54058000.0,
        "General And Administrative Expense": 29394000.0,
        "Other Gand A": 29394000.0,
        "Gross Profit": 317940000.0,
        "Cost Of Revenue": 549770000.0,
        "Total Revenue": 867710000.0,
        "Operating Revenue": 856737000.0
    },
    "2023-12-31": {
        "Tax Effect Of Unusual Items": -30016.95638,
        "Tax Rate For Calcs": 0.110764,
        "Normalized EBITDA": 231750000.0,
        "Total Unusual Items": -271000.0,
        "Total Unusual Items Excluding Goodwill": -271000.0,
        "Net Income From Continuing Operation Net Minority Interest": 187692000.0,
        "Reconciled Cost Of Revenue": 578530000.0,
        "EBITDA": 231479000.0,
        "EBIT": 231479000.0,
        "Net Interest Income": -6120000.0,
        "Interest Expense": 20408000.0,
        "Interest Income": 14288000.0,
        "Normalized Income": 187932983.04362,
        "Net Income From Continuing And Discontinued Operation": 187692000.0,
        "Total Expenses": 698503000.0,
        "Total Operating Income As Reported": 214336000.0,
        "Diluted Average Shares": 42149854.0,
        "Basic Average Shares": 42149854.0,
        "Diluted EPS": 4.55,
        "Basic EPS": 4.55,
        "Diluted NI Availto Com Stockholders": 187692000.0,
        "Net Income Common Stockholders": 187692000.0,
        "Net Income": 187692000.0,
        "Net Income Including Noncontrolling Interests": 187692000.0,
        "Net Income Continuous Operations": 187692000.0,
        "Tax Provision": 23379000.0,
        "Pretax Income": 211071000.0,
        "Other Income Expense": 2855000.0,
        "Other Non Operating Income Expenses": 3126000.0,
        "Gain On Sale Of Security": -271000.0,
        "Net Non Operating Interest Income Expense": -6120000.0,
        "Interest Expense Non Operating": 20408000.0,
        "Interest Income Non Operating": 14288000.0,
        "Operating Income": 214337000.0,
        "Operating Expense": 119973000.0,
        "Other Operating Expenses": 64862000.0,
        "Selling General And Administration": 55111000.0,
        "Selling And Marketing Expense": 55111000.0,
        "General And Administrative Expense": NaN,
        "Other Gand A": NaN,
        "Gross Profit": 334310000.0,
        "Cost Of Revenue": 578530000.0,
        "Total Revenue": 912840000.0,
        "Operating Revenue": 901791000.0
    },
    "2024-03-31": {
        "Tax Effect Of Unusual Items": -583812.199673,
        "Tax Rate For Calcs": 0.148856,
        "Normalized EBITDA": 229620000.0,
        "Total Unusual Items": -3922000.0,
        "Total Unusual Items Excluding Goodwill": -3922000.0,
        "Net Income From Continuing Operation Net Minority Interest": 176066000.0,
        "Reconciled Cost Of Revenue": 558689000.0,
        "EBITDA": 225698000.0,
        "EBIT": 225698000.0,
        "Net Interest Income": -5094000.0,
        "Interest Expense": 18840000.0,
        "Interest Income": 13746000.0,
        "Normalized Income": 179404187.800327,
        "Net Income From Continuing And Discontinued Operation": 176066000.0,
        "Total Expenses": 677482000.0,
        "Total Operating Income As Reported": 215985000.0,
        "Diluted Average Shares": 42052000.0,
        "Basic Average Shares": 42052000.0,
        "Diluted EPS": 4.19,
        "Basic EPS": 4.19,
        "Diluted NI Availto Com Stockholders": 176066000.0,
        "Net Income Common Stockholders": 176066000.0,
        "Net Income": 176066000.0,
        "Net Income Including Noncontrolling Interests": 176066000.0,
        "Net Income Continuous Operations": 176066000.0,
        "Tax Provision": 30792000.0,
        "Pretax Income": 206858000.0,
        "Other Income Expense": -4034000.0,
        "Other Non Operating Income Expenses": -112000.0,
        "Gain On Sale Of Security": -3922000.0,
        "Net Non Operating Interest Income Expense": -5094000.0,
        "Interest Expense Non Operating": 18840000.0,
        "Interest Income Non Operating": 13746000.0,
        "Operating Income": 215984000.0,
        "Operating Expense": 118793000.0,
        "Other Operating Expenses": 63299000.0,
        "Selling General And Administration": 55494000.0,
        "Selling And Marketing Expense": 55494000.0,
        "General And Administrative Expense": NaN,
        "Other Gand A": NaN,
        "Gross Profit": 334777000.0,
        "Cost Of Revenue": 558689000.0,
        "Total Revenue": 893466000.0,
        "Operating Revenue": 880635000.0
    },
    "2024-06-30": {
        "Tax Effect Of Unusual Items": -1964158.645948,
        "Tax Rate For Calcs": 0.144807,
        "Normalized EBITDA": 174811000.0,
        "Total Unusual Items": -13564000.0,
        "Total Unusual Items Excluding Goodwill": -13564000.0,
        "Net Income From Continuing Operation Net Minority Interest": 120253000.0,
        "Reconciled Cost Of Revenue": 541581000.0,
        "EBITDA": 161247000.0,
        "EBIT": 161247000.0,
        "Net Interest Income": -7095000.0,
        "Interest Expense": 20632000.0,
        "Interest Income": 13537000.0,
        "Normalized Income": 131852841.354052,
        "Net Income From Continuing And Discontinued Operation": 120253000.0,
        "Total Expenses": 659895000.0,
        "Total Operating Income As Reported": 159507000.0,
        "Diluted Average Shares": 41715000.0,
        "Basic Average Shares": 41715000.0,
        "Diluted EPS": 2.88,
        "Basic EPS": 2.88,
        "Diluted NI Availto Com Stockholders": 120253000.0,
        "Net Income Common Stockholders": 120253000.0,
        "Net Income": 120253000.0,
        "Net Income Including Noncontrolling Interests": 120253000.0,
        "Net Income Continuous Operations": 120253000.0,
        "Tax Provision": 20362000.0,
        "Pretax Income": 140615000.0,
        "Other Income Expense": -11798000.0,
        "Other Non Operating Income Expenses": 1766000.0,
        "Gain On Sale Of Security": -13564000.0,
        "Net Non Operating Interest Income Expense": -7095000.0,
        "Interest Expense Non Operating": 20632000.0,
        "Interest Income Non Operating": 13537000.0,
        "Operating Income": 159508000.0,
        "Operating Expense": 118314000.0,
        "Other Operating Expenses": 66104000.0,
        "Selling General And Administration": 52210000.0,
        "Selling And Marketing Expense": 52210000.0,
        "General And Administrative Expense": NaN,
        "Other Gand A": NaN,
        "Gross Profit": 277822000.0,
        "Cost Of Revenue": 541581000.0,
        "Total Revenue": 819403000.0,
        "Operating Revenue": 806681000.0
    }
}