{
    "2023-03-31": {
        "Tax Effect Of Unusual Items": 10258000.0,
        "Tax Rate For Calcs": 0.4,
        "Normalized EBITDA": 316569000.0,
        "Total Unusual Items": 25645000.0,
        "Total Unusual Items Excluding Goodwill": 25645000.0,
        "Net Income From Continuing Operation Net Minority Interest": 220638000.0,
        "Reconciled Depreciation": 125965000.0,
        "Reconciled Cost Of Revenue": 345826000.0,
        "EBIT": 216249000.0,
        "Net Interest Income": -46306000.0,
        "Interest Expense": 46306000.0,
        "Normalized Income": 205251000.0,
        "Net Income From Continuing And Discontinued Operation": 220638000.0,
        "Total Expenses": 375856000.0,
        "Total Operating Income As Reported": 184190000.0,
        "Diluted Average Shares": 61874000.0,
        "Basic Average Shares": 61625000.0,
        "Diluted EPS": 3.57,
        "Basic EPS": 3.58,
        "Diluted NI Availto Com Stockholders": 220638000.0,
        "Net Income Common Stockholders": 220638000.0,
        "Net Income": 220638000.0,
        "Net Income Including Noncontrolling Interests": 220638000.0,
        "Net Income Continuous Operations": 220638000.0,
        "Tax Provision": -50695000.0,
        "Pretax Income": 169943000.0,
        "Other Income Expense": 32059000.0,
        "Other Non Operating Income Expenses": 6414000.0,
        "Special Income Charges": 0.0,
        "Other Special Charges": NaN,
        "Impairment Of Capital Assets": NaN,
        "Restructuring And Mergern Acquisition": 0.0,
        "Gain On Sale Of Security": 25645000.0,
        "Net Non Operating Interest Income Expense": -46306000.0,
        "Total Other Finance Cost": 2631000.0,
        "Interest Expense Non Operating": 46306000.0,
        "Operating Income": 184190000.0,
        "Operating Expense": 30030000.0,
        "Other Operating Expenses": 2232000.0,
        "Selling General And Administration": 27798000.0,
        "General And Administrative Expense": 27798000.0,
        "Other Gand A": 27798000.0,
        "Gross Profit": 214220000.0,
        "Cost Of Revenue": 345826000.0,
        "Total Revenue": 560046000.0,
        "Operating Revenue": 560046000.0
    },
    "2022-12-31": {
        "Tax Effect Of Unusual Items": -502158.181005,
        "Tax Rate For Calcs": 0.017259,
        "Normalized EBITDA": 455594000.0,
        "Total Unusual Items": -29096000.0,
        "Total Unusual Items Excluding Goodwill": -29096000.0,
        "Net Income From Continuing Operation Net Minority Interest": 272467000.0,
        "Reconciled Depreciation": 131296000.0,
        "Reconciled Cost Of Revenue": 365095000.0,
        "EBIT": 295202000.0,
        "Net Interest Income": -17950000.0,
        "Interest Expense": 17950000.0,
        "Normalized Income": 301060841.818995,
        "Net Income From Continuing And Discontinued Operation": 272467000.0,
        "Total Expenses": 380436000.0,
        "Total Operating Income As Reported": 323813000.0,
        "Diluted Average Shares": 61835000.0,
        "Basic Average Shares": 61608000.0,
        "Diluted EPS": 4.41,
        "Basic EPS": 4.42,
        "Diluted NI Availto Com Stockholders": 272467000.0,
        "Net Income Common Stockholders": 272467000.0,
        "Net Income": 272467000.0,
        "Net Income Including Noncontrolling Interests": 272467000.0,
        "Net Income Continuous Operations": 272467000.0,
        "Tax Provision": 4785000.0,
        "Pretax Income": 277252000.0,
        "Other Income Expense": -28611000.0,
        "Other Non Operating Income Expenses": 485000.0,
        "Special Income Charges": -3241000.0,
        "Other Special Charges": 3241000.0,
        "Impairment Of Capital Assets": NaN,
        "Restructuring And Mergern Acquisition": 0.0,
        "Gain On Sale Of Security": -25855000.0,
        "Net Non Operating Interest Income Expense": -17950000.0,
        "Total Other Finance Cost": 2653000.0,
        "Interest Expense Non Operating": 17950000.0,
        "Operating Income": 323813000.0,
        "Operating Expense": 15341000.0,
        "Other Operating Expenses": NaN,
        "Selling General And Administration": 15341000.0,
        "General And Administrative Expense": 15341000.0,
        "Other Gand A": 15341000.0,
        "Gross Profit": 339154000.0,
        "Cost Of Revenue": 365095000.0,
        "Total Revenue": 704249000.0,
        "Operating Revenue": 704249000.0
    },
    "2022-09-30": {
        "Tax Effect Of Unusual Items": 856955.929838,
        "Tax Rate For Calcs": 0.006355,
        "Normalized EBITDA": 560569000.0,
        "Total Unusual Items": 134850000.0,
        "Total Unusual Items Excluding Goodwill": 134850000.0,
        "Net Income From Continuing Operation Net Minority Interest": 549603000.0,
        "Reconciled Depreciation": 122833000.0,
        "Reconciled Cost Of Revenue": 381258000.0,
        "EBIT": 572586000.0,
        "Net Interest Income": -19468000.0,
        "Interest Expense": 19468000.0,
        "Normalized Income": 415609955.929838,
        "Net Income From Continuing And Discontinued Operation": 549603000.0,
        "Total Expenses": 395280000.0,
        "Total Operating Income As Reported": 440597000.0,
        "Diluted Average Shares": 61870000.0,
        "Basic Average Shares": 61703000.0,
        "Diluted EPS": 8.88,
        "Basic EPS": 8.91,
        "Diluted NI Availto Com Stockholders": 549603000.0,
        "Net Income Common Stockholders": 549603000.0,
        "Net Income": 549603000.0,
        "Net Income Including Noncontrolling Interests": 549603000.0,
        "Net Income Continuous Operations": 549603000.0,
        "Tax Provision": 3515000.0,
        "Pretax Income": 553118000.0,
        "Other Income Expense": 131989000.0,
        "Other Non Operating Income Expenses": -2861000.0,
        "Special Income Charges": 0.0,
        "Other Special Charges": NaN,
        "Impairment Of Capital Assets": NaN,
        "Restructuring And Mergern Acquisition": 0.0,
        "Gain On Sale Of Security": 134850000.0,
        "Net Non Operating Interest Income Expense": -19468000.0,
        "Total Other Finance Cost": 2559000.0,
        "Interest Expense Non Operating": 19468000.0,
        "Operating Income": 440597000.0,
        "Operating Expense": 14022000.0,
        "Other Operating Expenses": NaN,
        "Selling General And Administration": 14022000.0,
        "General And Administrative Expense": 14022000.0,
        "Other Gand A": 14022000.0,
        "Gross Profit": 454619000.0,
        "Cost Of Revenue": 381258000.0,
        "Total Revenue": 835877000.0,
        "Operating Revenue": 835877000.0
    },
    "2022-06-30": {
        "Tax Effect Of Unusual Items": -1063511.230193,
        "Tax Rate For Calcs": 0.008572,
        "Normalized EBITDA": 605183000.0,
        "Total Unusual Items": -124065000.0,
        "Total Unusual Items Excluding Goodwill": -124065000.0,
        "Net Income From Continuing Operation Net Minority Interest": 348009000.0,
        "Reconciled Depreciation": 109409000.0,
        "Reconciled Cost Of Revenue": 405886000.0,
        "EBIT": 371709000.0,
        "Net Interest Income": -20691000.0,
        "Interest Expense": 20691000.0,
        "Normalized Income": 471010488.769807,
        "Net Income From Continuing And Discontinued Operation": 348009000.0,
        "Total Expenses": 416795000.0,
        "Total Operating Income As Reported": 496825000.0,
        "Diluted Average Shares": 61909000.0,
        "Basic Average Shares": 61679000.0,
        "Diluted EPS": 4.9,
        "Basic EPS": 4.92,
        "Diluted NI Availto Com Stockholders": 348009000.0,
        "Net Income Common Stockholders": 348009000.0,
        "Net Income": 348009000.0,
        "Net Income Including Noncontrolling Interests": 348009000.0,
        "Net Income Continuous Operations": 348009000.0,
        "Tax Provision": 3009000.0,
        "Pretax Income": 351018000.0,
        "Other Income Expense": -125116000.0,
        "Other Non Operating Income Expenses": -1051000.0,
        "Special Income Charges": -42417000.0,
        "Other Special Charges": 42417000.0,
        "Impairment Of Capital Assets": NaN,
        "Restructuring And Mergern Acquisition": 0.0,
        "Gain On Sale Of Security": -81648000.0,
        "Net Non Operating Interest Income Expense": -20691000.0,
        "Total Other Finance Cost": NaN,
        "Interest Expense Non Operating": 20691000.0,
        "Operating Income": 496825000.0,
        "Operating Expense": 10909000.0,
        "Other Operating Expenses": NaN,
        "Selling General And Administration": 10909000.0,
        "General And Administrative Expense": 10909000.0,
        "Other Gand A": 10909000.0,
        "Gross Profit": 507734000.0,
        "Cost Of Revenue": 405886000.0,
        "Total Revenue": 913620000.0,
        "Operating Revenue": 913620000.0
    },
    "2023-06-30": {
        "Tax Effect Of Unusual Items": -161000000.0,
        "Tax Rate For Calcs": 0.4,
        "Normalized EBITDA": 312979000.0,
        "Total Unusual Items": -402500000.0,
        "Total Unusual Items Excluding Goodwill": -402500000.0,
        "Net Income From Continuing Operation Net Minority Interest": -107896000.0,
        "Reconciled Depreciation": 127348000.0,
        "Reconciled Cost Of Revenue": 344948000.0,
        "EBIT": -216869000.0,
        "Net Interest Income": -47239000.0,
        "Interest Expense": 47239000.0,
        "Normalized Income": 133604000.0,
        "Net Income From Continuing And Discontinued Operation": -107896000.0,
        "Total Expenses": 376598000.0,
        "Total Operating Income As Reported": -222756000.0,
        "Diluted Average Shares": 61856000.0,
        "Basic Average Shares": 61856000.0,
        "Diluted EPS": -1.74,
        "Basic EPS": -1.74,
        "Diluted NI Availto Com Stockholders": -107896000.0,
        "Net Income Common Stockholders": -107896000.0,
        "Net Income": -107896000.0,
        "Net Income Including Noncontrolling Interests": -107896000.0,
        "Net Income Continuous Operations": -107896000.0,
        "Tax Provision": -156212000.0,
        "Pretax Income": -264108000.0,
        "Other Income Expense": -402554000.0,
        "Other Non Operating Income Expenses": -54000.0,
        "Special Income Charges": -408441000.0,
        "Other Special Charges": NaN,
        "Impairment Of Capital Assets": 406898000.0,
        "Restructuring And Mergern Acquisition": 1543000.0,
        "Gain On Sale Of Security": 5941000.0,
        "Net Non Operating Interest Income Expense": -47239000.0,
        "Total Other Finance Cost": NaN,
        "Interest Expense Non Operating": 47239000.0,
        "Operating Income": 185685000.0,
        "Operating Expense": 31650000.0,
        "Other Operating Expenses": 1882000.0,
        "Selling General And Administration": 29768000.0,
        "General And Administrative Expense": 29768000.0,
        "Other Gand A": 29768000.0,
        "Gross Profit": 217335000.0,
        "Cost Of Revenue": 344948000.0,
        "Total Revenue": 562283000.0,
        "Operating Revenue": 562283000.0
    },
    "2022-03-31": {
        "Diluted EPS": -0.13,
        "Total Revenue": 777,
        "Gross Profit": 666,
        "Operating Income": 397,
        "EBIT": 514,
        "Net Income": -8
    },
    "2021-12-31": {
        "Diluted EPS": 5.75,
        "Total Revenue": 692,
        "Gross Profit": 631,
        "Operating Income": 364,
        "EBIT": 480,
        "Net Income": 285
    },
    "2021-09-30": {
        "Diluted EPS": 3.65,
        "Total Revenue": 553,
        "Gross Profit": 503,
        "Operating Income": 311,
        "EBIT": 404,
        "Net Income": 172
    },
    "2021-06-30": {
        "Diluted EPS": -0.25,
        "Total Revenue": 440,
        "Gross Profit": 391,
        "Operating Income": 209,
        "EBIT": 294,
        "Net Income": -12
    },
    "2021-03-31": {
        "Diluted EPS": -1.89,
        "Total Revenue": 360,
        "Gross Profit": 319,
        "Operating Income": 154,
        "EBIT": 228,
        "Net Income": -80
    },
    "2020-12-31": {
        "Diluted EPS": -12.72,
        "Total Revenue": 296,
        "Gross Profit": 265,
        "Operating Income": -503,
        "EBIT": -404,
        "Net Income": -505
    },
    "2020-09-30": {
        "Diluted EPS": -17.12,
        "Total Revenue": 290,
        "Gross Profit": 269,
        "Operating Income": -630,
        "EBIT": -515,
        "Net Income": -680
    },
    "2020-06-30": {
        "Diluted EPS": -39.41,
        "Total Revenue": 157,
        "Gross Profit": 157,
        "Operating Income": NaN,
        "EBIT": NaN,
        "Net Income": NaN
    },
    "2020-03-31": {
        "Diluted EPS": 5.46,
        "Total Revenue": 290,
        "Gross Profit": 290,
        "Operating Income": 48,
        "EBIT": 180,
        "Net Income": 217
    },
    "2019-12-31": {
        "Diluted EPS": -1.09,
        "Total Revenue": 196,
        "Gross Profit": 196,
        "Operating Income": 19,
        "EBIT": 82,
        "Net Income": -24
    },
    "2019-09-30": {
        "Diluted EPS": 2.07,
        "Total Revenue": 155,
        "Gross Profit": 155,
        "Operating Income": 53,
        "EBIT": 111,
        "Net Income": 47
    },
    "2019-06-30": {
        "Diluted EPS": 2.3,
        "Total Revenue": 167,
        "Gross Profit": 167,
        "Operating Income": 59,
        "EBIT": 124,
        "Net Income": 53
    },
    "2019-03-31": {
        "Diluted EPS": -0.9,
        "Total Revenue": 153,
        "Gross Profit": 153,
        "Operating Income": 43,
        "EBIT": 105,
        "Net Income": -21
    },
    "2018-12-31": {
        "Diluted EPS": 6.86,
        "Total Revenue": 162,
        "Gross Profit": 162,
        "Operating Income": 58,
        "EBIT": 120,
        "Net Income": 154
    },
    "2018-09-30": {
        "Diluted EPS": 1.6,
        "Total Revenue": 161,
        "Gross Profit": 161,
        "Operating Income": 73,
        "EBIT": 123,
        "Net Income": 36
    },
    "2018-06-30": {
        "Diluted EPS": 2.3,
        "Total Revenue": 137,
        "Gross Profit": 137,
        "Operating Income": 67,
        "EBIT": 108,
        "Net Income": 49
    },
    "2018-03-31": {
        "Diluted EPS": 2.7,
        "Total Revenue": 127,
        "Gross Profit": 127,
        "Operating Income": 61,
        "EBIT": 98,
        "Net Income": 54
    },
    "2017-12-31": {
        "Diluted EPS": 1.0,
        "Total Revenue": 118,
        "Gross Profit": 118,
        "Operating Income": 54,
        "EBIT": 92,
        "Net Income": 21
    },
    "2017-09-30": {
        "Diluted EPS": 0.8,
        "Total Revenue": 85,
        "Gross Profit": 85,
        "Operating Income": 31,
        "EBIT": 61,
        "Net Income": 15
    },
    "2017-06-30": {
        "Diluted EPS": 1.6,
        "Total Revenue": 82,
        "Gross Profit": 82,
        "Operating Income": 24,
        "EBIT": 51,
        "Net Income": 32
    },
    "2017-03-31": {
        "Diluted EPS": 2.2,
        "Total Revenue": 81,
        "Gross Profit": 81,
        "Operating Income": 32,
        "EBIT": 58,
        "Net Income": 45
    },
    "2016-12-31": {
        "Diluted EPS": 2.0,
        "Total Revenue": 69,
        "Gross Profit": 69,
        "Operating Income": 21,
        "EBIT": 45,
        "Net Income": -4
    },
    "2016-09-30": {
        "Diluted EPS": 1.4,
        "Total Revenue": 56,
        "Gross Profit": 56,
        "Operating Income": 17,
        "EBIT": 35,
        "Net Income": 19
    },
    "2016-06-30": {
        "Diluted EPS": -6.1,
        "Total Revenue": 45,
        "Gross Profit": 45,
        "Operating Income": -51,
        "EBIT": -33,
        "Net Income": -72
    },
    "2016-03-31": {
        "Diluted EPS": -5.1,
        "Total Revenue": 31,
        "Gross Profit": 31,
        "Operating Income": -35,
        "EBIT": -18,
        "Net Income": -43
    },
    "2015-12-31": {
        "Diluted EPS": -17.3,
        "Total Revenue": 34,
        "Gross Profit": 34,
        "Operating Income": -119,
        "EBIT": -100,
        "Net Income": -115
    },
    "2015-09-30": {
        "Diluted EPS": -17.2,
        "Total Revenue": 34,
        "Gross Profit": 34,
        "Operating Income": -84,
        "EBIT": -67,
        "Net Income": -114
    },
    "2015-06-30": {
        "Diluted EPS": -1.1,
        "Total Revenue": 39,
        "Gross Profit": 39,
        "Operating Income": 6,
        "EBIT": 25,
        "Net Income": -7
    },
    "2015-03-31": {
        "Diluted EPS": -2.1,
        "Total Revenue": 30,
        "Gross Profit": 30,
        "Operating Income": -13,
        "EBIT": 7,
        "Net Income": -12
    },
    "2014-12-31": {
        "Diluted EPS": 3.5,
        "Total Revenue": 38,
        "Gross Profit": 38,
        "Operating Income": 8,
        "EBIT": 27,
        "Net Income": 17
    },
    "2014-09-30": {
        "Diluted EPS": 2.3,
        "Total Revenue": 40,
        "Gross Profit": 40,
        "Operating Income": 12,
        "EBIT": 28,
        "Net Income": 10
    },
    "2014-06-30": {
        "Diluted EPS": 0.7,
        "Total Revenue": 41,
        "Gross Profit": 41,
        "Operating Income": 12,
        "EBIT": 25,
        "Net Income": 3
    },
    "2014-03-31": {
        "Diluted EPS": 0.0,
        "Total Revenue": 33,
        "Gross Profit": 33,
        "Operating Income": 7,
        "EBIT": 17,
        "Net Income": 0
    },
    "2013-12-31": {
        "Diluted EPS": 0.3,
        "Total Revenue": 26,
        "Gross Profit": 26,
        "Operating Income": 2,
        "EBIT": 13,
        "Net Income": 1
    },
    "2013-09-30": {
        "Diluted EPS": -0.2,
        "Total Revenue": 31,
        "Gross Profit": 31,
        "Operating Income": 6,
        "EBIT": 18,
        "Net Income": -1
    },
    "2013-06-30": {
        "Diluted EPS": 0.0,
        "Total Revenue": 23,
        "Gross Profit": 23,
        "Operating Income": 1,
        "EBIT": 12,
        "Net Income": 0
    },
    "2013-03-31": {
        "Diluted EPS": -0.2,
        "Total Revenue": 23,
        "Gross Profit": 23,
        "Operating Income": 1,
        "EBIT": 12,
        "Net Income": -1
    },
    "2012-12-31": {
        "Diluted EPS": 0.0,
        "Total Revenue": 29,
        "Gross Profit": 29,
        "Operating Income": 3,
        "EBIT": 17,
        "Net Income": 0
    },
    "2012-09-30": {
        "Diluted EPS": -0.3,
        "Total Revenue": 27,
        "Gross Profit": 27,
        "Operating Income": 3,
        "EBIT": 15,
        "Net Income": -1
    },
    "2012-06-30": {
        "Diluted EPS": 0.9,
        "Total Revenue": 25,
        "Gross Profit": 25,
        "Operating Income": 3,
        "EBIT": 15,
        "Net Income": 4
    },
    "2012-03-31": {
        "Diluted EPS": 0.1,
        "Total Revenue": 29,
        "Gross Profit": 29,
        "Operating Income": 3,
        "EBIT": 15,
        "Net Income": 0
    },
    "2011-12-31": {
        "Diluted EPS": 19.3,
        "Total Revenue": 32,
        "Gross Profit": 32,
        "Operating Income": 9,
        "EBIT": 22,
        "Net Income": 74
    },
    "2011-09-30": {
        "Diluted EPS": 2.1,
        "Total Revenue": 34,
        "Gross Profit": 34,
        "Operating Income": 11,
        "EBIT": 24,
        "Net Income": 8
    },
    "2011-06-30": {
        "Diluted EPS": 5.0,
        "Total Revenue": 37,
        "Gross Profit": 37,
        "Operating Income": 14,
        "EBIT": 27,
        "Net Income": 20
    },
    "2011-03-31": {
        "Diluted EPS": 1.2,
        "Total Revenue": 25,
        "Gross Profit": 25,
        "Operating Income": 6,
        "EBIT": 16,
        "Net Income": 4
    },
    "2010-12-31": {
        "Diluted EPS": 0.3,
        "Total Revenue": 24,
        "Gross Profit": 24,
        "Operating Income": 4,
        "EBIT": 15,
        "Net Income": 1
    },
    "2010-09-30": {
        "Diluted EPS": 0.5,
        "Total Revenue": 20,
        "Gross Profit": 20,
        "Operating Income": 5,
        "EBIT": 12,
        "Net Income": 2
    },
    "2010-06-30": {
        "Diluted EPS": 0.7,
        "Total Revenue": 22,
        "Gross Profit": 22,
        "Operating Income": 5,
        "EBIT": 13,
        "Net Income": 2
    },
    "2010-03-31": {
        "Diluted EPS": 1.3,
        "Total Revenue": 23,
        "Gross Profit": 23,
        "Operating Income": 7,
        "EBIT": 14,
        "Net Income": 4
    },
    "2009-12-31": {
        "Diluted EPS": 20.8,
        "Total Revenue": 71,
        "Gross Profit": 71,
        "Operating Income": 53,
        "EBIT": 63,
        "Net Income": 46
    },
    "2009-09-30": {
        "Diluted EPS": -0.4,
        "Total Revenue": 21,
        "Gross Profit": 21,
        "Operating Income": 6,
        "EBIT": 13,
        "Net Income": -1
    },
    "2009-06-30": {
        "Diluted EPS": -0.4,
        "Total Revenue": 25,
        "Gross Profit": 25,
        "Operating Income": 6,
        "EBIT": 18,
        "Net Income": -1
    },
    "2009-03-31": {
        "Diluted EPS": 1.1,
        "Total Revenue": 25,
        "Gross Profit": 25,
        "Operating Income": 9,
        "EBIT": 20,
        "Net Income": 2
    }
}