{
    "2023-06-30": {
        "Tax Effect Of Unusual Items": 0.0,
        "Tax Rate For Calcs": 0.236,
        "Total Unusual Items": 0.0,
        "Total Unusual Items Excluding Goodwill": 0.0,
        "Net Income From Continuing Operation Net Minority Interest": 14475000.0,
        "Reconciled Depreciation": 1915000.0,
        "Net Interest Income": 52614000.0,
        "Interest Expense": 16590000.0,
        "Interest Income": 69204000.0,
        "Normalized Income": 14475000.0,
        "Net Income From Continuing And Discontinued Operation": 14475000.0,
        "Diluted Average Shares": 27071478.0,
        "Basic Average Shares": 27024043.0,
        "Diluted EPS": 0.53,
        "Basic EPS": 0.54,
        "Diluted NI Availto Com Stockholders": 14475000.0,
        "Net Income Common Stockholders": 14475000.0,
        "Net Income": 14475000.0,
        "Net Income Including Noncontrolling Interests": 14475000.0,
        "Net Income Continuous Operations": 14475000.0,
        "Tax Provision": 4472000.0,
        "Pretax Income": 18947000.0,
        "Special Income Charges": 0.0,
        "Other Special Charges": NaN,
        "Restructuring And Mergern Acquisition": 0.0,
        "Gain On Sale Of Security": 0.0,
        "Selling General And Administration": 23049000.0,
        "Selling And Marketing Expense": 942000.0,
        "General And Administrative Expense": 22107000.0,
        "Other Gand A": NaN,
        "Insurance And Claims": 1021000.0,
        "Salaries And Wages": 21086000.0,
        "Total Revenue": 62004000.0,
        "Operating Revenue": 62004000.0
    },
    "2023-03-31": {
        "Tax Effect Of Unusual Items": -476.2,
        "Tax Rate For Calcs": 0.2381,
        "Total Unusual Items": -2000.0,
        "Total Unusual Items Excluding Goodwill": -2000.0,
        "Net Income From Continuing Operation Net Minority Interest": 16187000.0,
        "Reconciled Depreciation": 1817000.0,
        "Net Interest Income": 54060000.0,
        "Interest Expense": 12612000.0,
        "Interest Income": 66672000.0,
        "Normalized Income": 16188523.8,
        "Net Income From Continuing And Discontinued Operation": 16187000.0,
        "Diluted Average Shares": 27122012.0,
        "Basic Average Shares": 26999138.0,
        "Diluted EPS": 0.6,
        "Basic EPS": 0.6,
        "Diluted NI Availto Com Stockholders": 16187000.0,
        "Net Income Common Stockholders": 16187000.0,
        "Net Income": 16187000.0,
        "Net Income Including Noncontrolling Interests": 16187000.0,
        "Net Income Continuous Operations": 16187000.0,
        "Tax Provision": 5059000.0,
        "Pretax Income": 21246000.0,
        "Special Income Charges": -2000.0,
        "Other Special Charges": 2000.0,
        "Restructuring And Mergern Acquisition": NaN,
        "Gain On Sale Of Security": 0.0,
        "Selling General And Administration": 24272000.0,
        "Selling And Marketing Expense": 933000.0,
        "General And Administrative Expense": 23339000.0,
        "Other Gand A": 5384000.0,
        "Insurance And Claims": 1086000.0,
        "Salaries And Wages": 22253000.0,
        "Total Revenue": 63820000.0,
        "Operating Revenue": 63820000.0
    },
    "2022-12-31": {
        "Tax Effect Of Unusual Items": 0.0,
        "Tax Rate For Calcs": 0.249247,
        "Total Unusual Items": NaN,
        "Total Unusual Items Excluding Goodwill": NaN,
        "Net Income From Continuing Operation Net Minority Interest": 20181000.0,
        "Reconciled Depreciation": 1828000.0,
        "Net Interest Income": 56180000.0,
        "Interest Expense": 8752000.0,
        "Interest Income": 64932000.0,
        "Normalized Income": 20181000.0,
        "Net Income From Continuing And Discontinued Operation": 20181000.0,
        "Diluted Average Shares": 27303249.0,
        "Basic Average Shares": 27134970.0,
        "Diluted EPS": 0.74,
        "Basic EPS": 0.74,
        "Diluted NI Availto Com Stockholders": 20181000.0,
        "Net Income Common Stockholders": 20181000.0,
        "Net Income": 20181000.0,
        "Net Income Including Noncontrolling Interests": 20181000.0,
        "Net Income Continuous Operations": 20181000.0,
        "Tax Provision": 6700000.0,
        "Pretax Income": 26881000.0,
        "Special Income Charges": NaN,
        "Other Special Charges": NaN,
        "Restructuring And Mergern Acquisition": NaN,
        "Gain On Sale Of Security": 0.0,
        "Selling General And Administration": 3328000.0,
        "Selling And Marketing Expense": 701000.0,
        "General And Administrative Expense": 2627000.0,
        "Other Gand A": NaN,
        "Insurance And Claims": NaN,
        "Salaries And Wages": 17458000.0,
        "Total Revenue": 71629000.0,
        "Operating Revenue": 71629000.0
    },
    "2022-09-30": {
        "Tax Effect Of Unusual Items": NaN,
        "Tax Rate For Calcs": NaN,
        "Total Unusual Items": NaN,
        "Total Unusual Items Excluding Goodwill": NaN,
        "Net Income From Continuing Operation Net Minority Interest": NaN,
        "Reconciled Depreciation": NaN,
        "Net Interest Income": NaN,
        "Interest Expense": NaN,
        "Interest Income": NaN,
        "Normalized Income": NaN,
        "Net Income From Continuing And Discontinued Operation": NaN,
        "Diluted Average Shares": NaN,
        "Basic Average Shares": NaN,
        "Diluted EPS": NaN,
        "Basic EPS": NaN,
        "Diluted NI Availto Com Stockholders": NaN,
        "Net Income Common Stockholders": NaN,
        "Net Income": NaN,
        "Net Income Including Noncontrolling Interests": NaN,
        "Net Income Continuous Operations": NaN,
        "Tax Provision": NaN,
        "Pretax Income": NaN,
        "Special Income Charges": NaN,
        "Other Special Charges": 1000.0,
        "Restructuring And Mergern Acquisition": 404000.0,
        "Gain On Sale Of Security": NaN,
        "Selling General And Administration": NaN,
        "Selling And Marketing Expense": NaN,
        "General And Administrative Expense": NaN,
        "Other Gand A": 4850000.0,
        "Insurance And Claims": NaN,
        "Salaries And Wages": NaN,
        "Total Revenue": NaN,
        "Operating Revenue": NaN
    },
    "2022-06-30": {
        "Tax Effect Of Unusual Items": 0.0,
        "Tax Rate For Calcs": 0.26,
        "Total Unusual Items": -317000.0,
        "Total Unusual Items Excluding Goodwill": -317000.0,
        "Net Income From Continuing Operation Net Minority Interest": 17594000.0,
        "Reconciled Depreciation": 2080000.0,
        "Net Interest Income": 52910000.0,
        "Interest Expense": 2086000.0,
        "Interest Income": 54996000.0,
        "Normalized Income": 17594000.0,
        "Net Income From Continuing And Discontinued Operation": 17594000.0,
        "Diluted Average Shares": 27676619.0,
        "Basic Average Shares": 27516284.0,
        "Diluted EPS": 0.64,
        "Basic EPS": 0.64,
        "Diluted NI Availto Com Stockholders": 17594000.0,
        "Net Income Common Stockholders": 17594000.0,
        "Net Income": 17594000.0,
        "Net Income Including Noncontrolling Interests": 17594000.0,
        "Net Income Continuous Operations": 17594000.0,
        "Tax Provision": 6184000.0,
        "Pretax Income": 23778000.0,
        "Special Income Charges": -317000.0,
        "Other Special Charges": 109000.0,
        "Restructuring And Mergern Acquisition": 208000.0,
        "Gain On Sale Of Security": 8506000.0,
        "Selling General And Administration": 27887000.0,
        "Selling And Marketing Expense": 1150000.0,
        "General And Administrative Expense": 26737000.0,
        "Other Gand A": 4368000.0,
        "Insurance And Claims": 576000.0,
        "Salaries And Wages": 22369000.0,
        "Total Revenue": 70116000.0,
        "Operating Revenue": 70116000.0
    },
    "2022-03-31": {
        "Diluted EPS": 0.7,
        "Total Revenue": 62,
        "Gross Profit": 60,
        "Operating Income": 25,
        "EBIT": NaN,
        "Net Income": 19
    },
    "2021-12-31": {
        "Diluted EPS": 0.79,
        "Total Revenue": 67,
        "Gross Profit": 65,
        "Operating Income": 30,
        "EBIT": NaN,
        "Net Income": 22
    },
    "2021-09-30": {
        "Diluted EPS": 0.74,
        "Total Revenue": 68,
        "Gross Profit": 66,
        "Operating Income": 28,
        "EBIT": NaN,
        "Net Income": 21
    },
    "2021-06-30": {
        "Diluted EPS": 0.66,
        "Total Revenue": 64,
        "Gross Profit": 63,
        "Operating Income": 25,
        "EBIT": NaN,
        "Net Income": 19
    },
    "2021-03-31": {
        "Diluted EPS": 0.64,
        "Total Revenue": 62,
        "Gross Profit": 61,
        "Operating Income": 23,
        "EBIT": NaN,
        "Net Income": 18
    },
    "2020-12-31": {
        "Diluted EPS": 0.44,
        "Total Revenue": 68,
        "Gross Profit": 66,
        "Operating Income": 16,
        "EBIT": NaN,
        "Net Income": 12
    },
    "2020-09-30": {
        "Diluted EPS": 0.24,
        "Total Revenue": 63,
        "Gross Profit": 61,
        "Operating Income": 9,
        "EBIT": NaN,
        "Net Income": 7
    },
    "2020-06-30": {
        "Diluted EPS": 0.35,
        "Total Revenue": 64,
        "Gross Profit": 60,
        "Operating Income": 13,
        "EBIT": NaN,
        "Net Income": 10
    },
    "2020-03-31": {
        "Diluted EPS": 0.29,
        "Total Revenue": 63,
        "Gross Profit": 57,
        "Operating Income": 11,
        "EBIT": NaN,
        "Net Income": 8
    },
    "2019-12-31": {
        "Diluted EPS": 0.5,
        "Total Revenue": 65,
        "Gross Profit": 58,
        "Operating Income": 19,
        "EBIT": NaN,
        "Net Income": 14
    },
    "2019-09-30": {
        "Diluted EPS": 0.51,
        "Total Revenue": 64,
        "Gross Profit": 56,
        "Operating Income": 19,
        "EBIT": NaN,
        "Net Income": 15
    },
    "2019-06-30": {
        "Diluted EPS": 0.47,
        "Total Revenue": 64,
        "Gross Profit": 55,
        "Operating Income": 18,
        "EBIT": NaN,
        "Net Income": 14
    },
    "2019-03-31": {
        "Diluted EPS": 0.55,
        "Total Revenue": 65,
        "Gross Profit": 57,
        "Operating Income": 21,
        "EBIT": NaN,
        "Net Income": 16
    },
    "2018-12-31": {
        "Diluted EPS": 0.53,
        "Total Revenue": 62,
        "Gross Profit": 54,
        "Operating Income": 22,
        "EBIT": NaN,
        "Net Income": 16
    },
    "2018-09-30": {
        "Diluted EPS": 0.52,
        "Total Revenue": 61,
        "Gross Profit": 54,
        "Operating Income": 20,
        "EBIT": NaN,
        "Net Income": 15
    },
    "2018-06-30": {
        "Diluted EPS": 0.48,
        "Total Revenue": 58,
        "Gross Profit": 52,
        "Operating Income": 18,
        "EBIT": NaN,
        "Net Income": 14
    },
    "2018-03-31": {
        "Diluted EPS": 0.48,
        "Total Revenue": 56,
        "Gross Profit": 51,
        "Operating Income": 18,
        "EBIT": NaN,
        "Net Income": 14
    },
    "2017-12-31": {
        "Diluted EPS": 0.14,
        "Total Revenue": 56,
        "Gross Profit": 52,
        "Operating Income": 18,
        "EBIT": NaN,
        "Net Income": 4
    },
    "2017-09-30": {
        "Diluted EPS": 0.39,
        "Total Revenue": 56,
        "Gross Profit": 52,
        "Operating Income": 18,
        "EBIT": NaN,
        "Net Income": 12
    },
    "2017-06-30": {
        "Diluted EPS": 0.39,
        "Total Revenue": 53,
        "Gross Profit": 49,
        "Operating Income": 19,
        "EBIT": NaN,
        "Net Income": 12
    },
    "2017-03-31": {
        "Diluted EPS": 0.42,
        "Total Revenue": 54,
        "Gross Profit": 51,
        "Operating Income": 20,
        "EBIT": NaN,
        "Net Income": 13
    },
    "2016-12-31": {
        "Diluted EPS": 0.39,
        "Total Revenue": 56,
        "Gross Profit": 53,
        "Operating Income": 20,
        "EBIT": NaN,
        "Net Income": 12
    },
    "2016-09-30": {
        "Diluted EPS": 0.37,
        "Total Revenue": 52,
        "Gross Profit": 49,
        "Operating Income": 18,
        "EBIT": NaN,
        "Net Income": 11
    },
    "2016-06-30": {
        "Diluted EPS": 0.39,
        "Total Revenue": 52,
        "Gross Profit": 50,
        "Operating Income": 18,
        "EBIT": NaN,
        "Net Income": 12
    },
    "2016-03-31": {
        "Diluted EPS": 0.35,
        "Total Revenue": 50,
        "Gross Profit": 48,
        "Operating Income": 17,
        "EBIT": NaN,
        "Net Income": 11
    },
    "2015-12-31": {
        "Diluted EPS": 0.34,
        "Total Revenue": 46,
        "Gross Profit": 44,
        "Operating Income": 17,
        "EBIT": NaN,
        "Net Income": 11
    },
    "2015-09-30": {
        "Diluted EPS": 0.38,
        "Total Revenue": 49,
        "Gross Profit": 48,
        "Operating Income": 19,
        "EBIT": NaN,
        "Net Income": 12
    },
    "2015-06-30": {
        "Diluted EPS": 0.39,
        "Total Revenue": 47,
        "Gross Profit": 45,
        "Operating Income": 20,
        "EBIT": NaN,
        "Net Income": 12
    },
    "2015-03-31": {
        "Diluted EPS": 0.29,
        "Total Revenue": 49,
        "Gross Profit": 47,
        "Operating Income": 16,
        "EBIT": NaN,
        "Net Income": 10
    },
    "2014-12-31": {
        "Diluted EPS": 0.36,
        "Total Revenue": 45,
        "Gross Profit": 44,
        "Operating Income": 19,
        "EBIT": NaN,
        "Net Income": 13
    },
    "2014-09-30": {
        "Diluted EPS": 0.23,
        "Total Revenue": 49,
        "Gross Profit": 47,
        "Operating Income": 13,
        "EBIT": NaN,
        "Net Income": 8
    },
    "2014-06-30": {
        "Diluted EPS": 0.25,
        "Total Revenue": 50,
        "Gross Profit": 48,
        "Operating Income": 13,
        "EBIT": NaN,
        "Net Income": 9
    },
    "2014-03-31": {
        "Diluted EPS": 0.23,
        "Total Revenue": 48,
        "Gross Profit": 46,
        "Operating Income": 15,
        "EBIT": NaN,
        "Net Income": 10
    },
    "2013-12-31": {
        "Diluted EPS": 0.24,
        "Total Revenue": 49,
        "Gross Profit": 48,
        "Operating Income": 14,
        "EBIT": NaN,
        "Net Income": 10
    },
    "2013-09-30": {
        "Diluted EPS": 0.24,
        "Total Revenue": 47,
        "Gross Profit": 46,
        "Operating Income": 12,
        "EBIT": NaN,
        "Net Income": 10
    },
    "2013-06-30": {
        "Diluted EPS": 0.34,
        "Total Revenue": 53,
        "Gross Profit": 51,
        "Operating Income": 16,
        "EBIT": NaN,
        "Net Income": 14
    },
    "2013-03-31": {
        "Diluted EPS": 3.25,
        "Total Revenue": 46,
        "Gross Profit": 44,
        "Operating Income": 18,
        "EBIT": NaN,
        "Net Income": 137
    },
    "2012-12-31": {
        "Diluted EPS": 0.29,
        "Total Revenue": 48,
        "Gross Profit": 46,
        "Operating Income": 7,
        "EBIT": NaN,
        "Net Income": 12
    },
    "2012-09-30": {
        "Diluted EPS": 0.26,
        "Total Revenue": 49,
        "Gross Profit": 47,
        "Operating Income": 12,
        "EBIT": NaN,
        "Net Income": 11
    },
    "2012-06-30": {
        "Diluted EPS": 0.26,
        "Total Revenue": 46,
        "Gross Profit": 44,
        "Operating Income": 17,
        "EBIT": NaN,
        "Net Income": 11
    },
    "2012-03-31": {
        "Diluted EPS": 0.32,
        "Total Revenue": 46,
        "Gross Profit": 44,
        "Operating Income": 15,
        "EBIT": NaN,
        "Net Income": 13
    },
    "2011-12-31": {
        "Diluted EPS": -1.75,
        "Total Revenue": 56,
        "Gross Profit": 53,
        "Operating Income": 12,
        "EBIT": NaN,
        "Net Income": 12
    },
    "2011-09-30": {
        "Diluted EPS": 0.28,
        "Total Revenue": 46,
        "Gross Profit": 41,
        "Operating Income": 12,
        "EBIT": NaN,
        "Net Income": 12
    },
    "2011-06-30": {
        "Diluted EPS": 0.2,
        "Total Revenue": 45,
        "Gross Profit": 40,
        "Operating Income": 11,
        "EBIT": NaN,
        "Net Income": 8
    },
    "2011-03-31": {
        "Diluted EPS": 4.58,
        "Total Revenue": 47,
        "Gross Profit": 41,
        "Operating Income": 6,
        "EBIT": NaN,
        "Net Income": 89
    },
    "2010-12-31": {
        "Diluted EPS": -2.62,
        "Total Revenue": 56,
        "Gross Profit": 47,
        "Operating Income": -2,
        "EBIT": NaN,
        "Net Income": -4
    },
    "2010-09-30": {
        "Diluted EPS": -49.27,
        "Total Revenue": 50,
        "Gross Profit": 39,
        "Operating Income": -73,
        "EBIT": NaN,
        "Net Income": -75
    },
    "2010-06-30": {
        "Diluted EPS": -12.01,
        "Total Revenue": 53,
        "Gross Profit": 42,
        "Operating Income": -16,
        "EBIT": NaN,
        "Net Income": -18
    },
    "2010-03-31": {
        "Diluted EPS": -107.23,
        "Total Revenue": 59,
        "Gross Profit": 48,
        "Operating Income": -159,
        "EBIT": NaN,
        "Net Income": -162
    },
    "2009-12-31": {
        "Diluted EPS": -68.16,
        "Total Revenue": 64,
        "Gross Profit": 50,
        "Operating Income": -95,
        "EBIT": NaN,
        "Net Income": -101
    },
    "2009-09-30": {
        "Diluted EPS": -127.6,
        "Total Revenue": 75,
        "Gross Profit": 59,
        "Operating Income": -173,
        "EBIT": NaN,
        "Net Income": -185
    },
    "2009-06-30": {
        "Diluted EPS": -25.4,
        "Total Revenue": 79,
        "Gross Profit": 61,
        "Operating Income": -59,
        "EBIT": NaN,
        "Net Income": -36
    },
    "2009-03-31": {
        "Diluted EPS": 0.6,
        "Total Revenue": 82,
        "Gross Profit": 62,
        "Operating Income": -2,
        "EBIT": NaN,
        "Net Income": 1
    },
    "2023-09-30": {
        "Tax Effect Of Unusual Items": 994.8,
        "Tax Rate For Calcs": 0.2487,
        "Total Unusual Items": 4000.0,
        "Total Unusual Items Excluding Goodwill": 4000.0,
        "Net Income From Continuing Operation Net Minority Interest": 13141000.0,
        "Reconciled Depreciation": 2010000.0,
        "Net Interest Income": 51815000.0,
        "Interest Expense": 20484000.0,
        "Interest Income": 72299000.0,
        "Normalized Income": 13137994.8,
        "Net Income From Continuing And Discontinued Operation": 13141000.0,
        "Diluted Average Shares": 27079484.0,
        "Basic Average Shares": 27042762.0,
        "Diluted EPS": 0.49,
        "Basic EPS": 0.49,
        "Diluted NI Availto Com Stockholders": 13141000.0,
        "Net Income Common Stockholders": 13141000.0,
        "Net Income": 13141000.0,
        "Net Income Including Noncontrolling Interests": 13141000.0,
        "Net Income Continuous Operations": 13141000.0,
        "Tax Provision": 4349000.0,
        "Pretax Income": 17490000.0,
        "Special Income Charges": 4000.0,
        "Other Special Charges": -4000.0,
        "Restructuring And Mergern Acquisition": 0.0,
        "Gain On Sale Of Security": -135000.0,
        "Selling General And Administration": 21518000.0,
        "Selling And Marketing Expense": 968000.0,
        "General And Administrative Expense": 20550000.0,
        "Other Gand A": NaN,
        "Insurance And Claims": 1019000.0,
        "Salaries And Wages": 19531000.0,
        "Total Revenue": 60489000.0,
        "Operating Revenue": 60489000.0
    },
    "2023-12-31": {
        "Tax Effect Of Unusual Items": 634062.385705,
        "Tax Rate For Calcs": 0.223261,
        "Total Unusual Items": 2840000.0,
        "Total Unusual Items Excluding Goodwill": 2840000.0,
        "Net Income From Continuing Operation Net Minority Interest": 14866000.0,
        "Reconciled Depreciation": 1906000.0,
        "Net Interest Income": 51033000.0,
        "Interest Expense": 22971000.0,
        "Interest Income": 74004000.0,
        "Normalized Income": 12660062.385705,
        "Net Income From Continuing And Discontinued Operation": 14866000.0,
        "Diluted Average Shares": 27097285.0,
        "Basic Average Shares": 27044121.0,
        "Diluted EPS": 0.55,
        "Basic EPS": 0.55,
        "Diluted NI Availto Com Stockholders": 14866000.0,
        "Net Income Common Stockholders": 14866000.0,
        "Net Income": 14866000.0,
        "Net Income Including Noncontrolling Interests": 14866000.0,
        "Net Income Continuous Operations": 14866000.0,
        "Tax Provision": 4273000.0,
        "Pretax Income": 19139000.0,
        "Special Income Charges": 2840000.0,
        "Other Special Charges": -2840000.0,
        "Restructuring And Mergern Acquisition": 0.0,
        "Gain On Sale Of Security": -1981000.0,
        "Selling General And Administration": 23259000.0,
        "Selling And Marketing Expense": 1045000.0,
        "General And Administrative Expense": 22214000.0,
        "Other Gand A": NaN,
        "Insurance And Claims": 1007000.0,
        "Salaries And Wages": 21207000.0,
        "Total Revenue": 60658000.0,
        "Operating Revenue": 60658000.0
    },
    "2024-03-31": {
        "Tax Effect Of Unusual Items": -704.7,
        "Tax Rate For Calcs": 0.2349,
        "Total Unusual Items": -3000.0,
        "Total Unusual Items Excluding Goodwill": -3000.0,
        "Net Income From Continuing Operation Net Minority Interest": 12945000.0,
        "Reconciled Depreciation": 1924000.0,
        "Net Interest Income": 50081000.0,
        "Interest Expense": 24215000.0,
        "Interest Income": 74296000.0,
        "Normalized Income": 12947295.3,
        "Net Income From Continuing And Discontinued Operation": 12945000.0,
        "Diluted Average Shares": 27099101.0,
        "Basic Average Shares": 27046525.0,
        "Diluted EPS": 0.48,
        "Basic EPS": 0.48,
        "Diluted NI Availto Com Stockholders": 12945000.0,
        "Net Income Common Stockholders": 12945000.0,
        "Net Income": 12945000.0,
        "Net Income Including Noncontrolling Interests": 12945000.0,
        "Net Income Continuous Operations": 12945000.0,
        "Tax Provision": 3974000.0,
        "Pretax Income": 16919000.0,
        "Special Income Charges": -3000.0,
        "Other Special Charges": 3000.0,
        "Restructuring And Mergern Acquisition": NaN,
        "Gain On Sale Of Security": 0.0,
        "Selling General And Administration": 23192000.0,
        "Selling And Marketing Expense": 914000.0,
        "General And Administrative Expense": 22278000.0,
        "Other Gand A": NaN,
        "Insurance And Claims": 959000.0,
        "Salaries And Wages": 21319000.0,
        "Total Revenue": 60260000.0,
        "Operating Revenue": 60260000.0
    }
}