{
    "2023-03-31": {
        "Tax Effect Of Unusual Items": NaN,
        "Tax Rate For Calcs": NaN,
        "Normalized EBITDA": NaN,
        "Total Unusual Items": NaN,
        "Total Unusual Items Excluding Goodwill": NaN,
        "Net Income From Continuing Operation Net Minority Interest": NaN,
        "Reconciled Depreciation": NaN,
        "Reconciled Cost Of Revenue": NaN,
        "EBITDA": NaN,
        "EBIT": NaN,
        "Net Interest Income": NaN,
        "Interest Income": NaN,
        "Normalized Income": NaN,
        "Net Income From Continuing And Discontinued Operation": NaN,
        "Total Expenses": NaN,
        "Total Operating Income As Reported": NaN,
        "Diluted Average Shares": 4923132.0,
        "Basic Average Shares": 4893324.0,
        "Diluted EPS": 0.56,
        "Basic EPS": 0.57,
        "Diluted NI Availto Com Stockholders": NaN,
        "Net Income Common Stockholders": NaN,
        "Net Income": NaN,
        "Net Income Including Noncontrolling Interests": NaN,
        "Net Income Continuous Operations": NaN,
        "Tax Provision": NaN,
        "Pretax Income": NaN,
        "Other Income Expense": NaN,
        "Special Income Charges": NaN,
        "Gain On Sale Of Ppe": NaN,
        "Earnings From Equity Interest": NaN,
        "Net Non Operating Interest Income Expense": NaN,
        "Interest Income Non Operating": NaN,
        "Operating Income": NaN,
        "Operating Expense": NaN,
        "Other Operating Expenses": NaN,
        "Depreciation Amortization Depletion Income Statement": NaN,
        "Depreciation And Amortization In Income Statement": NaN,
        "Selling General And Administration": NaN,
        "Selling And Marketing Expense": NaN,
        "General And Administrative Expense": NaN,
        "Other Gand A": NaN,
        "Salaries And Wages": NaN,
        "Gross Profit": NaN,
        "Cost Of Revenue": NaN,
        "Total Revenue": NaN,
        "Operating Revenue": NaN
    },
    "2022-12-31": {
        "Tax Effect Of Unusual Items": NaN,
        "Tax Rate For Calcs": NaN,
        "Normalized EBITDA": NaN,
        "Total Unusual Items": -157435.0,
        "Total Unusual Items Excluding Goodwill": -157435.0,
        "Net Income From Continuing Operation Net Minority Interest": NaN,
        "Reconciled Depreciation": NaN,
        "Reconciled Cost Of Revenue": NaN,
        "EBITDA": NaN,
        "EBIT": NaN,
        "Net Interest Income": NaN,
        "Interest Income": NaN,
        "Normalized Income": NaN,
        "Net Income From Continuing And Discontinued Operation": NaN,
        "Total Expenses": NaN,
        "Total Operating Income As Reported": NaN,
        "Diluted Average Shares": NaN,
        "Basic Average Shares": NaN,
        "Diluted EPS": NaN,
        "Basic EPS": NaN,
        "Diluted NI Availto Com Stockholders": NaN,
        "Net Income Common Stockholders": NaN,
        "Net Income": NaN,
        "Net Income Including Noncontrolling Interests": NaN,
        "Net Income Continuous Operations": NaN,
        "Tax Provision": NaN,
        "Pretax Income": NaN,
        "Other Income Expense": NaN,
        "Special Income Charges": -157435.0,
        "Gain On Sale Of Ppe": -157435.0,
        "Earnings From Equity Interest": NaN,
        "Net Non Operating Interest Income Expense": NaN,
        "Interest Income Non Operating": NaN,
        "Operating Income": NaN,
        "Operating Expense": NaN,
        "Other Operating Expenses": NaN,
        "Depreciation Amortization Depletion Income Statement": NaN,
        "Depreciation And Amortization In Income Statement": NaN,
        "Selling General And Administration": NaN,
        "Selling And Marketing Expense": NaN,
        "General And Administrative Expense": NaN,
        "Other Gand A": NaN,
        "Salaries And Wages": NaN,
        "Gross Profit": NaN,
        "Cost Of Revenue": NaN,
        "Total Revenue": NaN,
        "Operating Revenue": NaN
    },
    "2022-09-30": {
        "Tax Effect Of Unusual Items": NaN,
        "Tax Rate For Calcs": NaN,
        "Normalized EBITDA": NaN,
        "Total Unusual Items": 0.0,
        "Total Unusual Items Excluding Goodwill": 0.0,
        "Net Income From Continuing Operation Net Minority Interest": NaN,
        "Reconciled Depreciation": NaN,
        "Reconciled Cost Of Revenue": NaN,
        "EBITDA": NaN,
        "EBIT": NaN,
        "Net Interest Income": NaN,
        "Interest Income": NaN,
        "Normalized Income": NaN,
        "Net Income From Continuing And Discontinued Operation": NaN,
        "Total Expenses": NaN,
        "Total Operating Income As Reported": NaN,
        "Diluted Average Shares": 4901189.0,
        "Basic Average Shares": 4872674.0,
        "Diluted EPS": 0.6,
        "Basic EPS": 0.6,
        "Diluted NI Availto Com Stockholders": NaN,
        "Net Income Common Stockholders": NaN,
        "Net Income": NaN,
        "Net Income Including Noncontrolling Interests": NaN,
        "Net Income Continuous Operations": NaN,
        "Tax Provision": NaN,
        "Pretax Income": NaN,
        "Other Income Expense": NaN,
        "Special Income Charges": 0.0,
        "Gain On Sale Of Ppe": 0.0,
        "Earnings From Equity Interest": NaN,
        "Net Non Operating Interest Income Expense": NaN,
        "Interest Income Non Operating": NaN,
        "Operating Income": NaN,
        "Operating Expense": NaN,
        "Other Operating Expenses": NaN,
        "Depreciation Amortization Depletion Income Statement": NaN,
        "Depreciation And Amortization In Income Statement": NaN,
        "Selling General And Administration": NaN,
        "Selling And Marketing Expense": NaN,
        "General And Administrative Expense": NaN,
        "Other Gand A": NaN,
        "Salaries And Wages": NaN,
        "Gross Profit": NaN,
        "Cost Of Revenue": NaN,
        "Total Revenue": NaN,
        "Operating Revenue": NaN
    },
    "2022-06-30": {
        "Tax Effect Of Unusual Items": 3171.411,
        "Tax Rate For Calcs": 0.261,
        "Normalized EBITDA": 3420094.0,
        "Total Unusual Items": 12151.0,
        "Total Unusual Items Excluding Goodwill": 12151.0,
        "Net Income From Continuing Operation Net Minority Interest": 1755069.0,
        "Reconciled Depreciation": 741574.0,
        "Reconciled Cost Of Revenue": 4067925.0,
        "EBITDA": 3432245.0,
        "EBIT": 2690671.0,
        "Net Interest Income": 205300.0,
        "Interest Income": 205300.0,
        "Normalized Income": 1746089.411,
        "Net Income From Continuing And Discontinued Operation": 1755069.0,
        "Total Expenses": 15083603.0,
        "Total Operating Income As Reported": 2702822.0,
        "Diluted Average Shares": 4874339.0,
        "Basic Average Shares": 4846216.0,
        "Diluted EPS": 0.36,
        "Basic EPS": 0.36,
        "Diluted NI Availto Com Stockholders": 1755069.0,
        "Net Income Common Stockholders": 1755069.0,
        "Net Income": 1755069.0,
        "Net Income Including Noncontrolling Interests": 1755069.0,
        "Net Income Continuous Operations": 1755069.0,
        "Tax Provision": 618660.0,
        "Pretax Income": 2373729.0,
        "Other Income Expense": -522242.0,
        "Special Income Charges": 12151.0,
        "Gain On Sale Of Ppe": 12151.0,
        "Earnings From Equity Interest": -534393.0,
        "Net Non Operating Interest Income Expense": 205300.0,
        "Interest Income Non Operating": 205300.0,
        "Operating Income": 2690671.0,
        "Operating Expense": 11015678.0,
        "Other Operating Expenses": 1620952.0,
        "Depreciation Amortization Depletion Income Statement": 741574.0,
        "Depreciation And Amortization In Income Statement": 741574.0,
        "Selling General And Administration": 8653152.0,
        "Selling And Marketing Expense": 871043.0,
        "General And Administrative Expense": 7782109.0,
        "Other Gand A": 1269398.0,
        "Salaries And Wages": 6512711.0,
        "Gross Profit": 13706349.0,
        "Cost Of Revenue": 4067925.0,
        "Total Revenue": 17774274.0,
        "Operating Revenue": 15764662.0
    },
    "2022-03-31": {
        "Diluted EPS": 0.36,
        "Total Revenue": 14,
        "Gross Profit": 11,
        "Operating Income": 2,
        "EBIT": 3,
        "Net Income": 2
    },
    "2021-12-31": {
        "Diluted EPS": 1.35,
        "Total Revenue": 14,
        "Gross Profit": 11,
        "Operating Income": 9,
        "EBIT": 10,
        "Net Income": 7
    },
    "2021-09-30": {
        "Diluted EPS": 0.58,
        "Total Revenue": 21,
        "Gross Profit": 17,
        "Operating Income": 4,
        "EBIT": 5,
        "Net Income": 3
    },
    "2021-06-30": {
        "Diluted EPS": 0.39,
        "Total Revenue": 16,
        "Gross Profit": 12,
        "Operating Income": 3,
        "EBIT": 4,
        "Net Income": 2
    },
    "2021-03-31": {
        "Diluted EPS": 0.12,
        "Total Revenue": 9,
        "Gross Profit": 8,
        "Operating Income": 1,
        "EBIT": 2,
        "Net Income": 1
    },
    "2020-12-31": {
        "Diluted EPS": 0.04,
        "Total Revenue": 6,
        "Gross Profit": 5,
        "Operating Income": -1,
        "EBIT": 0,
        "Net Income": 0
    },
    "2020-09-30": {
        "Diluted EPS": 0.39,
        "Total Revenue": 13,
        "Gross Profit": 10,
        "Operating Income": 3,
        "EBIT": 4,
        "Net Income": 2
    },
    "2020-06-30": {
        "Diluted EPS": -0.25,
        "Total Revenue": 3,
        "Gross Profit": 2,
        "Operating Income": -2,
        "EBIT": -2,
        "Net Income": -1
    },
    "2020-03-31": {
        "Diluted EPS": 0.05,
        "Total Revenue": 11,
        "Gross Profit": 9,
        "Operating Income": 0,
        "EBIT": 1,
        "Net Income": 0
    },
    "2019-12-31": {
        "Diluted EPS": 0.12,
        "Total Revenue": 13,
        "Gross Profit": 10,
        "Operating Income": 1,
        "EBIT": 2,
        "Net Income": 1
    },
    "2019-09-30": {
        "Diluted EPS": 0.25,
        "Total Revenue": 19,
        "Gross Profit": 14,
        "Operating Income": 1,
        "EBIT": 2,
        "Net Income": 1
    },
    "2019-06-30": {
        "Diluted EPS": 0.21,
        "Total Revenue": 16,
        "Gross Profit": 13,
        "Operating Income": 1,
        "EBIT": 2,
        "Net Income": 1
    },
    "2019-03-31": {
        "Diluted EPS": 0.01,
        "Total Revenue": 12,
        "Gross Profit": 9,
        "Operating Income": 0,
        "EBIT": 1,
        "Net Income": 0
    },
    "2018-12-31": {
        "Diluted EPS": 0.52,
        "Total Revenue": 12,
        "Gross Profit": 9,
        "Operating Income": 3,
        "EBIT": 4,
        "Net Income": 2
    },
    "2018-09-30": {
        "Diluted EPS": 0.36,
        "Total Revenue": 18,
        "Gross Profit": 14,
        "Operating Income": 2,
        "EBIT": 3,
        "Net Income": 2
    },
    "2018-06-30": {
        "Diluted EPS": 0.16,
        "Total Revenue": 17,
        "Gross Profit": 13,
        "Operating Income": 1,
        "EBIT": 2,
        "Net Income": 1
    },
    "2018-03-31": {
        "Diluted EPS": 0.22,
        "Total Revenue": 12,
        "Gross Profit": 10,
        "Operating Income": 1,
        "EBIT": 2,
        "Net Income": 1
    },
    "2017-12-31": {
        "Diluted EPS": 0.43,
        "Total Revenue": 12,
        "Gross Profit": 9,
        "Operating Income": 1,
        "EBIT": 2,
        "Net Income": 2
    },
    "2017-09-30": {
        "Diluted EPS": 0.22,
        "Total Revenue": 18,
        "Gross Profit": 13,
        "Operating Income": 2,
        "EBIT": 2,
        "Net Income": 1
    },
    "2017-06-30": {
        "Diluted EPS": 0.16,
        "Total Revenue": 16,
        "Gross Profit": 12,
        "Operating Income": 1,
        "EBIT": 2,
        "Net Income": 1
    },
    "2017-03-31": {
        "Diluted EPS": 0.12,
        "Total Revenue": 11,
        "Gross Profit": 9,
        "Operating Income": 1,
        "EBIT": 2,
        "Net Income": 1
    },
    "2016-12-31": {
        "Diluted EPS": 0.16,
        "Total Revenue": 12,
        "Gross Profit": 9,
        "Operating Income": 1,
        "EBIT": 2,
        "Net Income": 1
    },
    "2016-09-30": {
        "Diluted EPS": 0.21,
        "Total Revenue": 17,
        "Gross Profit": 12,
        "Operating Income": 2,
        "EBIT": 2,
        "Net Income": 1
    },
    "2016-06-30": {
        "Diluted EPS": 0.53,
        "Total Revenue": 14,
        "Gross Profit": 10,
        "Operating Income": 4,
        "EBIT": 5,
        "Net Income": 2
    },
    "2016-03-31": {
        "Diluted EPS": 0.07,
        "Total Revenue": 10,
        "Gross Profit": 8,
        "Operating Income": 1,
        "EBIT": 1,
        "Net Income": 0
    },
    "2015-12-31": {
        "Diluted EPS": 0.22,
        "Total Revenue": 11,
        "Gross Profit": 9,
        "Operating Income": 2,
        "EBIT": 2,
        "Net Income": 1
    },
    "2015-09-30": {
        "Diluted EPS": 0.19,
        "Total Revenue": 17,
        "Gross Profit": 12,
        "Operating Income": 1,
        "EBIT": 2,
        "Net Income": 1
    },
    "2015-06-30": {
        "Diluted EPS": 0.14,
        "Total Revenue": 15,
        "Gross Profit": 11,
        "Operating Income": 1,
        "EBIT": 2,
        "Net Income": 1
    },
    "2015-03-31": {
        "Diluted EPS": 0.09,
        "Total Revenue": 10,
        "Gross Profit": 8,
        "Operating Income": 1,
        "EBIT": 1,
        "Net Income": 0
    },
    "2014-12-31": {
        "Diluted EPS": 0.21,
        "Total Revenue": 10,
        "Gross Profit": 8,
        "Operating Income": 2,
        "EBIT": 2,
        "Net Income": 1
    },
    "2014-09-30": {
        "Diluted EPS": 0.15,
        "Total Revenue": 15,
        "Gross Profit": 11,
        "Operating Income": 1,
        "EBIT": 2,
        "Net Income": 1
    },
    "2014-06-30": {
        "Diluted EPS": 0.11,
        "Total Revenue": 14,
        "Gross Profit": 10,
        "Operating Income": 1,
        "EBIT": 1,
        "Net Income": 0
    },
    "2014-03-31": {
        "Diluted EPS": 0.1,
        "Total Revenue": 9,
        "Gross Profit": 7,
        "Operating Income": 1,
        "EBIT": 1,
        "Net Income": 0
    },
    "2013-12-31": {
        "Diluted EPS": 0.08,
        "Total Revenue": 10,
        "Gross Profit": 8,
        "Operating Income": 1,
        "EBIT": 1,
        "Net Income": 0
    },
    "2013-09-30": {
        "Diluted EPS": 0.04,
        "Total Revenue": 14,
        "Gross Profit": 10,
        "Operating Income": 0,
        "EBIT": 1,
        "Net Income": 0
    },
    "2013-06-30": {
        "Diluted EPS": 0.05,
        "Total Revenue": 13,
        "Gross Profit": 10,
        "Operating Income": 0,
        "EBIT": 1,
        "Net Income": 0
    },
    "2013-03-31": {
        "Diluted EPS": 0.07,
        "Total Revenue": 9,
        "Gross Profit": 7,
        "Operating Income": 1,
        "EBIT": 1,
        "Net Income": 0
    },
    "2012-12-31": {
        "Diluted EPS": 0.1,
        "Total Revenue": 10,
        "Gross Profit": 8,
        "Operating Income": 1,
        "EBIT": 1,
        "Net Income": 0
    },
    "2012-09-30": {
        "Diluted EPS": 0.05,
        "Total Revenue": 14,
        "Gross Profit": 10,
        "Operating Income": 0,
        "EBIT": 1,
        "Net Income": 0
    },
    "2012-06-30": {
        "Diluted EPS": -0.04,
        "Total Revenue": 12,
        "Gross Profit": 8,
        "Operating Income": 0,
        "EBIT": 0,
        "Net Income": 0
    },
    "2012-03-31": {
        "Diluted EPS": 0.13,
        "Total Revenue": 10,
        "Gross Profit": 8,
        "Operating Income": 1,
        "EBIT": 1,
        "Net Income": 1
    },
    "2011-12-31": {
        "Diluted EPS": 0.07,
        "Total Revenue": 10,
        "Gross Profit": 7,
        "Operating Income": 1,
        "EBIT": 1,
        "Net Income": 0
    },
    "2011-09-30": {
        "Diluted EPS": 0.06,
        "Total Revenue": 11,
        "Gross Profit": 8,
        "Operating Income": 0,
        "EBIT": 0,
        "Net Income": 0
    },
    "2011-06-30": {
        "Diluted EPS": -0.09,
        "Total Revenue": 12,
        "Gross Profit": 8,
        "Operating Income": 0,
        "EBIT": 0,
        "Net Income": 0
    },
    "2011-03-31": {
        "Diluted EPS": 0.05,
        "Total Revenue": 8,
        "Gross Profit": 7,
        "Operating Income": 1,
        "EBIT": 1,
        "Net Income": 0
    },
    "2010-12-31": {
        "Diluted EPS": 0.04,
        "Total Revenue": 9,
        "Gross Profit": 6,
        "Operating Income": -2,
        "EBIT": -2,
        "Net Income": 0
    },
    "2010-09-30": {
        "Diluted EPS": -0.03,
        "Total Revenue": 12,
        "Gross Profit": 8,
        "Operating Income": 0,
        "EBIT": 0,
        "Net Income": 0
    },
    "2010-06-30": {
        "Diluted EPS": -0.09,
        "Total Revenue": 11,
        "Gross Profit": 8,
        "Operating Income": 0,
        "EBIT": 0,
        "Net Income": 0
    },
    "2010-03-31": {
        "Diluted EPS": -0.16,
        "Total Revenue": 8,
        "Gross Profit": 7,
        "Operating Income": 1,
        "EBIT": 2,
        "Net Income": -1
    },
    "2009-12-31": {
        "Diluted EPS": -0.02,
        "Total Revenue": 8,
        "Gross Profit": 2,
        "Operating Income": -1,
        "EBIT": 0,
        "Net Income": 0
    },
    "2009-09-30": {
        "Diluted EPS": 0.0,
        "Total Revenue": 12,
        "Gross Profit": 8,
        "Operating Income": 0,
        "EBIT": 1,
        "Net Income": 0
    },
    "2009-06-30": {
        "Diluted EPS": -0.04,
        "Total Revenue": 11,
        "Gross Profit": 10,
        "Operating Income": 0,
        "EBIT": 0,
        "Net Income": 0
    },
    "2009-03-31": {
        "Diluted EPS": 0.08,
        "Total Revenue": 8,
        "Gross Profit": 8,
        "Operating Income": 1,
        "EBIT": 1,
        "Net Income": 0
    },
    "2023-06-30": {
        "Tax Effect Of Unusual Items": 1865506.849186,
        "Tax Rate For Calcs": 0.287444,
        "Normalized EBITDA": -4685889.0,
        "Total Unusual Items": 6489976.0,
        "Total Unusual Items Excluding Goodwill": 6489976.0,
        "Net Income From Continuing Operation Net Minority Interest": 5292525.0,
        "Reconciled Depreciation": 741632.0,
        "Reconciled Cost Of Revenue": 3521661.0,
        "EBITDA": 1804087.0,
        "EBIT": 1062455.0,
        "Net Interest Income": 497274.0,
        "Interest Income": 497274.0,
        "Normalized Income": 668055.849186,
        "Net Income From Continuing And Discontinued Operation": 5292525.0,
        "Total Expenses": 15279233.0,
        "Total Operating Income As Reported": 7552431.0,
        "Diluted Average Shares": 4930713.0,
        "Basic Average Shares": 4913396.0,
        "Diluted EPS": 1.07,
        "Basic EPS": 1.08,
        "Diluted NI Availto Com Stockholders": 5292525.0,
        "Net Income Common Stockholders": 5292525.0,
        "Net Income": 5292525.0,
        "Net Income Including Noncontrolling Interests": 5292525.0,
        "Net Income Continuous Operations": 5292525.0,
        "Tax Provision": 2135000.0,
        "Pretax Income": 7427525.0,
        "Other Income Expense": 5867796.0,
        "Special Income Charges": 6489976.0,
        "Gain On Sale Of Ppe": 6489976.0,
        "Earnings From Equity Interest": -622180.0,
        "Net Non Operating Interest Income Expense": 497274.0,
        "Interest Income Non Operating": 497274.0,
        "Operating Income": 1062455.0,
        "Operating Expense": 11757572.0,
        "Other Operating Expenses": 2013370.0,
        "Depreciation Amortization Depletion Income Statement": 741632.0,
        "Depreciation And Amortization In Income Statement": 741632.0,
        "Selling General And Administration": 9002570.0,
        "Selling And Marketing Expense": 631476.0,
        "General And Administrative Expense": 8371094.0,
        "Other Gand A": 1568821.0,
        "Salaries And Wages": 6802273.0,
        "Gross Profit": 12820027.0,
        "Cost Of Revenue": 3521661.0,
        "Total Revenue": 16341688.0,
        "Operating Revenue": 14882596.0
    },
    "2023-09-30": {
        "Tax Effect Of Unusual Items": 6145.535,
        "Tax Rate For Calcs": 0.319,
        "Normalized EBITDA": 2599585.0,
        "Total Unusual Items": 19265.0,
        "Total Unusual Items Excluding Goodwill": 19265.0,
        "Net Income From Continuing Operation Net Minority Interest": 1136299.0,
        "Reconciled Depreciation": 831379.0,
        "Reconciled Cost Of Revenue": 4274185.0,
        "EBITDA": 2618850.0,
        "EBIT": 1787471.0,
        "Net Interest Income": 536904.0,
        "Interest Income": 536904.0,
        "Normalized Income": 1123179.535,
        "Net Income From Continuing And Discontinued Operation": 1136299.0,
        "Total Expenses": 17481078.0,
        "Total Operating Income As Reported": 1806736.0,
        "Diluted Average Shares": 4950524.0,
        "Basic Average Shares": 4933961.0,
        "Diluted EPS": 0.23,
        "Basic EPS": 0.23,
        "Diluted NI Availto Com Stockholders": 1136299.0,
        "Net Income Common Stockholders": 1136299.0,
        "Net Income": 1136299.0,
        "Net Income Including Noncontrolling Interests": 1136299.0,
        "Net Income Continuous Operations": 1136299.0,
        "Tax Provision": 533000.0,
        "Pretax Income": 1669299.0,
        "Other Income Expense": -655076.0,
        "Special Income Charges": 19265.0,
        "Gain On Sale Of Ppe": 19265.0,
        "Earnings From Equity Interest": -674341.0,
        "Net Non Operating Interest Income Expense": 536904.0,
        "Interest Income Non Operating": 536904.0,
        "Operating Income": 1787471.0,
        "Operating Expense": 13206893.0,
        "Other Operating Expenses": 1958361.0,
        "Depreciation Amortization Depletion Income Statement": 831379.0,
        "Depreciation And Amortization In Income Statement": 831379.0,
        "Selling General And Administration": 10417153.0,
        "Selling And Marketing Expense": 887197.0,
        "General And Administrative Expense": 9529956.0,
        "Other Gand A": 2284181.0,
        "Salaries And Wages": 7245775.0,
        "Gross Profit": 14994364.0,
        "Cost Of Revenue": 4274185.0,
        "Total Revenue": 19268549.0,
        "Operating Revenue": 16939985.0
    },
    "2023-12-31": {
        "Tax Effect Of Unusual Items": -60286.604007,
        "Tax Rate For Calcs": 0.341712,
        "Normalized EBITDA": 1777822.0,
        "Total Unusual Items": -176425.0,
        "Total Unusual Items Excluding Goodwill": -176425.0,
        "Net Income From Continuing Operation Net Minority Interest": 1363918.0,
        "Reconciled Depreciation": 837100.0,
        "Reconciled Cost Of Revenue": 2516152.0,
        "EBITDA": 1601397.0,
        "EBIT": 764297.0,
        "Net Interest Income": 544769.0,
        "Interest Income": 544769.0,
        "Normalized Income": 1480056.395993,
        "Net Income From Continuing And Discontinued Operation": 1363918.0,
        "Total Expenses": 11762766.0,
        "Total Operating Income As Reported": 587872.0,
        "Diluted Average Shares": NaN,
        "Basic Average Shares": NaN,
        "Diluted EPS": NaN,
        "Basic EPS": NaN,
        "Diluted NI Availto Com Stockholders": 1363918.0,
        "Net Income Common Stockholders": 1363918.0,
        "Net Income": 1363918.0,
        "Net Income Including Noncontrolling Interests": 1363918.0,
        "Net Income Continuous Operations": 1363918.0,
        "Tax Provision": 708000.0,
        "Pretax Income": 2071918.0,
        "Other Income Expense": 762852.0,
        "Special Income Charges": -176425.0,
        "Gain On Sale Of Ppe": -176425.0,
        "Earnings From Equity Interest": 939277.0,
        "Net Non Operating Interest Income Expense": 544769.0,
        "Interest Income Non Operating": 544769.0,
        "Operating Income": 764297.0,
        "Operating Expense": 9246614.0,
        "Other Operating Expenses": 1465660.0,
        "Depreciation Amortization Depletion Income Statement": 837100.0,
        "Depreciation And Amortization In Income Statement": 837100.0,
        "Selling General And Administration": 6943854.0,
        "Selling And Marketing Expense": 251666.0,
        "General And Administrative Expense": 6692188.0,
        "Other Gand A": 1124251.0,
        "Salaries And Wages": 5567937.0,
        "Gross Profit": 10010911.0,
        "Cost Of Revenue": 2516152.0,
        "Total Revenue": 12527063.0,
        "Operating Revenue": 11723660.0
    },
    "2024-03-31": {
        "Tax Effect Of Unusual Items": 0.0,
        "Tax Rate For Calcs": 0.311,
        "Normalized EBITDA": 2612861.0,
        "Total Unusual Items": NaN,
        "Total Unusual Items Excluding Goodwill": NaN,
        "Net Income From Continuing Operation Net Minority Interest": 998154.0,
        "Reconciled Depreciation": 850986.0,
        "Reconciled Cost Of Revenue": 2424634.0,
        "EBITDA": 2612861.0,
        "EBIT": 1761875.0,
        "Net Interest Income": 538527.0,
        "Interest Income": 538527.0,
        "Normalized Income": 998154.0,
        "Net Income From Continuing And Discontinued Operation": 998154.0,
        "Total Expenses": 12336114.0,
        "Total Operating Income As Reported": 1761875.0,
        "Diluted Average Shares": 4991956.0,
        "Basic Average Shares": 4966825.0,
        "Diluted EPS": 0.2,
        "Basic EPS": 0.2,
        "Diluted NI Availto Com Stockholders": 998154.0,
        "Net Income Common Stockholders": 998154.0,
        "Net Income": 998154.0,
        "Net Income Including Noncontrolling Interests": 998154.0,
        "Net Income Continuous Operations": 998154.0,
        "Tax Provision": 450000.0,
        "Pretax Income": 1448154.0,
        "Other Income Expense": -852248.0,
        "Special Income Charges": NaN,
        "Gain On Sale Of Ppe": NaN,
        "Earnings From Equity Interest": -852248.0,
        "Net Non Operating Interest Income Expense": 538527.0,
        "Interest Income Non Operating": 538527.0,
        "Operating Income": 1761875.0,
        "Operating Expense": 9911480.0,
        "Other Operating Expenses": 1513754.0,
        "Depreciation Amortization Depletion Income Statement": 850986.0,
        "Depreciation And Amortization In Income Statement": 850986.0,
        "Selling General And Administration": 7546740.0,
        "Selling And Marketing Expense": 142458.0,
        "General And Administrative Expense": 7404282.0,
        "Other Gand A": 1252442.0,
        "Salaries And Wages": 6151840.0,
        "Gross Profit": 11673355.0,
        "Cost Of Revenue": 2424634.0,
        "Total Revenue": 14097989.0,
        "Operating Revenue": 12957445.0
    },
    "2024-06-30": {
        "Tax Effect Of Unusual Items": 0.0,
        "Tax Rate For Calcs": 0.295657,
        "Normalized EBITDA": 2011288.0,
        "Total Unusual Items": 0.0,
        "Total Unusual Items Excluding Goodwill": 0.0,
        "Net Income From Continuing Operation Net Minority Interest": 338286.0,
        "Reconciled Depreciation": 889073.0,
        "Reconciled Cost Of Revenue": 3787049.0,
        "EBITDA": 2011288.0,
        "EBIT": 1122215.0,
        "Net Interest Income": 532570.0,
        "Interest Income": 532570.0,
        "Normalized Income": 338286.0,
        "Net Income From Continuing And Discontinued Operation": 338286.0,
        "Total Expenses": 15080180.0,
        "Total Operating Income As Reported": 1122215.0,
        "Diluted Average Shares": 5011548.0,
        "Basic Average Shares": 4984953.0,
        "Diluted EPS": 0.07,
        "Basic EPS": 0.07,
        "Diluted NI Availto Com Stockholders": 338286.0,
        "Net Income Common Stockholders": 338286.0,
        "Net Income": 338286.0,
        "Net Income Including Noncontrolling Interests": 338286.0,
        "Net Income Continuous Operations": 338286.0,
        "Tax Provision": 142000.0,
        "Pretax Income": 480286.0,
        "Other Income Expense": -1174499.0,
        "Special Income Charges": 0.0,
        "Gain On Sale Of Ppe": 0.0,
        "Earnings From Equity Interest": -1174499.0,
        "Net Non Operating Interest Income Expense": 532570.0,
        "Interest Income Non Operating": 532570.0,
        "Operating Income": 1122215.0,
        "Operating Expense": 11293131.0,
        "Other Operating Expenses": 1716479.0,
        "Depreciation Amortization Depletion Income Statement": 889073.0,
        "Depreciation And Amortization In Income Statement": 889073.0,
        "Selling General And Administration": 8687579.0,
        "Selling And Marketing Expense": 403758.0,
        "General And Administrative Expense": 8283821.0,
        "Other Gand A": 1445486.0,
        "Salaries And Wages": 6838335.0,
        "Gross Profit": 12415346.0,
        "Cost Of Revenue": 3787049.0,
        "Total Revenue": 16202395.0,
        "Operating Revenue": 14544318.0
    }
}