{
    "2023-03-31": {
        "Tax Effect Of Unusual Items": NaN,
        "Tax Rate For Calcs": NaN,
        "Normalized EBITDA": NaN,
        "Total Unusual Items": NaN,
        "Total Unusual Items Excluding Goodwill": NaN,
        "Net Income From Continuing Operation Net Minority Interest": NaN,
        "Reconciled Depreciation": NaN,
        "Reconciled Cost Of Revenue": NaN,
        "EBITDA": NaN,
        "EBIT": NaN,
        "Net Interest Income": NaN,
        "Interest Expense": NaN,
        "Interest Income": NaN,
        "Normalized Income": NaN,
        "Net Income From Continuing And Discontinued Operation": NaN,
        "Total Expenses": NaN,
        "Total Operating Income As Reported": NaN,
        "Diluted Average Shares": NaN,
        "Basic Average Shares": NaN,
        "Diluted EPS": NaN,
        "Basic EPS": NaN,
        "Diluted NI Availto Com Stockholders": NaN,
        "Net Income Common Stockholders": NaN,
        "Net Income": NaN,
        "Minority Interests": NaN,
        "Net Income Including Noncontrolling Interests": NaN,
        "Net Income Continuous Operations": NaN,
        "Tax Provision": NaN,
        "Pretax Income": NaN,
        "Other Income Expense": 1847065.0,
        "Other Non Operating Income Expenses": 1847065.0,
        "Special Income Charges": NaN,
        "Other Special Charges": NaN,
        "Net Non Operating Interest Income Expense": NaN,
        "Interest Expense Non Operating": NaN,
        "Interest Income Non Operating": NaN,
        "Operating Income": NaN,
        "Operating Expense": NaN,
        "Depreciation Amortization Depletion Income Statement": NaN,
        "Depreciation And Amortization In Income Statement": NaN,
        "Amortization": NaN,
        "Amortization Of Intangibles Income Statement": NaN,
        "Research And Development": NaN,
        "Selling General And Administration": NaN,
        "Selling And Marketing Expense": NaN,
        "General And Administrative Expense": NaN,
        "Other Gand A": NaN,
        "Gross Profit": NaN,
        "Cost Of Revenue": NaN,
        "Total Revenue": NaN,
        "Operating Revenue": NaN
    },
    "2022-12-31": {
        "Tax Effect Of Unusual Items": NaN,
        "Tax Rate For Calcs": NaN,
        "Normalized EBITDA": NaN,
        "Total Unusual Items": 0.0,
        "Total Unusual Items Excluding Goodwill": 0.0,
        "Net Income From Continuing Operation Net Minority Interest": NaN,
        "Reconciled Depreciation": NaN,
        "Reconciled Cost Of Revenue": NaN,
        "EBITDA": NaN,
        "EBIT": NaN,
        "Net Interest Income": NaN,
        "Interest Expense": NaN,
        "Interest Income": NaN,
        "Normalized Income": NaN,
        "Net Income From Continuing And Discontinued Operation": NaN,
        "Total Expenses": NaN,
        "Total Operating Income As Reported": NaN,
        "Diluted Average Shares": NaN,
        "Basic Average Shares": NaN,
        "Diluted EPS": NaN,
        "Basic EPS": NaN,
        "Diluted NI Availto Com Stockholders": NaN,
        "Net Income Common Stockholders": NaN,
        "Net Income": NaN,
        "Minority Interests": NaN,
        "Net Income Including Noncontrolling Interests": NaN,
        "Net Income Discontinuous Operations": 0.0,
        "Net Income Continuous Operations": NaN,
        "Tax Provision": NaN,
        "Pretax Income": NaN,
        "Other Income Expense": 0.0,
        "Other Non Operating Income Expenses": NaN,
        "Special Income Charges": 0.0,
        "Other Special Charges": 0.0,
        "Net Non Operating Interest Income Expense": NaN,
        "Interest Expense Non Operating": NaN,
        "Interest Income Non Operating": NaN,
        "Operating Income": NaN,
        "Operating Expense": NaN,
        "Depreciation Amortization Depletion Income Statement": NaN,
        "Depreciation And Amortization In Income Statement": NaN,
        "Amortization": NaN,
        "Amortization Of Intangibles Income Statement": NaN,
        "Research And Development": NaN,
        "Selling General And Administration": NaN,
        "Selling And Marketing Expense": NaN,
        "General And Administrative Expense": NaN,
        "Other Gand A": NaN,
        "Gross Profit": NaN,
        "Cost Of Revenue": NaN,
        "Total Revenue": NaN,
        "Operating Revenue": NaN
    },
    "2022-09-30": {
        "Tax Effect Of Unusual Items": NaN,
        "Tax Rate For Calcs": NaN,
        "Normalized EBITDA": NaN,
        "Total Unusual Items": 0.0,
        "Total Unusual Items Excluding Goodwill": 0.0,
        "Net Income From Continuing Operation Net Minority Interest": NaN,
        "Reconciled Depreciation": NaN,
        "Reconciled Cost Of Revenue": NaN,
        "EBITDA": NaN,
        "EBIT": NaN,
        "Net Interest Income": NaN,
        "Interest Expense": NaN,
        "Interest Income": NaN,
        "Normalized Income": NaN,
        "Net Income From Continuing And Discontinued Operation": NaN,
        "Total Expenses": NaN,
        "Total Operating Income As Reported": NaN,
        "Diluted Average Shares": NaN,
        "Basic Average Shares": NaN,
        "Diluted EPS": NaN,
        "Basic EPS": NaN,
        "Diluted NI Availto Com Stockholders": NaN,
        "Net Income Common Stockholders": NaN,
        "Net Income": NaN,
        "Minority Interests": NaN,
        "Net Income Including Noncontrolling Interests": NaN,
        "Net Income Discontinuous Operations": 0.0,
        "Net Income Continuous Operations": NaN,
        "Tax Provision": NaN,
        "Pretax Income": NaN,
        "Other Income Expense": NaN,
        "Other Non Operating Income Expenses": NaN,
        "Special Income Charges": 0.0,
        "Other Special Charges": NaN,
        "Net Non Operating Interest Income Expense": NaN,
        "Interest Expense Non Operating": NaN,
        "Interest Income Non Operating": NaN,
        "Operating Income": NaN,
        "Operating Expense": NaN,
        "Depreciation Amortization Depletion Income Statement": NaN,
        "Depreciation And Amortization In Income Statement": NaN,
        "Amortization": NaN,
        "Amortization Of Intangibles Income Statement": NaN,
        "Research And Development": NaN,
        "Selling General And Administration": NaN,
        "Selling And Marketing Expense": NaN,
        "General And Administrative Expense": NaN,
        "Other Gand A": NaN,
        "Gross Profit": NaN,
        "Cost Of Revenue": NaN,
        "Total Revenue": NaN,
        "Operating Revenue": NaN
    },
    "2022-06-30": {
        "Tax Effect Of Unusual Items": 244532.0,
        "Tax Rate For Calcs": 0.4,
        "Normalized EBITDA": -213133.0,
        "Total Unusual Items": 611330.0,
        "Total Unusual Items Excluding Goodwill": 611330.0,
        "Net Income From Continuing Operation Net Minority Interest": -1335620.0,
        "Reconciled Depreciation": 1618339.0,
        "Reconciled Cost Of Revenue": 1942998.0,
        "EBITDA": 398197.0,
        "EBIT": -1220142.0,
        "Net Interest Income": -122558.0,
        "Interest Expense": 137624.0,
        "Interest Income": 15066.0,
        "Normalized Income": -1702418.0,
        "Net Income From Continuing And Discontinued Operation": -1335620.0,
        "Total Expenses": 12145690.0,
        "Total Operating Income As Reported": -1846538.0,
        "Diluted Average Shares": 14688505.0,
        "Basic Average Shares": 14688505.0,
        "Diluted EPS": -0.09,
        "Basic EPS": -0.09,
        "Diluted NI Availto Com Stockholders": -1335620.0,
        "Net Income Common Stockholders": -1335620.0,
        "Net Income": -1335620.0,
        "Minority Interests": 29046.0,
        "Net Income Including Noncontrolling Interests": -1364666.0,
        "Net Income Discontinuous Operations": 0.0,
        "Net Income Continuous Operations": -1364666.0,
        "Tax Provision": 6900.0,
        "Pretax Income": -1357766.0,
        "Other Income Expense": 611330.0,
        "Other Non Operating Income Expenses": NaN,
        "Special Income Charges": 611330.0,
        "Other Special Charges": -611330.0,
        "Net Non Operating Interest Income Expense": -122558.0,
        "Interest Expense Non Operating": 137624.0,
        "Interest Income Non Operating": 15066.0,
        "Operating Income": -1846538.0,
        "Operating Expense": 10113806.0,
        "Depreciation Amortization Depletion Income Statement": 1529453.0,
        "Depreciation And Amortization In Income Statement": 1529453.0,
        "Amortization": 1529453.0,
        "Amortization Of Intangibles Income Statement": 1529453.0,
        "Research And Development": 1823693.0,
        "Selling General And Administration": 6760660.0,
        "Selling And Marketing Expense": 4556685.0,
        "General And Administrative Expense": 2203975.0,
        "Other Gand A": 2203975.0,
        "Gross Profit": 8267268.0,
        "Cost Of Revenue": 2031884.0,
        "Total Revenue": 10299152.0,
        "Operating Revenue": 10299152.0
    },
    "2022-03-31": {
        "Diluted EPS": -0.09,
        "Total Revenue": 11,
        "Gross Profit": 9,
        "Operating Income": -1,
        "EBIT": 0,
        "Net Income": -1
    },
    "2021-12-31": {
        "Diluted EPS": -0.26,
        "Total Revenue": 8,
        "Gross Profit": 5,
        "Operating Income": -4,
        "EBIT": -3,
        "Net Income": -4
    },
    "2021-09-30": {
        "Diluted EPS": -0.07,
        "Total Revenue": 8,
        "Gross Profit": 7,
        "Operating Income": -2,
        "EBIT": 0,
        "Net Income": -1
    },
    "2021-06-30": {
        "Diluted EPS": 0.08,
        "Total Revenue": 9,
        "Gross Profit": 7,
        "Operating Income": -1,
        "EBIT": 0,
        "Net Income": 1
    },
    "2021-03-31": {
        "Diluted EPS": 0.01,
        "Total Revenue": 11,
        "Gross Profit": 8,
        "Operating Income": 0,
        "EBIT": 1,
        "Net Income": 0
    },
    "2020-12-31": {
        "Diluted EPS": -0.06,
        "Total Revenue": 10,
        "Gross Profit": 8,
        "Operating Income": -2,
        "EBIT": -1,
        "Net Income": -1
    },
    "2020-09-30": {
        "Diluted EPS": -0.03,
        "Total Revenue": 9,
        "Gross Profit": 7,
        "Operating Income": -1,
        "EBIT": 0,
        "Net Income": 0
    },
    "2020-06-30": {
        "Diluted EPS": -0.06,
        "Total Revenue": 10,
        "Gross Profit": 7,
        "Operating Income": -2,
        "EBIT": 0,
        "Net Income": -1
    },
    "2020-03-31": {
        "Diluted EPS": -0.07,
        "Total Revenue": 8,
        "Gross Profit": 7,
        "Operating Income": -2,
        "EBIT": -1,
        "Net Income": -1
    },
    "2019-12-31": {
        "Diluted EPS": -0.06,
        "Total Revenue": 9,
        "Gross Profit": 7,
        "Operating Income": -3,
        "EBIT": -2,
        "Net Income": -1
    },
    "2019-09-30": {
        "Diluted EPS": -0.13,
        "Total Revenue": 7,
        "Gross Profit": 5,
        "Operating Income": -3,
        "EBIT": -2,
        "Net Income": -2
    },
    "2019-06-30": {
        "Diluted EPS": -0.04,
        "Total Revenue": 9,
        "Gross Profit": 8,
        "Operating Income": -1,
        "EBIT": 0,
        "Net Income": -1
    },
    "2019-03-31": {
        "Diluted EPS": 0.0,
        "Total Revenue": 9,
        "Gross Profit": 7,
        "Operating Income": -1,
        "EBIT": 0,
        "Net Income": 0
    },
    "2018-12-31": {
        "Diluted EPS": -0.14,
        "Total Revenue": 2,
        "Gross Profit": 1,
        "Operating Income": -6,
        "EBIT": -5,
        "Net Income": -2
    },
    "2018-09-30": {
        "Diluted EPS": -0.11,
        "Total Revenue": 8,
        "Gross Profit": 7,
        "Operating Income": -2,
        "EBIT": -1,
        "Net Income": -2
    },
    "2018-06-30": {
        "Diluted EPS": -0.05,
        "Total Revenue": 10,
        "Gross Profit": 9,
        "Operating Income": -1,
        "EBIT": 0,
        "Net Income": -1
    },
    "2018-03-31": {
        "Diluted EPS": -0.15,
        "Total Revenue": 9,
        "Gross Profit": 7,
        "Operating Income": -2,
        "EBIT": -2,
        "Net Income": -2
    },
    "2017-12-31": {
        "Diluted EPS": -0.05,
        "Total Revenue": 12,
        "Gross Profit": 9,
        "Operating Income": -1,
        "EBIT": 0,
        "Net Income": -1
    },
    "2017-09-30": {
        "Diluted EPS": -0.05,
        "Total Revenue": 11,
        "Gross Profit": 9,
        "Operating Income": -1,
        "EBIT": 0,
        "Net Income": -1
    },
    "2017-06-30": {
        "Diluted EPS": -0.32,
        "Total Revenue": 9,
        "Gross Profit": 7,
        "Operating Income": -2,
        "EBIT": -1,
        "Net Income": -5
    },
    "2017-03-31": {
        "Diluted EPS": -0.08,
        "Total Revenue": 10,
        "Gross Profit": 8,
        "Operating Income": -1,
        "EBIT": 0,
        "Net Income": -1
    },
    "2016-12-31": {
        "Diluted EPS": -0.05,
        "Total Revenue": 9,
        "Gross Profit": 7,
        "Operating Income": -1,
        "EBIT": 0,
        "Net Income": -1
    },
    "2016-09-30": {
        "Diluted EPS": 0.01,
        "Total Revenue": 9,
        "Gross Profit": 7,
        "Operating Income": 0,
        "EBIT": 1,
        "Net Income": 0
    },
    "2016-06-30": {
        "Diluted EPS": -0.0,
        "Total Revenue": 7,
        "Gross Profit": 6,
        "Operating Income": 0,
        "EBIT": 0,
        "Net Income": 0
    },
    "2016-03-31": {
        "Diluted EPS": -0.02,
        "Total Revenue": 8,
        "Gross Profit": 7,
        "Operating Income": -1,
        "EBIT": 0,
        "Net Income": 0
    },
    "2015-12-31": {
        "Diluted EPS": 0.01,
        "Total Revenue": 8,
        "Gross Profit": 6,
        "Operating Income": 0,
        "EBIT": 1,
        "Net Income": 0
    },
    "2015-09-30": {
        "Diluted EPS": 0.01,
        "Total Revenue": 8,
        "Gross Profit": 7,
        "Operating Income": 0,
        "EBIT": 1,
        "Net Income": 0
    },
    "2015-06-30": {
        "Diluted EPS": 0.02,
        "Total Revenue": 9,
        "Gross Profit": 8,
        "Operating Income": 1,
        "EBIT": 1,
        "Net Income": 0
    },
    "2015-03-31": {
        "Diluted EPS": 0.0,
        "Total Revenue": 9,
        "Gross Profit": 8,
        "Operating Income": 0,
        "EBIT": 1,
        "Net Income": 0
    },
    "2014-12-31": {
        "Diluted EPS": 0.04,
        "Total Revenue": 9,
        "Gross Profit": 8,
        "Operating Income": 1,
        "EBIT": 2,
        "Net Income": 1
    },
    "2014-09-30": {
        "Diluted EPS": 0.04,
        "Total Revenue": 10,
        "Gross Profit": 8,
        "Operating Income": 1,
        "EBIT": 2,
        "Net Income": 1
    },
    "2014-06-30": {
        "Diluted EPS": 0.04,
        "Total Revenue": 10,
        "Gross Profit": 8,
        "Operating Income": 1,
        "EBIT": 2,
        "Net Income": 1
    },
    "2014-03-31": {
        "Diluted EPS": 0.02,
        "Total Revenue": 8,
        "Gross Profit": 7,
        "Operating Income": 0,
        "EBIT": 1,
        "Net Income": 0
    },
    "2013-12-31": {
        "Diluted EPS": -0.09,
        "Total Revenue": 8,
        "Gross Profit": 6,
        "Operating Income": -2,
        "EBIT": -2,
        "Net Income": -2
    },
    "2013-09-30": {
        "Diluted EPS": -0.04,
        "Total Revenue": 7,
        "Gross Profit": 5,
        "Operating Income": -2,
        "EBIT": -1,
        "Net Income": -1
    },
    "2013-06-30": {
        "Diluted EPS": -0.03,
        "Total Revenue": 7,
        "Gross Profit": 6,
        "Operating Income": -1,
        "EBIT": -1,
        "Net Income": -1
    },
    "2013-03-31": {
        "Diluted EPS": 0.05,
        "Total Revenue": 10,
        "Gross Profit": 9,
        "Operating Income": 1,
        "EBIT": 2,
        "Net Income": 1
    },
    "2012-12-31": {
        "Diluted EPS": 0.09,
        "Total Revenue": 14,
        "Gross Profit": 12,
        "Operating Income": 3,
        "EBIT": 3,
        "Net Income": 2
    },
    "2012-09-30": {
        "Diluted EPS": 0.1,
        "Total Revenue": 13,
        "Gross Profit": 12,
        "Operating Income": 3,
        "EBIT": 3,
        "Net Income": 2
    },
    "2012-06-30": {
        "Diluted EPS": 0.09,
        "Total Revenue": 12,
        "Gross Profit": 11,
        "Operating Income": 2,
        "EBIT": 2,
        "Net Income": 2
    },
    "2012-03-31": {
        "Diluted EPS": 0.02,
        "Total Revenue": 10,
        "Gross Profit": 9,
        "Operating Income": 1,
        "EBIT": 1,
        "Net Income": 0
    },
    "2011-12-31": {
        "Diluted EPS": 0.05,
        "Total Revenue": 13,
        "Gross Profit": 11,
        "Operating Income": 2,
        "EBIT": 2,
        "Net Income": 1
    },
    "2011-09-30": {
        "Diluted EPS": 0.09,
        "Total Revenue": 13,
        "Gross Profit": 12,
        "Operating Income": 3,
        "EBIT": 3,
        "Net Income": 2
    },
    "2011-06-30": {
        "Diluted EPS": 0.11,
        "Total Revenue": 14,
        "Gross Profit": 13,
        "Operating Income": 4,
        "EBIT": 4,
        "Net Income": 2
    },
    "2011-03-31": {
        "Diluted EPS": 0.03,
        "Total Revenue": 11,
        "Gross Profit": 10,
        "Operating Income": 1,
        "EBIT": 2,
        "Net Income": 1
    },
    "2010-12-31": {
        "Diluted EPS": 0.04,
        "Total Revenue": 13,
        "Gross Profit": 12,
        "Operating Income": 2,
        "EBIT": 2,
        "Net Income": 1
    },
    "2010-09-30": {
        "Diluted EPS": 0.05,
        "Total Revenue": 12,
        "Gross Profit": 11,
        "Operating Income": 2,
        "EBIT": 3,
        "Net Income": 1
    },
    "2010-06-30": {
        "Diluted EPS": 0.01,
        "Total Revenue": 11,
        "Gross Profit": 10,
        "Operating Income": 1,
        "EBIT": 1,
        "Net Income": 0
    },
    "2010-03-31": {
        "Diluted EPS": 0.02,
        "Total Revenue": 10,
        "Gross Profit": 9,
        "Operating Income": 1,
        "EBIT": 1,
        "Net Income": 0
    },
    "2009-12-31": {
        "Diluted EPS": 0.0,
        "Total Revenue": 11,
        "Gross Profit": 10,
        "Operating Income": 1,
        "EBIT": 1,
        "Net Income": 0
    },
    "2009-09-30": {
        "Diluted EPS": 0.07,
        "Total Revenue": 14,
        "Gross Profit": 12,
        "Operating Income": 2,
        "EBIT": 3,
        "Net Income": 1
    },
    "2009-06-30": {
        "Diluted EPS": 0.02,
        "Total Revenue": 10,
        "Gross Profit": 9,
        "Operating Income": 1,
        "EBIT": 1,
        "Net Income": 0
    },
    "2009-03-31": {
        "Diluted EPS": 0.08,
        "Total Revenue": 9,
        "Gross Profit": 9,
        "Operating Income": 2,
        "EBIT": 2,
        "Net Income": 1
    },
    "2023-06-30": {
        "Tax Effect Of Unusual Items": 0.0,
        "Tax Rate For Calcs": 0.007982,
        "Normalized EBITDA": 2558791.0,
        "Total Unusual Items": 0.0,
        "Total Unusual Items Excluding Goodwill": 0.0,
        "Net Income From Continuing Operation Net Minority Interest": 872200.0,
        "Reconciled Depreciation": 1497065.0,
        "Reconciled Cost Of Revenue": 1181957.0,
        "EBITDA": 2558791.0,
        "EBIT": 1061726.0,
        "Net Interest Income": -135574.0,
        "Interest Expense": 192635.0,
        "Interest Income": 57061.0,
        "Normalized Income": 872200.0,
        "Net Income From Continuing And Discontinued Operation": 872200.0,
        "Total Expenses": 10866018.0,
        "Total Operating Income As Reported": 22859.0,
        "Diluted Average Shares": 14554264.0,
        "Basic Average Shares": 14393711.0,
        "Diluted EPS": 0.06,
        "Basic EPS": 0.06,
        "Diluted NI Availto Com Stockholders": 872200.0,
        "Net Income Common Stockholders": 872200.0,
        "Net Income": 872200.0,
        "Minority Interests": 10046.0,
        "Net Income Including Noncontrolling Interests": 862154.0,
        "Net Income Continuous Operations": 862154.0,
        "Tax Provision": 6937.0,
        "Pretax Income": 869091.0,
        "Other Income Expense": 981806.0,
        "Other Non Operating Income Expenses": 981806.0,
        "Special Income Charges": 0.0,
        "Other Special Charges": NaN,
        "Net Non Operating Interest Income Expense": -135574.0,
        "Interest Expense Non Operating": 192635.0,
        "Interest Income Non Operating": 57061.0,
        "Operating Income": 22859.0,
        "Operating Expense": 9345244.0,
        "Depreciation Amortization Depletion Income Statement": 1158248.0,
        "Depreciation And Amortization In Income Statement": 1158248.0,
        "Amortization": 1158248.0,
        "Amortization Of Intangibles Income Statement": 1158248.0,
        "Research And Development": 1145038.0,
        "Selling General And Administration": 7041958.0,
        "Selling And Marketing Expense": 4672075.0,
        "General And Administrative Expense": 2369883.0,
        "Other Gand A": 2369883.0,
        "Gross Profit": 9368103.0,
        "Cost Of Revenue": 1520774.0,
        "Total Revenue": 10888877.0,
        "Operating Revenue": 10888877.0
    },
    "2023-09-30": {
        "Tax Effect Of Unusual Items": 172578.0,
        "Tax Rate For Calcs": 0.21,
        "Normalized EBITDA": -592826.0,
        "Total Unusual Items": 821800.0,
        "Total Unusual Items Excluding Goodwill": 821800.0,
        "Net Income From Continuing Operation Net Minority Interest": -1049298.0,
        "Reconciled Depreciation": 777738.0,
        "Reconciled Cost Of Revenue": 2163026.0,
        "EBITDA": 228974.0,
        "EBIT": -946200.0,
        "Net Interest Income": -11478.0,
        "Interest Expense": 110081.0,
        "Interest Income": 98603.0,
        "Normalized Income": -1698520.0,
        "Net Income From Continuing And Discontinued Operation": -1049298.0,
        "Total Expenses": 11952529.0,
        "Total Operating Income As Reported": -1866603.0,
        "Diluted Average Shares": 14277229.0,
        "Basic Average Shares": 14277229.0,
        "Diluted EPS": -0.07,
        "Basic EPS": -0.07,
        "Diluted NI Availto Com Stockholders": -1049298.0,
        "Net Income Common Stockholders": -1049298.0,
        "Net Income": -1049298.0,
        "Minority Interests": 13921.0,
        "Net Income Including Noncontrolling Interests": -1063219.0,
        "Net Income Continuous Operations": -1063219.0,
        "Tax Provision": 6938.0,
        "Pretax Income": -1056281.0,
        "Other Income Expense": 821800.0,
        "Other Non Operating Income Expenses": NaN,
        "Special Income Charges": 821800.0,
        "Other Special Charges": -821800.0,
        "Net Non Operating Interest Income Expense": -11478.0,
        "Interest Expense Non Operating": 110081.0,
        "Interest Income Non Operating": 98603.0,
        "Operating Income": -1866603.0,
        "Operating Expense": 10186939.0,
        "Depreciation Amortization Depletion Income Statement": 1175174.0,
        "Depreciation And Amortization In Income Statement": 1175174.0,
        "Amortization": 1175174.0,
        "Amortization Of Intangibles Income Statement": 1175174.0,
        "Research And Development": 1924768.0,
        "Selling General And Administration": 7086997.0,
        "Selling And Marketing Expense": 4743142.0,
        "General And Administrative Expense": 2343855.0,
        "Other Gand A": 2343855.0,
        "Gross Profit": 8320336.0,
        "Cost Of Revenue": 1765590.0,
        "Total Revenue": 10085926.0,
        "Operating Revenue": 10085926.0
    },
    "2023-12-31": {
        "Tax Effect Of Unusual Items": 0.0,
        "Tax Rate For Calcs": 0.21,
        "Normalized EBITDA": -1559084.0,
        "Total Unusual Items": 0.0,
        "Total Unusual Items Excluding Goodwill": 0.0,
        "Net Income From Continuing Operation Net Minority Interest": -6294406.0,
        "Reconciled Depreciation": 2067767.0,
        "Reconciled Cost Of Revenue": 4001371.0,
        "EBITDA": -1559084.0,
        "EBIT": -6098239.0,
        "Net Interest Income": -97792.0,
        "Interest Expense": 178792.0,
        "Interest Income": 81000.0,
        "Normalized Income": -6294406.0,
        "Net Income From Continuing And Discontinued Operation": -6294406.0,
        "Total Expenses": 15532305.0,
        "Total Operating Income As Reported": -6179239.0,
        "Diluted Average Shares": 14164270.0,
        "Basic Average Shares": 14164270.0,
        "Diluted EPS": -0.44,
        "Basic EPS": -0.44,
        "Diluted NI Availto Com Stockholders": -6294406.0,
        "Net Income Common Stockholders": -6294406.0,
        "Net Income": -6294406.0,
        "Minority Interests": 7581.0,
        "Net Income Including Noncontrolling Interests": -6301987.0,
        "Net Income Continuous Operations": -6301987.0,
        "Tax Provision": 24956.0,
        "Pretax Income": -6277031.0,
        "Other Income Expense": 0.0,
        "Other Non Operating Income Expenses": 0.0,
        "Special Income Charges": 0.0,
        "Other Special Charges": 0.0,
        "Net Non Operating Interest Income Expense": -97792.0,
        "Interest Expense Non Operating": 178792.0,
        "Interest Income Non Operating": 81000.0,
        "Operating Income": -6179239.0,
        "Operating Expense": 14002322.0,
        "Depreciation Amortization Depletion Income Statement": 4539155.0,
        "Depreciation And Amortization In Income Statement": 4539155.0,
        "Amortization": 4539155.0,
        "Amortization Of Intangibles Income Statement": 4539155.0,
        "Research And Development": 1264753.0,
        "Selling General And Administration": 8198414.0,
        "Selling And Marketing Expense": 4759230.0,
        "General And Administrative Expense": 3439184.0,
        "Other Gand A": 3439184.0,
        "Gross Profit": 7823083.0,
        "Cost Of Revenue": 1529983.0,
        "Total Revenue": 9353066.0,
        "Operating Revenue": 7314051.0
    },
    "2024-03-31": {
        "Tax Effect Of Unusual Items": 0.0,
        "Tax Rate For Calcs": 0.21,
        "Normalized EBITDA": -336635.0,
        "Total Unusual Items": NaN,
        "Total Unusual Items Excluding Goodwill": NaN,
        "Net Income From Continuing Operation Net Minority Interest": -1946263.0,
        "Reconciled Depreciation": 1435869.0,
        "Reconciled Cost Of Revenue": 1250334.0,
        "EBITDA": -336635.0,
        "EBIT": -1772504.0,
        "Net Interest Income": -21780.0,
        "Interest Expense": 118526.0,
        "Interest Income": 96746.0,
        "Normalized Income": -1946263.0,
        "Net Income From Continuing And Discontinued Operation": -1946263.0,
        "Total Expenses": 10366951.0,
        "Total Operating Income As Reported": -1869250.0,
        "Diluted Average Shares": 14098022.0,
        "Basic Average Shares": 14098022.0,
        "Diluted EPS": -0.14,
        "Basic EPS": -0.14,
        "Diluted NI Availto Com Stockholders": -1946263.0,
        "Net Income Common Stockholders": -1946263.0,
        "Net Income": -1946263.0,
        "Minority Interests": -43791.0,
        "Net Income Including Noncontrolling Interests": -1902472.0,
        "Net Income Continuous Operations": -1902472.0,
        "Tax Provision": 11442.0,
        "Pretax Income": -1891030.0,
        "Other Income Expense": NaN,
        "Other Non Operating Income Expenses": NaN,
        "Special Income Charges": NaN,
        "Other Special Charges": NaN,
        "Net Non Operating Interest Income Expense": -21780.0,
        "Interest Expense Non Operating": 118526.0,
        "Interest Income Non Operating": 96746.0,
        "Operating Income": -1869250.0,
        "Operating Expense": 8791409.0,
        "Depreciation Amortization Depletion Income Statement": 1110661.0,
        "Depreciation And Amortization In Income Statement": 1110661.0,
        "Amortization": 1110661.0,
        "Amortization Of Intangibles Income Statement": 1110661.0,
        "Research And Development": 1158253.0,
        "Selling General And Administration": 6522495.0,
        "Selling And Marketing Expense": 4154588.0,
        "General And Administrative Expense": 2367907.0,
        "Other Gand A": 2367907.0,
        "Gross Profit": 6922159.0,
        "Cost Of Revenue": 1575542.0,
        "Total Revenue": 8497701.0,
        "Operating Revenue": 8497701.0
    },
    "2024-06-30": {
        "Tax Effect Of Unusual Items": 0.0,
        "Tax Rate For Calcs": 0.21,
        "Normalized EBITDA": 459783.0,
        "Total Unusual Items": NaN,
        "Total Unusual Items Excluding Goodwill": NaN,
        "Net Income From Continuing Operation Net Minority Interest": -1085612.0,
        "Reconciled Depreciation": 1424630.0,
        "Reconciled Cost Of Revenue": 1386171.0,
        "EBITDA": 459783.0,
        "EBIT": -964847.0,
        "Net Interest Income": -64506.0,
        "Interest Expense": 126347.0,
        "Interest Income": 61841.0,
        "Normalized Income": -1085612.0,
        "Net Income From Continuing And Discontinued Operation": -1085612.0,
        "Total Expenses": 10875537.0,
        "Total Operating Income As Reported": -1026688.0,
        "Diluted Average Shares": 14118091.0,
        "Basic Average Shares": 14118091.0,
        "Diluted EPS": -0.08,
        "Basic EPS": -0.08,
        "Diluted NI Availto Com Stockholders": -1085612.0,
        "Net Income Common Stockholders": -1085612.0,
        "Net Income": -1085612.0,
        "Minority Interests": 17025.0,
        "Net Income Including Noncontrolling Interests": -1102637.0,
        "Net Income Continuous Operations": -1102637.0,
        "Tax Provision": 11443.0,
        "Pretax Income": -1091194.0,
        "Other Income Expense": NaN,
        "Other Non Operating Income Expenses": NaN,
        "Special Income Charges": NaN,
        "Other Special Charges": NaN,
        "Net Non Operating Interest Income Expense": -64506.0,
        "Interest Expense Non Operating": 126347.0,
        "Interest Income Non Operating": 61841.0,
        "Operating Income": -1026688.0,
        "Operating Expense": 9164593.0,
        "Depreciation Amortization Depletion Income Statement": 1099857.0,
        "Depreciation And Amortization In Income Statement": 1099857.0,
        "Amortization": 1099857.0,
        "Amortization Of Intangibles Income Statement": 1099857.0,
        "Research And Development": 1059187.0,
        "Selling General And Administration": 7005549.0,
        "Selling And Marketing Expense": 4248401.0,
        "General And Administrative Expense": 2757148.0,
        "Other Gand A": 2757148.0,
        "Gross Profit": 8137905.0,
        "Cost Of Revenue": 1710944.0,
        "Total Revenue": 9848849.0,
        "Operating Revenue": 9848849.0
    }
}