{
    "2023-03-31": {
        "Tax Effect Of Unusual Items": NaN,
        "Tax Rate For Calcs": NaN,
        "Normalized EBITDA": NaN,
        "Total Unusual Items": NaN,
        "Total Unusual Items Excluding Goodwill": NaN,
        "Net Income From Continuing Operation Net Minority Interest": NaN,
        "Reconciled Depreciation": NaN,
        "Reconciled Cost Of Revenue": NaN,
        "EBITDA": NaN,
        "EBIT": NaN,
        "Net Interest Income": NaN,
        "Interest Expense": NaN,
        "Normalized Income": NaN,
        "Net Income From Continuing And Discontinued Operation": NaN,
        "Total Expenses": NaN,
        "Total Operating Income As Reported": NaN,
        "Diluted Average Shares": NaN,
        "Basic Average Shares": NaN,
        "Diluted EPS": NaN,
        "Basic EPS": NaN,
        "Diluted NI Availto Com Stockholders": NaN,
        "Net Income Common Stockholders": NaN,
        "Net Income": NaN,
        "Minority Interests": NaN,
        "Net Income Including Noncontrolling Interests": NaN,
        "Net Income Continuous Operations": NaN,
        "Tax Provision": NaN,
        "Pretax Income": NaN,
        "Other Income Expense": NaN,
        "Other Non Operating Income Expenses": 1000000.0,
        "Special Income Charges": NaN,
        "Impairment Of Capital Assets": 130000000.0,
        "Restructuring And Mergern Acquisition": NaN,
        "Gain On Sale Of Security": NaN,
        "Net Non Operating Interest Income Expense": NaN,
        "Total Other Finance Cost": 11000000.0,
        "Interest Expense Non Operating": NaN,
        "Operating Income": NaN,
        "Operating Expense": NaN,
        "Depreciation Amortization Depletion Income Statement": NaN,
        "Depreciation And Amortization In Income Statement": NaN,
        "Amortization": NaN,
        "Amortization Of Intangibles Income Statement": NaN,
        "Depreciation Income Statement": NaN,
        "Selling General And Administration": NaN,
        "Gross Profit": NaN,
        "Cost Of Revenue": NaN,
        "Total Revenue": NaN,
        "Operating Revenue": NaN
    },
    "2022-12-31": {
        "Tax Effect Of Unusual Items": NaN,
        "Tax Rate For Calcs": NaN,
        "Normalized EBITDA": NaN,
        "Total Unusual Items": NaN,
        "Total Unusual Items Excluding Goodwill": NaN,
        "Net Income From Continuing Operation Net Minority Interest": NaN,
        "Reconciled Depreciation": NaN,
        "Reconciled Cost Of Revenue": NaN,
        "EBITDA": NaN,
        "EBIT": NaN,
        "Net Interest Income": NaN,
        "Interest Expense": 12000000.0,
        "Normalized Income": NaN,
        "Net Income From Continuing And Discontinued Operation": NaN,
        "Total Expenses": NaN,
        "Total Operating Income As Reported": NaN,
        "Diluted Average Shares": NaN,
        "Basic Average Shares": NaN,
        "Diluted EPS": NaN,
        "Basic EPS": NaN,
        "Diluted NI Availto Com Stockholders": NaN,
        "Net Income Common Stockholders": NaN,
        "Net Income": NaN,
        "Minority Interests": NaN,
        "Net Income Including Noncontrolling Interests": NaN,
        "Net Income Continuous Operations": NaN,
        "Tax Provision": NaN,
        "Pretax Income": NaN,
        "Other Income Expense": NaN,
        "Other Non Operating Income Expenses": 1000000.0,
        "Special Income Charges": NaN,
        "Impairment Of Capital Assets": 1000000.0,
        "Restructuring And Mergern Acquisition": NaN,
        "Gain On Sale Of Security": NaN,
        "Net Non Operating Interest Income Expense": NaN,
        "Total Other Finance Cost": 12000000.0,
        "Interest Expense Non Operating": 12000000.0,
        "Operating Income": NaN,
        "Operating Expense": NaN,
        "Depreciation Amortization Depletion Income Statement": NaN,
        "Depreciation And Amortization In Income Statement": NaN,
        "Amortization": NaN,
        "Amortization Of Intangibles Income Statement": NaN,
        "Depreciation Income Statement": NaN,
        "Selling General And Administration": NaN,
        "Gross Profit": NaN,
        "Cost Of Revenue": NaN,
        "Total Revenue": NaN,
        "Operating Revenue": NaN
    },
    "2022-09-30": {
        "Tax Effect Of Unusual Items": NaN,
        "Tax Rate For Calcs": NaN,
        "Normalized EBITDA": NaN,
        "Total Unusual Items": NaN,
        "Total Unusual Items Excluding Goodwill": NaN,
        "Net Income From Continuing Operation Net Minority Interest": NaN,
        "Reconciled Depreciation": NaN,
        "Reconciled Cost Of Revenue": NaN,
        "EBITDA": NaN,
        "EBIT": NaN,
        "Net Interest Income": NaN,
        "Interest Expense": 5000000.0,
        "Normalized Income": NaN,
        "Net Income From Continuing And Discontinued Operation": NaN,
        "Total Expenses": NaN,
        "Total Operating Income As Reported": NaN,
        "Diluted Average Shares": NaN,
        "Basic Average Shares": NaN,
        "Diluted EPS": NaN,
        "Basic EPS": NaN,
        "Diluted NI Availto Com Stockholders": NaN,
        "Net Income Common Stockholders": NaN,
        "Net Income": NaN,
        "Minority Interests": NaN,
        "Net Income Including Noncontrolling Interests": NaN,
        "Net Income Continuous Operations": NaN,
        "Tax Provision": NaN,
        "Pretax Income": NaN,
        "Other Income Expense": NaN,
        "Other Non Operating Income Expenses": 1000000.0,
        "Special Income Charges": NaN,
        "Impairment Of Capital Assets": NaN,
        "Restructuring And Mergern Acquisition": NaN,
        "Gain On Sale Of Security": NaN,
        "Net Non Operating Interest Income Expense": NaN,
        "Total Other Finance Cost": 5000000.0,
        "Interest Expense Non Operating": 5000000.0,
        "Operating Income": NaN,
        "Operating Expense": NaN,
        "Depreciation Amortization Depletion Income Statement": NaN,
        "Depreciation And Amortization In Income Statement": NaN,
        "Amortization": NaN,
        "Amortization Of Intangibles Income Statement": NaN,
        "Depreciation Income Statement": NaN,
        "Selling General And Administration": NaN,
        "Gross Profit": NaN,
        "Cost Of Revenue": NaN,
        "Total Revenue": NaN,
        "Operating Revenue": NaN
    },
    "2022-06-30": {
        "Tax Effect Of Unusual Items": -847000.0,
        "Tax Rate For Calcs": 0.121,
        "Normalized EBITDA": 286000000.0,
        "Total Unusual Items": -7000000.0,
        "Total Unusual Items Excluding Goodwill": -7000000.0,
        "Net Income From Continuing Operation Net Minority Interest": 201000000.0,
        "Reconciled Depreciation": 45000000.0,
        "Reconciled Cost Of Revenue": 459000000.0,
        "EBITDA": 279000000.0,
        "EBIT": 234000000.0,
        "Net Interest Income": 4000000.0,
        "Normalized Income": 207153000.0,
        "Net Income From Continuing And Discontinued Operation": 201000000.0,
        "Total Expenses": 1126000000.0,
        "Total Operating Income As Reported": 231000000.0,
        "Diluted Average Shares": 143733984.0,
        "Basic Average Shares": 141913586.0,
        "Diluted EPS": 1.4,
        "Basic EPS": 1.42,
        "Diluted NI Availto Com Stockholders": 201000000.0,
        "Net Income Common Stockholders": 201000000.0,
        "Net Income": 201000000.0,
        "Minority Interests": -2000000.0,
        "Net Income Including Noncontrolling Interests": 203000000.0,
        "Net Income Continuous Operations": 203000000.0,
        "Tax Provision": 28000000.0,
        "Pretax Income": 231000000.0,
        "Other Income Expense": -7000000.0,
        "Other Non Operating Income Expenses": NaN,
        "Special Income Charges": -3000000.0,
        "Impairment Of Capital Assets": NaN,
        "Restructuring And Mergern Acquisition": 3000000.0,
        "Gain On Sale Of Security": -4000000.0,
        "Net Non Operating Interest Income Expense": 4000000.0,
        "Total Other Finance Cost": -4000000.0,
        "Operating Income": 234000000.0,
        "Operating Expense": 667000000.0,
        "Depreciation Amortization Depletion Income Statement": 45000000.0,
        "Depreciation And Amortization In Income Statement": 45000000.0,
        "Amortization": 11000000.0,
        "Amortization Of Intangibles Income Statement": 11000000.0,
        "Depreciation Income Statement": 34000000.0,
        "Selling General And Administration": 622000000.0,
        "Gross Profit": 901000000.0,
        "Cost Of Revenue": 459000000.0,
        "Total Revenue": 1360000000.0,
        "Operating Revenue": 1360000000.0
    },
    "2022-03-31": {
        "Diluted EPS": 0.57,
        "Total Revenue": NaN,
        "Gross Profit": 956,
        "Operating Income": 119,
        "EBIT": 192,
        "Net Income": 81
    },
    "2021-12-31": {
        "Diluted EPS": 2.11,
        "Total Revenue": NaN,
        "Gross Profit": NaN,
        "Operating Income": 331,
        "EBIT": 378,
        "Net Income": 322
    },
    "2021-09-30": {
        "Diluted EPS": 1.3,
        "Total Revenue": NaN,
        "Gross Profit": 884,
        "Operating Income": 195,
        "EBIT": 244,
        "Net Income": 200
    },
    "2021-06-30": {
        "Diluted EPS": 1.41,
        "Total Revenue": NaN,
        "Gross Profit": 856,
        "Operating Income": 258,
        "EBIT": 308,
        "Net Income": 219
    },
    "2021-03-31": {
        "Diluted EPS": -1.19,
        "Total Revenue": NaN,
        "Gross Profit": 737,
        "Operating Income": -139,
        "EBIT": 42,
        "Net Income": -183
    },
    "2020-12-31": {
        "Diluted EPS": 1.18,
        "Total Revenue": NaN,
        "Gross Profit": 848,
        "Operating Income": 167,
        "EBIT": 334,
        "Net Income": 179
    },
    "2020-09-30": {
        "Diluted EPS": 0.81,
        "Total Revenue": NaN,
        "Gross Profit": 710,
        "Operating Income": 153,
        "EBIT": 208,
        "Net Income": 122
    },
    "2020-06-30": {
        "Diluted EPS": -1.21,
        "Total Revenue": 451,
        "Gross Profit": 302,
        "Operating Income": -162,
        "EBIT": -107,
        "Net Income": -180
    },
    "2020-03-31": {
        "Diluted EPS": -3.63,
        "Total Revenue": NaN,
        "Gross Profit": 631,
        "Operating Income": -536,
        "EBIT": -473,
        "Net Income": -551
    },
    "2019-12-31": {
        "Diluted EPS": 1.38,
        "Total Revenue": NaN,
        "Gross Profit": 932,
        "Operating Income": 205,
        "EBIT": 271,
        "Net Income": 210
    },
    "2019-09-30": {
        "Diluted EPS": 0.47,
        "Total Revenue": NaN,
        "Gross Profit": 874,
        "Operating Income": 75,
        "EBIT": 142,
        "Net Income": 73
    },
    "2019-06-30": {
        "Diluted EPS": 0.3,
        "Total Revenue": NaN,
        "Gross Profit": 834,
        "Operating Income": 64,
        "EBIT": 125,
        "Net Income": 45
    },
    "2019-03-31": {
        "Diluted EPS": 0.12,
        "Total Revenue": NaN,
        "Gross Profit": 793,
        "Operating Income": 40,
        "EBIT": 127,
        "Net Income": 19
    },
    "2018-12-31": {
        "Diluted EPS": 1.33,
        "Total Revenue": NaN,
        "Gross Profit": 873,
        "Operating Income": 290,
        "EBIT": 342,
        "Net Income": 200
    },
    "2018-09-30": {
        "Diluted EPS": 0.91,
        "Total Revenue": NaN,
        "Gross Profit": 763,
        "Operating Income": 190,
        "EBIT": 244,
        "Net Income": 138
    },
    "2018-06-30": {
        "Diluted EPS": 1.22,
        "Total Revenue": NaN,
        "Gross Profit": 751,
        "Operating Income": 215,
        "EBIT": 272,
        "Net Income": 186
    },
    "2018-03-31": {
        "Diluted EPS": 0.28,
        "Total Revenue": NaN,
        "Gross Profit": 710,
        "Operating Income": 87,
        "EBIT": 147,
        "Net Income": 44
    },
    "2017-12-31": {
        "Diluted EPS": 1.42,
        "Total Revenue": NaN,
        "Gross Profit": 884,
        "Operating Income": 314,
        "EBIT": 370,
        "Net Income": 219
    },
    "2017-09-30": {
        "Diluted EPS": 1.32,
        "Total Revenue": NaN,
        "Gross Profit": 691,
        "Operating Income": 199,
        "EBIT": 248,
        "Net Income": 203
    },
    "2017-06-30": {
        "Diluted EPS": 0.8,
        "Total Revenue": 952,
        "Gross Profit": 575,
        "Operating Income": 149,
        "EBIT": 197,
        "Net Income": 126
    },
    "2017-03-31": {
        "Diluted EPS": -0.13,
        "Total Revenue": NaN,
        "Gross Profit": 619,
        "Operating Income": -43,
        "EBIT": 213,
        "Net Income": -26
    },
    "2016-12-31": {
        "Diluted EPS": 1.64,
        "Total Revenue": NaN,
        "Gross Profit": 806,
        "Operating Income": 342,
        "EBIT": 397,
        "Net Income": 271
    },
    "2016-09-30": {
        "Diluted EPS": 0.95,
        "Total Revenue": NaN,
        "Gross Profit": 645,
        "Operating Income": 204,
        "EBIT": 261,
        "Net Income": 161
    },
    "2016-06-30": {
        "Diluted EPS": 0.83,
        "Total Revenue": 988,
        "Gross Profit": 591,
        "Operating Income": 187,
        "EBIT": 239,
        "Net Income": 147
    },
    "2016-03-31": {
        "Diluted EPS": 0.97,
        "Total Revenue": NaN,
        "Gross Profit": 697,
        "Operating Income": 244,
        "EBIT": 296,
        "Net Income": 177
    },
    "2015-12-31": {
        "Diluted EPS": 1.59,
        "Total Revenue": NaN,
        "Gross Profit": 832,
        "Operating Income": 409,
        "EBIT": 455,
        "Net Income": 295
    },
    "2015-09-30": {
        "Diluted EPS": 1.01,
        "Total Revenue": NaN,
        "Gross Profit": 665,
        "Operating Income": 273,
        "EBIT": 321,
        "Net Income": 193
    },
    "2015-06-30": {
        "Diluted EPS": 0.87,
        "Total Revenue": 986,
        "Gross Profit": 604,
        "Operating Income": 249,
        "EBIT": 291,
        "Net Income": 174
    },
    "2015-03-31": {
        "Diluted EPS": 0.89,
        "Total Revenue": NaN,
        "Gross Profit": 631,
        "Operating Income": 256,
        "EBIT": 295,
        "Net Income": 183
    },
    "2014-12-31": {
        "Diluted EPS": 1.48,
        "Total Revenue": NaN,
        "Gross Profit": 800,
        "Operating Income": 418,
        "EBIT": 457,
        "Net Income": 304
    },
    "2014-09-30": {
        "Diluted EPS": 1.0,
        "Total Revenue": NaN,
        "Gross Profit": 645,
        "Operating Income": 306,
        "EBIT": 341,
        "Net Income": 207
    },
    "2014-06-30": {
        "Diluted EPS": 0.91,
        "Total Revenue": 919,
        "Gross Profit": 572,
        "Operating Income": 277,
        "EBIT": 307,
        "Net Income": 188
    },
    "2014-03-31": {
        "Diluted EPS": 0.79,
        "Total Revenue": 917,
        "Gross Profit": 549,
        "Operating Income": 246,
        "EBIT": 271,
        "Net Income": 161
    },
    "2013-12-31": {
        "Diluted EPS": 1.11,
        "Total Revenue": NaN,
        "Gross Profit": 619,
        "Operating Income": 343,
        "EBIT": 367,
        "Net Income": 230
    },
    "2013-09-30": {
        "Diluted EPS": 0.71,
        "Total Revenue": 740,
        "Gross Profit": 450,
        "Operating Income": 221,
        "EBIT": 242,
        "Net Income": 146
    },
    "2013-06-30": {
        "Diluted EPS": 0.61,
        "Total Revenue": 641,
        "Gross Profit": 397,
        "Operating Income": 198,
        "EBIT": 215,
        "Net Income": 125
    },
    "2013-03-31": {
        "Diluted EPS": 0.5,
        "Total Revenue": 597,
        "Gross Profit": 356,
        "Operating Income": 155,
        "EBIT": 172,
        "Net Income": 101
    },
    "2012-12-31": {
        "Diluted EPS": 0.64,
        "Total Revenue": 637,
        "Gross Profit": 383,
        "Operating Income": 205,
        "EBIT": 219,
        "Net Income": 130
    },
    "2012-09-30": {
        "Diluted EPS": 0.49,
        "Total Revenue": 533,
        "Gross Profit": 316,
        "Operating Income": 158,
        "EBIT": 171,
        "Net Income": 98
    },
    "2012-06-30": {
        "Diluted EPS": 0.34,
        "Total Revenue": 415,
        "Gross Profit": 251,
        "Operating Income": 112,
        "EBIT": 126,
        "Net Income": 69
    },
    "2012-03-31": {
        "Diluted EPS": 0.22,
        "Total Revenue": 380,
        "Gross Profit": 219,
        "Operating Income": 79,
        "EBIT": 90,
        "Net Income": 44
    },
    "2011-12-31": {
        "Diluted EPS": 0.2,
        "Total Revenue": 374,
        "Gross Profit": 222,
        "Operating Income": 65,
        "EBIT": 76,
        "Net Income": 32
    },
    "2011-09-30": {
        "Diluted EPS": 0.22,
        "Total Revenue": 306,
        "Gross Profit": 175,
        "Operating Income": 59,
        "EBIT": 69,
        "Net Income": 32
    },
    "2011-06-30": {
        "Diluted EPS": 0.13,
        "Total Revenue": 243,
        "Gross Profit": 137,
        "Operating Income": 45,
        "EBIT": 55,
        "Net Income": 19
    },
    "2011-03-31": {
        "Diluted EPS": 0.0,
        "Total Revenue": NaN,
        "Gross Profit": NaN,
        "Operating Income": NaN,
        "EBIT": NaN,
        "Net Income": NaN
    },
    "2010-12-31": {
        "Diluted EPS": 0.16,
        "Total Revenue": 222,
        "Gross Profit": 222,
        "Operating Income": 222,
        "EBIT": 222,
        "Net Income": 28
    },
    "2010-03-31": {
        "Diluted EPS": 0.0,
        "Total Revenue": NaN,
        "Gross Profit": NaN,
        "Operating Income": NaN,
        "EBIT": NaN,
        "Net Income": NaN
    },
    "2009-03-31": {
        "Diluted EPS": 0.0,
        "Total Revenue": NaN,
        "Gross Profit": NaN,
        "Operating Income": NaN,
        "EBIT": NaN,
        "Net Income": NaN
    },
    "2023-06-30": {
        "Tax Effect Of Unusual Items": NaN,
        "Tax Rate For Calcs": NaN,
        "Normalized EBITDA": NaN,
        "Total Unusual Items": NaN,
        "Total Unusual Items Excluding Goodwill": NaN,
        "Net Income From Continuing Operation Net Minority Interest": NaN,
        "Reconciled Depreciation": NaN,
        "Reconciled Cost Of Revenue": NaN,
        "EBITDA": NaN,
        "EBIT": NaN,
        "Net Interest Income": NaN,
        "Interest Expense": NaN,
        "Normalized Income": NaN,
        "Net Income From Continuing And Discontinued Operation": NaN,
        "Total Expenses": NaN,
        "Total Operating Income As Reported": NaN,
        "Diluted Average Shares": NaN,
        "Basic Average Shares": NaN,
        "Diluted EPS": NaN,
        "Basic EPS": NaN,
        "Diluted NI Availto Com Stockholders": NaN,
        "Net Income Common Stockholders": NaN,
        "Net Income": NaN,
        "Minority Interests": NaN,
        "Net Income Including Noncontrolling Interests": NaN,
        "Net Income Continuous Operations": NaN,
        "Tax Provision": NaN,
        "Pretax Income": NaN,
        "Other Income Expense": NaN,
        "Other Non Operating Income Expenses": -1000000.0,
        "Special Income Charges": NaN,
        "Impairment Of Capital Assets": NaN,
        "Restructuring And Mergern Acquisition": NaN,
        "Gain On Sale Of Security": NaN,
        "Net Non Operating Interest Income Expense": NaN,
        "Total Other Finance Cost": NaN,
        "Interest Expense Non Operating": NaN,
        "Operating Income": NaN,
        "Operating Expense": NaN,
        "Depreciation Amortization Depletion Income Statement": NaN,
        "Depreciation And Amortization In Income Statement": NaN,
        "Amortization": 11000000.0,
        "Amortization Of Intangibles Income Statement": 11000000.0,
        "Depreciation Income Statement": 34000000.0,
        "Selling General And Administration": NaN,
        "Gross Profit": NaN,
        "Cost Of Revenue": NaN,
        "Total Revenue": NaN,
        "Operating Revenue": NaN
    },
    "2023-09-30": {
        "Tax Effect Of Unusual Items": NaN,
        "Tax Rate For Calcs": NaN,
        "Normalized EBITDA": NaN,
        "Total Unusual Items": NaN,
        "Total Unusual Items Excluding Goodwill": NaN,
        "Net Income From Continuing Operation Net Minority Interest": NaN,
        "Reconciled Depreciation": NaN,
        "Reconciled Cost Of Revenue": NaN,
        "EBITDA": NaN,
        "EBIT": NaN,
        "Net Interest Income": NaN,
        "Interest Expense": 3000000.0,
        "Normalized Income": NaN,
        "Net Income From Continuing And Discontinued Operation": NaN,
        "Total Expenses": NaN,
        "Total Operating Income As Reported": NaN,
        "Diluted Average Shares": 117563573.0,
        "Basic Average Shares": 116674030.0,
        "Diluted EPS": 0.77,
        "Basic EPS": 0.77,
        "Diluted NI Availto Com Stockholders": NaN,
        "Net Income Common Stockholders": NaN,
        "Net Income": NaN,
        "Minority Interests": NaN,
        "Net Income Including Noncontrolling Interests": NaN,
        "Net Income Continuous Operations": NaN,
        "Tax Provision": NaN,
        "Pretax Income": NaN,
        "Other Income Expense": NaN,
        "Other Non Operating Income Expenses": 1000000.0,
        "Special Income Charges": NaN,
        "Impairment Of Capital Assets": 20000000.0,
        "Restructuring And Mergern Acquisition": NaN,
        "Gain On Sale Of Security": NaN,
        "Net Non Operating Interest Income Expense": NaN,
        "Total Other Finance Cost": 3000000.0,
        "Interest Expense Non Operating": 3000000.0,
        "Operating Income": NaN,
        "Operating Expense": NaN,
        "Depreciation Amortization Depletion Income Statement": NaN,
        "Depreciation And Amortization In Income Statement": NaN,
        "Amortization": 11000000.0,
        "Amortization Of Intangibles Income Statement": 11000000.0,
        "Depreciation Income Statement": 37000000.0,
        "Selling General And Administration": NaN,
        "Gross Profit": NaN,
        "Cost Of Revenue": NaN,
        "Total Revenue": NaN,
        "Operating Revenue": NaN
    },
    "2023-12-31": {
        "Tax Effect Of Unusual Items": -1314000.0,
        "Tax Rate For Calcs": 0.146,
        "Normalized EBITDA": 188000000.0,
        "Total Unusual Items": -9000000.0,
        "Total Unusual Items Excluding Goodwill": -9000000.0,
        "Net Income From Continuing Operation Net Minority Interest": 105000000.0,
        "Reconciled Depreciation": 46000000.0,
        "Reconciled Cost Of Revenue": 499000000.0,
        "EBITDA": 179000000.0,
        "EBIT": 133000000.0,
        "Net Interest Income": -1000000.0,
        "Interest Expense": 1000000.0,
        "Normalized Income": 112686000.0,
        "Net Income From Continuing And Discontinued Operation": 105000000.0,
        "Total Expenses": 1294000000.0,
        "Total Operating Income As Reported": 122000000.0,
        "Diluted Average Shares": 118163528.0,
        "Basic Average Shares": 116795382.0,
        "Diluted EPS": 0.88,
        "Basic EPS": 0.89,
        "Diluted NI Availto Com Stockholders": 105000000.0,
        "Net Income Common Stockholders": 105000000.0,
        "Net Income": 105000000.0,
        "Minority Interests": 0.0,
        "Net Income Including Noncontrolling Interests": 105000000.0,
        "Net Income Continuous Operations": 105000000.0,
        "Tax Provision": 18000000.0,
        "Pretax Income": 123000000.0,
        "Other Income Expense": -9000000.0,
        "Other Non Operating Income Expenses": NaN,
        "Special Income Charges": -11000000.0,
        "Impairment Of Capital Assets": 6000000.0,
        "Restructuring And Mergern Acquisition": 5000000.0,
        "Gain On Sale Of Security": 2000000.0,
        "Net Non Operating Interest Income Expense": -1000000.0,
        "Total Other Finance Cost": 1000000.0,
        "Interest Expense Non Operating": 1000000.0,
        "Operating Income": 133000000.0,
        "Operating Expense": 795000000.0,
        "Depreciation Amortization Depletion Income Statement": 46000000.0,
        "Depreciation And Amortization In Income Statement": 46000000.0,
        "Amortization": NaN,
        "Amortization Of Intangibles Income Statement": NaN,
        "Depreciation Income Statement": NaN,
        "Selling General And Administration": 749000000.0,
        "Gross Profit": 928000000.0,
        "Cost Of Revenue": 499000000.0,
        "Total Revenue": 1427000000.0,
        "Operating Revenue": 1427000000.0
    },
    "2024-03-31": {
        "Tax Effect Of Unusual Items": -91561938.958707,
        "Tax Rate For Calcs": 0.152603,
        "Normalized EBITDA": 730000000.0,
        "Total Unusual Items": -600000000.0,
        "Total Unusual Items Excluding Goodwill": -600000000.0,
        "Net Income From Continuing Operation Net Minority Interest": -472000000.0,
        "Reconciled Depreciation": 49000000.0,
        "Reconciled Cost Of Revenue": 456000000.0,
        "EBITDA": 130000000.0,
        "EBIT": 81000000.0,
        "Net Interest Income": 6000000.0,
        "Interest Expense": NaN,
        "Normalized Income": 36438061.041293,
        "Net Income From Continuing And Discontinued Operation": -472000000.0,
        "Total Expenses": 1187000000.0,
        "Total Operating Income As Reported": -543000000.0,
        "Diluted Average Shares": NaN,
        "Basic Average Shares": NaN,
        "Diluted EPS": NaN,
        "Basic EPS": NaN,
        "Diluted NI Availto Com Stockholders": -472000000.0,
        "Net Income Common Stockholders": -472000000.0,
        "Net Income": -472000000.0,
        "Minority Interests": 0.0,
        "Net Income Including Noncontrolling Interests": -472000000.0,
        "Net Income Continuous Operations": -472000000.0,
        "Tax Provision": -85000000.0,
        "Pretax Income": -557000000.0,
        "Other Income Expense": -599000000.0,
        "Other Non Operating Income Expenses": NaN,
        "Special Income Charges": -579000000.0,
        "Impairment Of Capital Assets": 549000000.0,
        "Restructuring And Mergern Acquisition": 30000000.0,
        "Gain On Sale Of Security": -21000000.0,
        "Net Non Operating Interest Income Expense": 6000000.0,
        "Total Other Finance Cost": NaN,
        "Interest Expense Non Operating": NaN,
        "Operating Income": 36000000.0,
        "Operating Expense": 731000000.0,
        "Depreciation Amortization Depletion Income Statement": 49000000.0,
        "Depreciation And Amortization In Income Statement": 49000000.0,
        "Amortization": NaN,
        "Amortization Of Intangibles Income Statement": NaN,
        "Depreciation Income Statement": NaN,
        "Selling General And Administration": 682000000.0,
        "Gross Profit": 767000000.0,
        "Cost Of Revenue": 456000000.0,
        "Total Revenue": 1223000000.0,
        "Operating Revenue": 1223000000.0
    },
    "2024-06-30": {
        "Tax Effect Of Unusual Items": -1260000.0,
        "Tax Rate For Calcs": 0.21,
        "Normalized EBITDA": 46000000.0,
        "Total Unusual Items": -6000000.0,
        "Total Unusual Items Excluding Goodwill": -6000000.0,
        "Net Income From Continuing Operation Net Minority Interest": -14000000.0,
        "Reconciled Depreciation": 47000000.0,
        "Reconciled Cost Of Revenue": 378000000.0,
        "EBITDA": 40000000.0,
        "EBIT": -7000000.0,
        "Net Interest Income": 4000000.0,
        "Interest Expense": NaN,
        "Normalized Income": -9260000.0,
        "Net Income From Continuing And Discontinued Operation": -14000000.0,
        "Total Expenses": 1074000000.0,
        "Total Operating Income As Reported": -8000000.0,
        "Diluted Average Shares": 117440282.0,
        "Basic Average Shares": 117440282.0,
        "Diluted EPS": -0.11,
        "Basic EPS": -0.11,
        "Diluted NI Availto Com Stockholders": -14000000.0,
        "Net Income Common Stockholders": -14000000.0,
        "Net Income": -14000000.0,
        "Minority Interests": -2000000.0,
        "Net Income Including Noncontrolling Interests": -12000000.0,
        "Net Income Continuous Operations": -12000000.0,
        "Tax Provision": 3000000.0,
        "Pretax Income": -9000000.0,
        "Other Income Expense": -6000000.0,
        "Other Non Operating Income Expenses": NaN,
        "Special Income Charges": -1000000.0,
        "Impairment Of Capital Assets": NaN,
        "Restructuring And Mergern Acquisition": 1000000.0,
        "Gain On Sale Of Security": -5000000.0,
        "Net Non Operating Interest Income Expense": 4000000.0,
        "Total Other Finance Cost": -4000000.0,
        "Interest Expense Non Operating": NaN,
        "Operating Income": -7000000.0,
        "Operating Expense": 696000000.0,
        "Depreciation Amortization Depletion Income Statement": 47000000.0,
        "Depreciation And Amortization In Income Statement": 47000000.0,
        "Amortization": 11000000.0,
        "Amortization Of Intangibles Income Statement": 11000000.0,
        "Depreciation Income Statement": 36000000.0,
        "Selling General And Administration": 649000000.0,
        "Gross Profit": 689000000.0,
        "Cost Of Revenue": 378000000.0,
        "Total Revenue": 1067000000.0,
        "Operating Revenue": 1067000000.0
    },
    "2024-09-30": {
        "Tax Effect Of Unusual Items": -5670000.0,
        "Tax Rate For Calcs": 0.21,
        "Normalized EBITDA": 82000000.0,
        "Total Unusual Items": -27000000.0,
        "Total Unusual Items Excluding Goodwill": -27000000.0,
        "Net Income From Continuing Operation Net Minority Interest": 24000000.0,
        "Reconciled Depreciation": 49000000.0,
        "Reconciled Cost Of Revenue": 385000000.0,
        "EBITDA": 55000000.0,
        "EBIT": 6000000.0,
        "Net Interest Income": 10000000.0,
        "Interest Expense": NaN,
        "Normalized Income": 45330000.0,
        "Net Income From Continuing And Discontinued Operation": 24000000.0,
        "Total Expenses": 1073000000.0,
        "Total Operating Income As Reported": -38000000.0,
        "Diluted Average Shares": 118777723.0,
        "Basic Average Shares": 118467372.0,
        "Diluted EPS": 0.2,
        "Basic EPS": 0.2,
        "Diluted NI Availto Com Stockholders": 24000000.0,
        "Net Income Common Stockholders": 24000000.0,
        "Net Income": 24000000.0,
        "Minority Interests": 1000000.0,
        "Net Income Including Noncontrolling Interests": 23000000.0,
        "Net Income Continuous Operations": 23000000.0,
        "Tax Provision": -34000000.0,
        "Pretax Income": -11000000.0,
        "Other Income Expense": -27000000.0,
        "Other Non Operating Income Expenses": NaN,
        "Special Income Charges": -44000000.0,
        "Impairment Of Capital Assets": 43000000.0,
        "Restructuring And Mergern Acquisition": 1000000.0,
        "Gain On Sale Of Security": 17000000.0,
        "Net Non Operating Interest Income Expense": 10000000.0,
        "Total Other Finance Cost": -10000000.0,
        "Interest Expense Non Operating": NaN,
        "Operating Income": 6000000.0,
        "Operating Expense": 688000000.0,
        "Depreciation Amortization Depletion Income Statement": 49000000.0,
        "Depreciation And Amortization In Income Statement": 49000000.0,
        "Amortization": 12000000.0,
        "Amortization Of Intangibles Income Statement": 12000000.0,
        "Depreciation Income Statement": 37000000.0,
        "Selling General And Administration": 639000000.0,
        "Gross Profit": 694000000.0,
        "Cost Of Revenue": 385000000.0,
        "Total Revenue": 1079000000.0,
        "Operating Revenue": 1079000000.0
    },
    "2024-12-31": {
        "Tax Effect Of Unusual Items": -68208000.0,
        "Tax Rate For Calcs": 0.098,
        "Normalized EBITDA": 828000000.0,
        "Total Unusual Items": -696000000.0,
        "Total Unusual Items Excluding Goodwill": -696000000.0,
        "Net Income From Continuing Operation Net Minority Interest": -547000000.0,
        "Reconciled Depreciation": 49000000.0,
        "Reconciled Cost Of Revenue": 449000000.0,
        "EBITDA": 132000000.0,
        "EBIT": 83000000.0,
        "Net Interest Income": 8000000.0,
        "Interest Expense": NaN,
        "Normalized Income": 80792000.0,
        "Net Income From Continuing And Discontinued Operation": -547000000.0,
        "Total Expenses": 1178000000.0,
        "Total Operating Income As Reported": -590000000.0,
        "Diluted Average Shares": 118543746.0,
        "Basic Average Shares": 118543746.0,
        "Diluted EPS": -4.61,
        "Basic EPS": -4.61,
        "Diluted NI Availto Com Stockholders": -547000000.0,
        "Net Income Common Stockholders": -547000000.0,
        "Net Income": -547000000.0,
        "Minority Interests": -1000000.0,
        "Net Income Including Noncontrolling Interests": -546000000.0,
        "Net Income Continuous Operations": -546000000.0,
        "Tax Provision": -59000000.0,
        "Pretax Income": -605000000.0,
        "Other Income Expense": -696000000.0,
        "Other Non Operating Income Expenses": NaN,
        "Special Income Charges": -673000000.0,
        "Impairment Of Capital Assets": 675000000.0,
        "Restructuring And Mergern Acquisition": -2000000.0,
        "Gain On Sale Of Security": -23000000.0,
        "Net Non Operating Interest Income Expense": 8000000.0,
        "Total Other Finance Cost": -8000000.0,
        "Interest Expense Non Operating": NaN,
        "Operating Income": 83000000.0,
        "Operating Expense": 729000000.0,
        "Depreciation Amortization Depletion Income Statement": 49000000.0,
        "Depreciation And Amortization In Income Statement": 49000000.0,
        "Amortization": NaN,
        "Amortization Of Intangibles Income Statement": NaN,
        "Depreciation Income Statement": NaN,
        "Selling General And Administration": 680000000.0,
        "Gross Profit": 812000000.0,
        "Cost Of Revenue": 449000000.0,
        "Total Revenue": 1261000000.0,
        "Operating Revenue": 1261000000.0
    }
}