{
    "2023-03-31": {
        "Tax Effect Of Unusual Items": 0.0,
        "Tax Rate For Calcs": 0.208,
        "Normalized EBITDA": 42209000.0,
        "Net Income From Continuing Operation Net Minority Interest": 29568000.0,
        "Reconciled Depreciation": 6600000.0,
        "Reconciled Cost Of Revenue": 9877000.0,
        "EBITDA": 42209000.0,
        "EBIT": 35609000.0,
        "Normalized Income": 29568000.0,
        "Net Income From Continuing And Discontinued Operation": 29568000.0,
        "Total Expenses": 49757000.0,
        "Total Operating Income As Reported": 35609000.0,
        "Diluted Average Shares": 113986129.0,
        "Basic Average Shares": 105561229.0,
        "Diluted EPS": 0.26,
        "Basic EPS": 0.28,
        "Diluted NI Availto Com Stockholders": 29568000.0,
        "Net Income Common Stockholders": 29568000.0,
        "Net Income": 29568000.0,
        "Net Income Including Noncontrolling Interests": 29568000.0,
        "Net Income Continuous Operations": 29568000.0,
        "Tax Provision": 7745000.0,
        "Pretax Income": 37313000.0,
        "Other Income Expense": 1704000.0,
        "Other Non Operating Income Expenses": 1704000.0,
        "Operating Income": 35609000.0,
        "Operating Expense": 39811000.0,
        "Depreciation Amortization Depletion Income Statement": 6531000.0,
        "Depreciation And Amortization In Income Statement": 6531000.0,
        "Amortization": 6531000.0,
        "Amortization Of Intangibles Income Statement": 6531000.0,
        "Research And Development": 3562000.0,
        "Selling General And Administration": 29718000.0,
        "Selling And Marketing Expense": 17764000.0,
        "General And Administrative Expense": 11954000.0,
        "Other Gand A": 9401000.0,
        "Salaries And Wages": 2553000.0,
        "Gross Profit": 75420000.0,
        "Cost Of Revenue": 9946000.0,
        "Total Revenue": 85366000.0,
        "Operating Revenue": 85366000.0
    },
    "2022-12-31": {
        "Tax Effect Of Unusual Items": NaN,
        "Tax Rate For Calcs": NaN,
        "Normalized EBITDA": NaN,
        "Net Income From Continuing Operation Net Minority Interest": NaN,
        "Reconciled Depreciation": NaN,
        "Reconciled Cost Of Revenue": NaN,
        "EBITDA": NaN,
        "EBIT": NaN,
        "Normalized Income": NaN,
        "Net Income From Continuing And Discontinued Operation": NaN,
        "Total Expenses": NaN,
        "Total Operating Income As Reported": NaN,
        "Diluted Average Shares": 113531124.0,
        "Basic Average Shares": 104583296.0,
        "Diluted EPS": 0.22,
        "Basic EPS": 0.24,
        "Diluted NI Availto Com Stockholders": NaN,
        "Net Income Common Stockholders": NaN,
        "Net Income": NaN,
        "Net Income Including Noncontrolling Interests": NaN,
        "Net Income Continuous Operations": NaN,
        "Tax Provision": NaN,
        "Pretax Income": NaN,
        "Other Income Expense": NaN,
        "Other Non Operating Income Expenses": NaN,
        "Operating Income": NaN,
        "Operating Expense": NaN,
        "Depreciation Amortization Depletion Income Statement": NaN,
        "Depreciation And Amortization In Income Statement": NaN,
        "Amortization": NaN,
        "Amortization Of Intangibles Income Statement": NaN,
        "Research And Development": NaN,
        "Selling General And Administration": NaN,
        "Selling And Marketing Expense": NaN,
        "General And Administrative Expense": NaN,
        "Other Gand A": NaN,
        "Salaries And Wages": NaN,
        "Gross Profit": NaN,
        "Cost Of Revenue": NaN,
        "Total Revenue": NaN,
        "Operating Revenue": NaN
    },
    "2022-09-30": {
        "Tax Effect Of Unusual Items": 0.0,
        "Tax Rate For Calcs": 0.125312,
        "Normalized EBITDA": 25655000.0,
        "Net Income From Continuing Operation Net Minority Interest": 22748000.0,
        "Reconciled Depreciation": 553000.0,
        "Reconciled Cost Of Revenue": 9665000.0,
        "EBITDA": 25655000.0,
        "EBIT": 25102000.0,
        "Normalized Income": 22748000.0,
        "Net Income From Continuing And Discontinued Operation": 22748000.0,
        "Total Expenses": 32142000.0,
        "Total Operating Income As Reported": 25102000.0,
        "Diluted Average Shares": 111986025.0,
        "Basic Average Shares": 103318572.0,
        "Diluted EPS": 0.2,
        "Basic EPS": 0.22,
        "Diluted NI Availto Com Stockholders": 22748000.0,
        "Net Income Common Stockholders": 22748000.0,
        "Net Income": 22748000.0,
        "Net Income Including Noncontrolling Interests": 22748000.0,
        "Net Income Continuous Operations": 22748000.0,
        "Tax Provision": 3259000.0,
        "Pretax Income": 26007000.0,
        "Other Income Expense": 905000.0,
        "Other Non Operating Income Expenses": 905000.0,
        "Operating Income": 25102000.0,
        "Operating Expense": 22477000.0,
        "Depreciation Amortization Depletion Income Statement": NaN,
        "Depreciation And Amortization In Income Statement": NaN,
        "Amortization": NaN,
        "Amortization Of Intangibles Income Statement": NaN,
        "Research And Development": 8310000.0,
        "Selling General And Administration": 14167000.0,
        "Selling And Marketing Expense": 7584000.0,
        "General And Administrative Expense": 6583000.0,
        "Other Gand A": 4978000.0,
        "Salaries And Wages": 1605000.0,
        "Gross Profit": 47579000.0,
        "Cost Of Revenue": 9665000.0,
        "Total Revenue": 57244000.0,
        "Operating Revenue": 57244000.0
    },
    "2022-06-30": {
        "Tax Effect Of Unusual Items": 0.0,
        "Tax Rate For Calcs": 0.23459,
        "Normalized EBITDA": 28606000.0,
        "Net Income From Continuing Operation Net Minority Interest": 21619000.0,
        "Reconciled Depreciation": 37000.0,
        "Reconciled Cost Of Revenue": 7643000.0,
        "EBITDA": 28606000.0,
        "EBIT": 28569000.0,
        "Normalized Income": 21619000.0,
        "Net Income From Continuing And Discontinued Operation": 21619000.0,
        "Total Expenses": 24544000.0,
        "Total Operating Income As Reported": 28569000.0,
        "Diluted Average Shares": 109264730.0,
        "Basic Average Shares": 102795600.0,
        "Diluted EPS": 0.2,
        "Basic EPS": 0.21,
        "Diluted NI Availto Com Stockholders": 21619000.0,
        "Net Income Common Stockholders": 21619000.0,
        "Net Income": 21619000.0,
        "Net Income Including Noncontrolling Interests": 21619000.0,
        "Net Income Continuous Operations": 21619000.0,
        "Tax Provision": 6626000.0,
        "Pretax Income": 28245000.0,
        "Other Income Expense": -324000.0,
        "Other Non Operating Income Expenses": -324000.0,
        "Operating Income": 28569000.0,
        "Operating Expense": 16901000.0,
        "Depreciation Amortization Depletion Income Statement": NaN,
        "Depreciation And Amortization In Income Statement": NaN,
        "Amortization": NaN,
        "Amortization Of Intangibles Income Statement": NaN,
        "Research And Development": 3983000.0,
        "Selling General And Administration": 12918000.0,
        "Selling And Marketing Expense": 7268000.0,
        "General And Administrative Expense": 5650000.0,
        "Other Gand A": 4052000.0,
        "Salaries And Wages": 1598000.0,
        "Gross Profit": 45470000.0,
        "Cost Of Revenue": 7643000.0,
        "Total Revenue": 53113000.0,
        "Operating Revenue": 53113000.0
    },
    "2022-03-31": {
        "Diluted EPS": 0.12,
        "Total Revenue": 43,
        "Gross Profit": 37,
        "Operating Income": 17,
        "EBIT": 17,
        "Net Income": 13
    },
    "2021-12-31": {
        "Diluted EPS": 0.09,
        "Total Revenue": 38,
        "Gross Profit": 31,
        "Operating Income": 13,
        "EBIT": 13,
        "Net Income": 9
    },
    "2021-09-30": {
        "Diluted EPS": 0.1,
        "Total Revenue": 36,
        "Gross Profit": 31,
        "Operating Income": 14,
        "EBIT": 14,
        "Net Income": 10
    },
    "2021-06-30": {
        "Diluted EPS": 0.11,
        "Total Revenue": 36,
        "Gross Profit": 32,
        "Operating Income": 16,
        "EBIT": 16,
        "Net Income": 12
    },
    "2021-03-31": {
        "Diluted EPS": 0.07,
        "Total Revenue": 30,
        "Gross Profit": 26,
        "Operating Income": 10,
        "EBIT": 10,
        "Net Income": 8
    },
    "2020-12-31": {
        "Diluted EPS": 0.11,
        "Total Revenue": 31,
        "Gross Profit": 26,
        "Operating Income": 9,
        "EBIT": 9,
        "Net Income": 11
    },
    "2020-09-30": {
        "Diluted EPS": 0.41,
        "Total Revenue": 29,
        "Gross Profit": 25,
        "Operating Income": 12,
        "EBIT": 12,
        "Net Income": 43
    },
    "2020-06-30": {
        "Diluted EPS": 0.09,
        "Total Revenue": 30,
        "Gross Profit": 25,
        "Operating Income": 10,
        "EBIT": 10,
        "Net Income": 10
    },
    "2020-03-31": {
        "Diluted EPS": 0.1,
        "Total Revenue": 29,
        "Gross Profit": 25,
        "Operating Income": 11,
        "EBIT": 11,
        "Net Income": 10
    },
    "2019-12-31": {
        "Diluted EPS": 0.08,
        "Total Revenue": 30,
        "Gross Profit": 26,
        "Operating Income": 8,
        "EBIT": 8,
        "Net Income": 8
    },
    "2019-09-30": {
        "Diluted EPS": 0.13,
        "Total Revenue": 31,
        "Gross Profit": 27,
        "Operating Income": 14,
        "EBIT": 14,
        "Net Income": 14
    },
    "2019-06-30": {
        "Diluted EPS": 0.1,
        "Total Revenue": 29,
        "Gross Profit": 25,
        "Operating Income": 11,
        "EBIT": 11,
        "Net Income": 11
    },
    "2019-03-31": {
        "Diluted EPS": -0.01,
        "Total Revenue": 12,
        "Gross Profit": 11,
        "Operating Income": -1,
        "EBIT": -1,
        "Net Income": -1
    },
    "2018-12-31": {
        "Diluted EPS": -0.13,
        "Total Revenue": NaN,
        "Gross Profit": NaN,
        "Operating Income": -15,
        "EBIT": -15,
        "Net Income": -15
    },
    "2018-09-30": {
        "Diluted EPS": -0.08,
        "Total Revenue": NaN,
        "Gross Profit": NaN,
        "Operating Income": -8,
        "EBIT": -8,
        "Net Income": -8
    },
    "2018-06-30": {
        "Diluted EPS": -0.06,
        "Total Revenue": NaN,
        "Gross Profit": NaN,
        "Operating Income": -6,
        "EBIT": -6,
        "Net Income": -6
    },
    "2018-03-31": {
        "Diluted EPS": -0.06,
        "Total Revenue": NaN,
        "Gross Profit": NaN,
        "Operating Income": -6,
        "EBIT": -6,
        "Net Income": -6
    },
    "2017-12-31": {
        "Diluted EPS": -0.05,
        "Total Revenue": NaN,
        "Gross Profit": NaN,
        "Operating Income": -6,
        "EBIT": -6,
        "Net Income": -5
    },
    "2017-09-30": {
        "Diluted EPS": -0.05,
        "Total Revenue": NaN,
        "Gross Profit": NaN,
        "Operating Income": -4,
        "EBIT": -4,
        "Net Income": -4
    },
    "2017-06-30": {
        "Diluted EPS": -0.05,
        "Total Revenue": NaN,
        "Gross Profit": NaN,
        "Operating Income": -4,
        "EBIT": -4,
        "Net Income": -4
    },
    "2017-03-31": {
        "Diluted EPS": -0.06,
        "Total Revenue": NaN,
        "Gross Profit": NaN,
        "Operating Income": -5,
        "EBIT": -5,
        "Net Income": -5
    },
    "2016-12-31": {
        "Diluted EPS": -0.04,
        "Total Revenue": NaN,
        "Gross Profit": NaN,
        "Operating Income": -4,
        "EBIT": -4,
        "Net Income": -4
    },
    "2016-09-30": {
        "Diluted EPS": -0.05,
        "Total Revenue": NaN,
        "Gross Profit": NaN,
        "Operating Income": -4,
        "EBIT": -4,
        "Net Income": -4
    },
    "2016-06-30": {
        "Diluted EPS": -0.06,
        "Total Revenue": NaN,
        "Gross Profit": NaN,
        "Operating Income": -5,
        "EBIT": -5,
        "Net Income": -5
    },
    "2016-03-31": {
        "Diluted EPS": -0.07,
        "Total Revenue": NaN,
        "Gross Profit": NaN,
        "Operating Income": -6,
        "EBIT": -6,
        "Net Income": -5
    },
    "2015-12-31": {
        "Diluted EPS": -0.07,
        "Total Revenue": NaN,
        "Gross Profit": NaN,
        "Operating Income": -6,
        "EBIT": -6,
        "Net Income": -6
    },
    "2015-09-30": {
        "Diluted EPS": -0.05,
        "Total Revenue": NaN,
        "Gross Profit": NaN,
        "Operating Income": -5,
        "EBIT": -5,
        "Net Income": -4
    },
    "2015-06-30": {
        "Diluted EPS": -0.06,
        "Total Revenue": NaN,
        "Gross Profit": NaN,
        "Operating Income": -5,
        "EBIT": -5,
        "Net Income": -5
    },
    "2015-03-31": {
        "Diluted EPS": -0.07,
        "Total Revenue": NaN,
        "Gross Profit": NaN,
        "Operating Income": -4,
        "EBIT": -4,
        "Net Income": -5
    },
    "2014-12-31": {
        "Diluted EPS": -0.05,
        "Total Revenue": NaN,
        "Gross Profit": NaN,
        "Operating Income": -4,
        "EBIT": -4,
        "Net Income": -3
    },
    "2014-09-30": {
        "Diluted EPS": -0.07,
        "Total Revenue": NaN,
        "Gross Profit": NaN,
        "Operating Income": -4,
        "EBIT": -4,
        "Net Income": -5
    },
    "2014-06-30": {
        "Diluted EPS": -0.05,
        "Total Revenue": NaN,
        "Gross Profit": NaN,
        "Operating Income": -3,
        "EBIT": -3,
        "Net Income": -3
    },
    "2014-03-31": {
        "Diluted EPS": -0.07,
        "Total Revenue": NaN,
        "Gross Profit": NaN,
        "Operating Income": -4,
        "EBIT": -4,
        "Net Income": -4
    },
    "2013-12-31": {
        "Diluted EPS": -0.02,
        "Total Revenue": NaN,
        "Gross Profit": NaN,
        "Operating Income": -3,
        "EBIT": -3,
        "Net Income": -1
    },
    "2013-09-30": {
        "Diluted EPS": -0.13,
        "Total Revenue": NaN,
        "Gross Profit": NaN,
        "Operating Income": -3,
        "EBIT": -3,
        "Net Income": -6
    },
    "2013-06-30": {
        "Diluted EPS": -0.08,
        "Total Revenue": NaN,
        "Gross Profit": NaN,
        "Operating Income": -3,
        "EBIT": -3,
        "Net Income": -3
    },
    "2013-03-31": {
        "Diluted EPS": -0.04,
        "Total Revenue": NaN,
        "Gross Profit": NaN,
        "Operating Income": -2,
        "EBIT": -2,
        "Net Income": -2
    },
    "2012-12-31": {
        "Diluted EPS": -0.01,
        "Total Revenue": NaN,
        "Gross Profit": NaN,
        "Operating Income": -2,
        "EBIT": -2,
        "Net Income": 0
    },
    "2012-09-30": {
        "Diluted EPS": -0.08,
        "Total Revenue": NaN,
        "Gross Profit": NaN,
        "Operating Income": -1,
        "EBIT": -1,
        "Net Income": -3
    },
    "2012-06-30": {
        "Diluted EPS": -0.01,
        "Total Revenue": NaN,
        "Gross Profit": NaN,
        "Operating Income": -1,
        "EBIT": -1,
        "Net Income": 0
    },
    "2012-03-31": {
        "Diluted EPS": -0.04,
        "Total Revenue": NaN,
        "Gross Profit": NaN,
        "Operating Income": -1,
        "EBIT": -1,
        "Net Income": -1
    },
    "2011-12-31": {
        "Diluted EPS": -0.1,
        "Total Revenue": NaN,
        "Gross Profit": NaN,
        "Operating Income": -2,
        "EBIT": -2,
        "Net Income": -2
    },
    "2011-09-30": {
        "Diluted EPS": -0.05,
        "Total Revenue": NaN,
        "Gross Profit": NaN,
        "Operating Income": -1,
        "EBIT": -1,
        "Net Income": -1
    },
    "2011-06-30": {
        "Diluted EPS": -0.06,
        "Total Revenue": NaN,
        "Gross Profit": NaN,
        "Operating Income": -1,
        "EBIT": -1,
        "Net Income": -1
    },
    "2011-03-31": {
        "Diluted EPS": -0.08,
        "Total Revenue": NaN,
        "Gross Profit": NaN,
        "Operating Income": -2,
        "EBIT": -2,
        "Net Income": -2
    },
    "2010-12-31": {
        "Diluted EPS": -0.04,
        "Total Revenue": NaN,
        "Gross Profit": NaN,
        "Operating Income": -1,
        "EBIT": -1,
        "Net Income": -1
    },
    "2010-09-30": {
        "Diluted EPS": -0.05,
        "Total Revenue": NaN,
        "Gross Profit": NaN,
        "Operating Income": -1,
        "EBIT": -1,
        "Net Income": -1
    },
    "2010-06-30": {
        "Diluted EPS": -0.07,
        "Total Revenue": NaN,
        "Gross Profit": NaN,
        "Operating Income": -1,
        "EBIT": -1,
        "Net Income": -1
    },
    "2010-03-31": {
        "Diluted EPS": -0.06,
        "Total Revenue": NaN,
        "Gross Profit": NaN,
        "Operating Income": -1,
        "EBIT": -1,
        "Net Income": -1
    },
    "2009-12-31": {
        "Diluted EPS": -0.04,
        "Total Revenue": NaN,
        "Gross Profit": NaN,
        "Operating Income": -1,
        "EBIT": -1,
        "Net Income": -1
    },
    "2009-09-30": {
        "Diluted EPS": -0.09,
        "Total Revenue": NaN,
        "Gross Profit": NaN,
        "Operating Income": -1,
        "EBIT": -1,
        "Net Income": -1
    },
    "2009-06-30": {
        "Diluted EPS": -0.13,
        "Total Revenue": NaN,
        "Gross Profit": NaN,
        "Operating Income": -2,
        "EBIT": -2,
        "Net Income": -2
    },
    "2009-03-31": {
        "Diluted EPS": -0.22,
        "Total Revenue": NaN,
        "Gross Profit": NaN,
        "Operating Income": -3,
        "EBIT": -3,
        "Net Income": -3
    },
    "2023-06-30": {
        "Tax Effect Of Unusual Items": 0.0,
        "Tax Rate For Calcs": 0.221595,
        "Normalized EBITDA": 55269000.0,
        "Net Income From Continuing Operation Net Minority Interest": 37762000.0,
        "Reconciled Depreciation": 8570000.0,
        "Reconciled Cost Of Revenue": 11963000.0,
        "EBITDA": 55269000.0,
        "EBIT": 46699000.0,
        "Normalized Income": 37762000.0,
        "Net Income From Continuing And Discontinued Operation": 37762000.0,
        "Total Expenses": 52883000.0,
        "Total Operating Income As Reported": 46699000.0,
        "Diluted Average Shares": 113673534.0,
        "Basic Average Shares": 106258790.0,
        "Diluted EPS": 0.33,
        "Basic EPS": 0.36,
        "Diluted NI Availto Com Stockholders": 37762000.0,
        "Net Income Common Stockholders": 37762000.0,
        "Net Income": 37762000.0,
        "Net Income Including Noncontrolling Interests": 37762000.0,
        "Net Income Continuous Operations": 37762000.0,
        "Tax Provision": 10750000.0,
        "Pretax Income": 48512000.0,
        "Other Income Expense": 1813000.0,
        "Other Non Operating Income Expenses": 1813000.0,
        "Operating Income": 46699000.0,
        "Operating Expense": 40838000.0,
        "Depreciation Amortization Depletion Income Statement": 8488000.0,
        "Depreciation And Amortization In Income Statement": 8488000.0,
        "Amortization": 8488000.0,
        "Amortization Of Intangibles Income Statement": 8488000.0,
        "Research And Development": 3954000.0,
        "Selling General And Administration": 28396000.0,
        "Selling And Marketing Expense": 18312000.0,
        "General And Administrative Expense": 10084000.0,
        "Other Gand A": 7137000.0,
        "Salaries And Wages": 2947000.0,
        "Gross Profit": 87537000.0,
        "Cost Of Revenue": 12045000.0,
        "Total Revenue": 99582000.0,
        "Operating Revenue": 99582000.0
    },
    "2023-09-30": {
        "Tax Effect Of Unusual Items": 0.0,
        "Tax Rate For Calcs": 0.190868,
        "Normalized EBITDA": -28620000.0,
        "Net Income From Continuing Operation Net Minority Interest": -30764000.0,
        "Reconciled Depreciation": 8568000.0,
        "Reconciled Cost Of Revenue": 14086000.0,
        "EBITDA": -28620000.0,
        "EBIT": -37188000.0,
        "Normalized Income": -30764000.0,
        "Net Income From Continuing And Discontinued Operation": -30764000.0,
        "Total Expenses": 139876000.0,
        "Total Operating Income As Reported": -37188000.0,
        "Diluted Average Shares": 106568137.0,
        "Basic Average Shares": 106568137.0,
        "Diluted EPS": -0.29,
        "Basic EPS": -0.29,
        "Diluted NI Availto Com Stockholders": -30764000.0,
        "Net Income Common Stockholders": -30764000.0,
        "Net Income": -30764000.0,
        "Net Income Including Noncontrolling Interests": -30764000.0,
        "Net Income Continuous Operations": -30764000.0,
        "Tax Provision": -7257000.0,
        "Pretax Income": -38021000.0,
        "Other Income Expense": -833000.0,
        "Other Non Operating Income Expenses": -833000.0,
        "Operating Income": -37188000.0,
        "Operating Expense": 125709000.0,
        "Depreciation Amortization Depletion Income Statement": 8487000.0,
        "Depreciation And Amortization In Income Statement": 8487000.0,
        "Amortization": 8487000.0,
        "Amortization Of Intangibles Income Statement": 8487000.0,
        "Research And Development": 83662000.0,
        "Selling General And Administration": 33560000.0,
        "Selling And Marketing Expense": 21681000.0,
        "General And Administrative Expense": 11879000.0,
        "Other Gand A": 8441000.0,
        "Salaries And Wages": 3438000.0,
        "Gross Profit": 88521000.0,
        "Cost Of Revenue": 14167000.0,
        "Total Revenue": 102688000.0,
        "Operating Revenue": 102688000.0
    },
    "2023-12-31": {
        "Tax Effect Of Unusual Items": 0.0,
        "Tax Rate For Calcs": 0.253988,
        "Normalized EBITDA": 50835000.0,
        "Net Income From Continuing Operation Net Minority Interest": 34844000.0,
        "Reconciled Depreciation": 9143000.0,
        "Reconciled Cost Of Revenue": 15725000.0,
        "EBITDA": 50835000.0,
        "EBIT": 41692000.0,
        "Normalized Income": 34844000.0,
        "Net Income From Continuing And Discontinued Operation": 34844000.0,
        "Total Expenses": 68876000.0,
        "Total Operating Income As Reported": 41692000.0,
        "Diluted Average Shares": NaN,
        "Basic Average Shares": NaN,
        "Diluted EPS": NaN,
        "Basic EPS": NaN,
        "Diluted NI Availto Com Stockholders": 34844000.0,
        "Net Income Common Stockholders": 34844000.0,
        "Net Income": 34844000.0,
        "Net Income Including Noncontrolling Interests": 34844000.0,
        "Net Income Continuous Operations": 34844000.0,
        "Tax Provision": 11863000.0,
        "Pretax Income": 46707000.0,
        "Other Income Expense": 5015000.0,
        "Other Non Operating Income Expenses": 5015000.0,
        "Operating Income": 41692000.0,
        "Operating Expense": 53067000.0,
        "Depreciation Amortization Depletion Income Statement": 9059000.0,
        "Depreciation And Amortization In Income Statement": 9059000.0,
        "Amortization": 9059000.0,
        "Amortization Of Intangibles Income Statement": 9059000.0,
        "Research And Development": 1972000.0,
        "Selling General And Administration": 42036000.0,
        "Selling And Marketing Expense": 28932000.0,
        "General And Administrative Expense": 13104000.0,
        "Other Gand A": 9273000.0,
        "Salaries And Wages": 3831000.0,
        "Gross Profit": 94759000.0,
        "Cost Of Revenue": 15809000.0,
        "Total Revenue": 110568000.0,
        "Operating Revenue": 110568000.0
    },
    "2024-03-31": {
        "Tax Effect Of Unusual Items": 0.0,
        "Tax Rate For Calcs": 0.2,
        "Normalized EBITDA": 36556000.0,
        "Net Income From Continuing Operation Net Minority Interest": 23275000.0,
        "Reconciled Depreciation": 9430000.0,
        "Reconciled Cost Of Revenue": 12434000.0,
        "EBITDA": 36556000.0,
        "EBIT": 27126000.0,
        "Normalized Income": 23275000.0,
        "Net Income From Continuing And Discontinued Operation": 23275000.0,
        "Total Expenses": 71383000.0,
        "Total Operating Income As Reported": 27126000.0,
        "Diluted Average Shares": 123403626.0,
        "Basic Average Shares": 116806117.0,
        "Diluted EPS": 0.19,
        "Basic EPS": 0.2,
        "Diluted NI Availto Com Stockholders": 23275000.0,
        "Net Income Common Stockholders": 23275000.0,
        "Net Income": 23275000.0,
        "Net Income Including Noncontrolling Interests": 23275000.0,
        "Net Income Continuous Operations": 23275000.0,
        "Tax Provision": 5814000.0,
        "Pretax Income": 29089000.0,
        "Other Income Expense": 1963000.0,
        "Other Non Operating Income Expenses": 1963000.0,
        "Operating Income": 27126000.0,
        "Operating Expense": 58863000.0,
        "Depreciation Amortization Depletion Income Statement": 9344000.0,
        "Depreciation And Amortization In Income Statement": 9344000.0,
        "Amortization": 9344000.0,
        "Amortization Of Intangibles Income Statement": 9344000.0,
        "Research And Development": 2581000.0,
        "Selling General And Administration": 46938000.0,
        "Selling And Marketing Expense": 25321000.0,
        "General And Administrative Expense": 21617000.0,
        "Other Gand A": 13878000.0,
        "Salaries And Wages": 7739000.0,
        "Gross Profit": 85989000.0,
        "Cost Of Revenue": 12520000.0,
        "Total Revenue": 98509000.0,
        "Operating Revenue": 98509000.0
    }
}