{
    "2023-03-31": {
        "Tax Effect Of Unusual Items": 0.0,
        "Tax Rate For Calcs": 0.208,
        "Normalized EBITDA": 12560000.0,
        "Total Unusual Items": 0.0,
        "Total Unusual Items Excluding Goodwill": 0.0,
        "Net Income From Continuing Operation Net Minority Interest": 3084000.0,
        "Reconciled Depreciation": 5998000.0,
        "Reconciled Cost Of Revenue": 42193000.0,
        "EBITDA": 12560000.0,
        "EBIT": 6562000.0,
        "Net Interest Income": -2669000.0,
        "Interest Expense": 2669000.0,
        "Normalized Income": 3084000.0,
        "Net Income From Continuing And Discontinued Operation": 3084000.0,
        "Total Expenses": 79938000.0,
        "Total Operating Income As Reported": 6295000.0,
        "Diluted Average Shares": 14136000.0,
        "Basic Average Shares": 14136000.0,
        "Diluted EPS": 0.21,
        "Basic EPS": 0.21,
        "Diluted NI Availto Com Stockholders": 3021000.0,
        "Net Income Common Stockholders": 3021000.0,
        "Otherunder Preferred Stock Dividend": 63000.0,
        "Net Income": 3084000.0,
        "Net Income Including Noncontrolling Interests": 3084000.0,
        "Net Income Continuous Operations": 3084000.0,
        "Tax Provision": 809000.0,
        "Pretax Income": 3893000.0,
        "Other Income Expense": 267000.0,
        "Other Non Operating Income Expenses": 267000.0,
        "Special Income Charges": 0.0,
        "Other Special Charges": NaN,
        "Restructuring And Mergern Acquisition": 0.0,
        "Net Non Operating Interest Income Expense": -2669000.0,
        "Interest Expense Non Operating": 2669000.0,
        "Operating Income": 6295000.0,
        "Operating Expense": 35761000.0,
        "Depreciation Amortization Depletion Income Statement": 4014000.0,
        "Depreciation And Amortization In Income Statement": 4014000.0,
        "Amortization": 4014000.0,
        "Amortization Of Intangibles Income Statement": 4014000.0,
        "Depreciation Income Statement": NaN,
        "Research And Development": 9836000.0,
        "Selling General And Administration": 21911000.0,
        "Selling And Marketing Expense": 6959000.0,
        "General And Administrative Expense": 14952000.0,
        "Other Gand A": 14952000.0,
        "Gross Profit": 42056000.0,
        "Cost Of Revenue": 44177000.0,
        "Total Revenue": 86233000.0,
        "Operating Revenue": 86233000.0
    },
    "2022-12-31": {
        "Tax Effect Of Unusual Items": -89670.0,
        "Tax Rate For Calcs": 0.21,
        "Normalized EBITDA": 10770000.0,
        "Total Unusual Items": -427000.0,
        "Total Unusual Items Excluding Goodwill": -427000.0,
        "Net Income From Continuing Operation Net Minority Interest": 2517000.0,
        "Reconciled Depreciation": 6240000.0,
        "Reconciled Cost Of Revenue": 44259000.0,
        "EBITDA": 10343000.0,
        "EBIT": 4103000.0,
        "Net Interest Income": -2276000.0,
        "Interest Expense": 2276000.0,
        "Normalized Income": 2854330.0,
        "Net Income From Continuing And Discontinued Operation": 2517000.0,
        "Total Expenses": 78958000.0,
        "Total Operating Income As Reported": 4266000.0,
        "Diluted Average Shares": 14210000.0,
        "Basic Average Shares": 14210000.0,
        "Diluted EPS": 0.17,
        "Basic EPS": 0.17,
        "Diluted NI Availto Com Stockholders": 2467000.0,
        "Net Income Common Stockholders": 2467000.0,
        "Otherunder Preferred Stock Dividend": 50000.0,
        "Net Income": 2517000.0,
        "Net Income Including Noncontrolling Interests": 2517000.0,
        "Net Income Continuous Operations": 2517000.0,
        "Tax Provision": -690000.0,
        "Pretax Income": 1827000.0,
        "Other Income Expense": -163000.0,
        "Other Non Operating Income Expenses": 264000.0,
        "Special Income Charges": -427000.0,
        "Other Special Charges": 0.0,
        "Restructuring And Mergern Acquisition": 427000.0,
        "Net Non Operating Interest Income Expense": -2276000.0,
        "Interest Expense Non Operating": 2276000.0,
        "Operating Income": 4266000.0,
        "Operating Expense": 28772000.0,
        "Depreciation Amortization Depletion Income Statement": 313000.0,
        "Depreciation And Amortization In Income Statement": 313000.0,
        "Amortization": 2203000.0,
        "Amortization Of Intangibles Income Statement": 2203000.0,
        "Depreciation Income Statement": NaN,
        "Research And Development": 8029000.0,
        "Selling General And Administration": 20430000.0,
        "Selling And Marketing Expense": 4553000.0,
        "General And Administrative Expense": 15877000.0,
        "Other Gand A": 15877000.0,
        "Gross Profit": 33038000.0,
        "Cost Of Revenue": 50186000.0,
        "Total Revenue": 83224000.0,
        "Operating Revenue": 83224000.0
    },
    "2022-09-30": {
        "Tax Effect Of Unusual Items": -155770.251872,
        "Tax Rate For Calcs": 0.264466,
        "Normalized EBITDA": 11430000.0,
        "Total Unusual Items": -589000.0,
        "Total Unusual Items Excluding Goodwill": -589000.0,
        "Net Income From Continuing Operation Net Minority Interest": 2161000.0,
        "Reconciled Depreciation": 6132000.0,
        "Reconciled Cost Of Revenue": 43163000.0,
        "EBITDA": 10841000.0,
        "EBIT": 4709000.0,
        "Net Interest Income": -1771000.0,
        "Interest Expense": 1771000.0,
        "Normalized Income": 2594229.748128,
        "Net Income From Continuing And Discontinued Operation": 2161000.0,
        "Total Expenses": 77884000.0,
        "Total Operating Income As Reported": 4943000.0,
        "Diluted Average Shares": 14365000.0,
        "Basic Average Shares": 14365000.0,
        "Diluted EPS": 0.15,
        "Basic EPS": 0.15,
        "Diluted NI Availto Com Stockholders": 2161000.0,
        "Net Income Common Stockholders": 2161000.0,
        "Otherunder Preferred Stock Dividend": 42000.0,
        "Net Income": 2161000.0,
        "Net Income Including Noncontrolling Interests": 2161000.0,
        "Net Income Continuous Operations": 2161000.0,
        "Tax Provision": 777000.0,
        "Pretax Income": 2938000.0,
        "Other Income Expense": -234000.0,
        "Other Non Operating Income Expenses": 355000.0,
        "Special Income Charges": -589000.0,
        "Other Special Charges": NaN,
        "Restructuring And Mergern Acquisition": 589000.0,
        "Net Non Operating Interest Income Expense": -1771000.0,
        "Interest Expense Non Operating": 1771000.0,
        "Operating Income": 4943000.0,
        "Operating Expense": 33075000.0,
        "Depreciation Amortization Depletion Income Statement": 4486000.0,
        "Depreciation And Amortization In Income Statement": 4486000.0,
        "Amortization": 4486000.0,
        "Amortization Of Intangibles Income Statement": 4486000.0,
        "Research And Development": 7822000.0,
        "Selling General And Administration": 20767000.0,
        "Selling And Marketing Expense": 7309000.0,
        "General And Administrative Expense": 13458000.0,
        "Other Gand A": 13458000.0,
        "Gross Profit": 38018000.0,
        "Cost Of Revenue": 44809000.0,
        "Total Revenue": 82827000.0,
        "Operating Revenue": 82827000.0
    },
    "2022-06-30": {
        "Tax Effect Of Unusual Items": 40743.683251,
        "Tax Rate For Calcs": 0.19875,
        "Normalized EBITDA": 11048000.0,
        "Total Unusual Items": 205000.0,
        "Total Unusual Items Excluding Goodwill": 205000.0,
        "Net Income From Continuing Operation Net Minority Interest": 3076000.0,
        "Reconciled Depreciation": 6182000.0,
        "Reconciled Cost Of Revenue": 41898000.0,
        "EBITDA": 11253000.0,
        "EBIT": 5071000.0,
        "Net Interest Income": -1232000.0,
        "Interest Expense": 1232000.0,
        "Normalized Income": 2911743.683251,
        "Net Income From Continuing And Discontinued Operation": 3076000.0,
        "Total Expenses": 78138000.0,
        "Total Operating Income As Reported": 4588000.0,
        "Diluted Average Shares": 14469000.0,
        "Basic Average Shares": 14469000.0,
        "Diluted EPS": 0.21,
        "Basic EPS": 0.21,
        "Diluted NI Availto Com Stockholders": 3076000.0,
        "Net Income Common Stockholders": 3076000.0,
        "Otherunder Preferred Stock Dividend": 58000.0,
        "Net Income": 3076000.0,
        "Net Income Including Noncontrolling Interests": 3076000.0,
        "Net Income Continuous Operations": 3076000.0,
        "Tax Provision": 763000.0,
        "Pretax Income": 3839000.0,
        "Other Income Expense": 483000.0,
        "Other Non Operating Income Expenses": 278000.0,
        "Special Income Charges": 205000.0,
        "Other Special Charges": 125000.0,
        "Restructuring And Mergern Acquisition": -330000.0,
        "Net Non Operating Interest Income Expense": -1232000.0,
        "Interest Expense Non Operating": 1232000.0,
        "Operating Income": 4588000.0,
        "Operating Expense": 34816000.0,
        "Depreciation Amortization Depletion Income Statement": 4758000.0,
        "Depreciation And Amortization In Income Statement": 4758000.0,
        "Amortization": 4758000.0,
        "Amortization Of Intangibles Income Statement": 4758000.0,
        "Research And Development": 7094000.0,
        "Selling General And Administration": 22964000.0,
        "Selling And Marketing Expense": 8227000.0,
        "General And Administrative Expense": 14737000.0,
        "Other Gand A": 14737000.0,
        "Gross Profit": 39404000.0,
        "Cost Of Revenue": 43322000.0,
        "Total Revenue": 82726000.0,
        "Operating Revenue": 82726000.0
    },
    "2022-03-31": {
        "Diluted EPS": 0.55,
        "Total Revenue": 78,
        "Gross Profit": 41,
        "Operating Income": 9,
        "EBIT": 14,
        "Net Income": 8
    },
    "2021-12-31": {
        "Diluted EPS": 0.37,
        "Total Revenue": 74,
        "Gross Profit": 37,
        "Operating Income": 8,
        "EBIT": 12,
        "Net Income": 5
    },
    "2021-09-30": {
        "Diluted EPS": 0.19,
        "Total Revenue": 70,
        "Gross Profit": 35,
        "Operating Income": 5,
        "EBIT": 9,
        "Net Income": 3
    },
    "2021-06-30": {
        "Diluted EPS": 0.42,
        "Total Revenue": 69,
        "Gross Profit": 34,
        "Operating Income": 8,
        "EBIT": 12,
        "Net Income": 6
    },
    "2021-03-31": {
        "Diluted EPS": 0.28,
        "Total Revenue": 68,
        "Gross Profit": 35,
        "Operating Income": 5,
        "EBIT": 9,
        "Net Income": 4
    },
    "2020-12-31": {
        "Diluted EPS": 0.22,
        "Total Revenue": 67,
        "Gross Profit": 35,
        "Operating Income": 6,
        "EBIT": 9,
        "Net Income": 3
    },
    "2020-09-30": {
        "Diluted EPS": 0.36,
        "Total Revenue": 68,
        "Gross Profit": 35,
        "Operating Income": 6,
        "EBIT": 10,
        "Net Income": 5
    },
    "2020-06-30": {
        "Diluted EPS": 0.12,
        "Total Revenue": 60,
        "Gross Profit": 30,
        "Operating Income": 3,
        "EBIT": 6,
        "Net Income": 2
    },
    "2020-03-31": {
        "Diluted EPS": 0.28,
        "Total Revenue": 70,
        "Gross Profit": 36,
        "Operating Income": 6,
        "EBIT": 10,
        "Net Income": 4
    },
    "2019-12-31": {
        "Diluted EPS": 0.78,
        "Total Revenue": 71,
        "Gross Profit": 37,
        "Operating Income": 9,
        "EBIT": 12,
        "Net Income": 11
    },
    "2019-09-30": {
        "Diluted EPS": 0.29,
        "Total Revenue": 69,
        "Gross Profit": 36,
        "Operating Income": 6,
        "EBIT": 10,
        "Net Income": 4
    },
    "2019-06-30": {
        "Diluted EPS": 0.12,
        "Total Revenue": 66,
        "Gross Profit": 35,
        "Operating Income": 4,
        "EBIT": 7,
        "Net Income": 2
    },
    "2019-03-31": {
        "Diluted EPS": 0.24,
        "Total Revenue": 69,
        "Gross Profit": 37,
        "Operating Income": 6,
        "EBIT": 9,
        "Net Income": 3
    },
    "2018-12-31": {
        "Diluted EPS": 0.54,
        "Total Revenue": 72,
        "Gross Profit": 40,
        "Operating Income": 10,
        "EBIT": 13,
        "Net Income": 7
    },
    "2018-09-30": {
        "Diluted EPS": 0.41,
        "Total Revenue": 69,
        "Gross Profit": 36,
        "Operating Income": 5,
        "EBIT": 8,
        "Net Income": 6
    },
    "2018-06-30": {
        "Diluted EPS": 0.02,
        "Total Revenue": 68,
        "Gross Profit": 35,
        "Operating Income": 2,
        "EBIT": 5,
        "Net Income": 0
    },
    "2018-03-31": {
        "Diluted EPS": 0.29,
        "Total Revenue": 71,
        "Gross Profit": 39,
        "Operating Income": 8,
        "EBIT": 11,
        "Net Income": 4
    },
    "2017-12-31": {
        "Diluted EPS": -1.57,
        "Total Revenue": 78,
        "Gross Profit": 44,
        "Operating Income": -18,
        "EBIT": 13,
        "Net Income": -21
    },
    "2017-09-30": {
        "Diluted EPS": 0.17,
        "Total Revenue": 67,
        "Gross Profit": 34,
        "Operating Income": 6,
        "EBIT": 9,
        "Net Income": 2
    },
    "2017-06-30": {
        "Diluted EPS": 0.11,
        "Total Revenue": 68,
        "Gross Profit": 36,
        "Operating Income": 4,
        "EBIT": 8,
        "Net Income": 2
    },
    "2017-03-31": {
        "Diluted EPS": 0.02,
        "Total Revenue": 64,
        "Gross Profit": 33,
        "Operating Income": 3,
        "EBIT": 7,
        "Net Income": 0
    },
    "2016-12-31": {
        "Diluted EPS": 0.15,
        "Total Revenue": 65,
        "Gross Profit": 30,
        "Operating Income": 4,
        "EBIT": 8,
        "Net Income": 2
    },
    "2016-09-30": {
        "Diluted EPS": 0.12,
        "Total Revenue": 65,
        "Gross Profit": 33,
        "Operating Income": 4,
        "EBIT": 8,
        "Net Income": 2
    },
    "2016-06-30": {
        "Diluted EPS": 0.15,
        "Total Revenue": 68,
        "Gross Profit": 35,
        "Operating Income": 5,
        "EBIT": 9,
        "Net Income": 2
    },
    "2016-03-31": {
        "Diluted EPS": -0.13,
        "Total Revenue": 70,
        "Gross Profit": 36,
        "Operating Income": 1,
        "EBIT": 4,
        "Net Income": -2
    },
    "2015-12-31": {
        "Diluted EPS": 0.3,
        "Total Revenue": 44,
        "Gross Profit": 23,
        "Operating Income": 5,
        "EBIT": 5,
        "Net Income": 3
    },
    "2015-09-30": {
        "Diluted EPS": 0.31,
        "Total Revenue": 45,
        "Gross Profit": 23,
        "Operating Income": 4,
        "EBIT": 5,
        "Net Income": 3
    },
    "2015-06-30": {
        "Diluted EPS": 0.52,
        "Total Revenue": 47,
        "Gross Profit": 25,
        "Operating Income": 8,
        "EBIT": 9,
        "Net Income": 6
    },
    "2015-03-31": {
        "Diluted EPS": 0.49,
        "Total Revenue": 46,
        "Gross Profit": 24,
        "Operating Income": 8,
        "EBIT": 9,
        "Net Income": 5
    },
    "2014-12-31": {
        "Diluted EPS": 0.61,
        "Total Revenue": 46,
        "Gross Profit": 39,
        "Operating Income": 9,
        "EBIT": 10,
        "Net Income": 7
    },
    "2014-09-30": {
        "Diluted EPS": 0.83,
        "Total Revenue": 53,
        "Gross Profit": 25,
        "Operating Income": 14,
        "EBIT": 15,
        "Net Income": 9
    },
    "2014-06-30": {
        "Diluted EPS": 0.81,
        "Total Revenue": 53,
        "Gross Profit": 25,
        "Operating Income": 14,
        "EBIT": 15,
        "Net Income": 9
    },
    "2014-03-31": {
        "Diluted EPS": 0.69,
        "Total Revenue": 52,
        "Gross Profit": 24,
        "Operating Income": 12,
        "EBIT": 13,
        "Net Income": 8
    },
    "2013-12-31": {
        "Diluted EPS": 0.89,
        "Total Revenue": 51,
        "Gross Profit": 25,
        "Operating Income": 16,
        "EBIT": 17,
        "Net Income": 10
    },
    "2013-09-30": {
        "Diluted EPS": 0.66,
        "Total Revenue": 47,
        "Gross Profit": 21,
        "Operating Income": 11,
        "EBIT": 12,
        "Net Income": 7
    },
    "2013-06-30": {
        "Diluted EPS": 0.77,
        "Total Revenue": 53,
        "Gross Profit": 25,
        "Operating Income": 13,
        "EBIT": 14,
        "Net Income": 8
    },
    "2013-03-31": {
        "Diluted EPS": 0.63,
        "Total Revenue": 50,
        "Gross Profit": 22,
        "Operating Income": 10,
        "EBIT": 11,
        "Net Income": 7
    },
    "2012-12-31": {
        "Diluted EPS": 0.82,
        "Total Revenue": 48,
        "Gross Profit": 21,
        "Operating Income": 12,
        "EBIT": 13,
        "Net Income": 9
    },
    "2012-09-30": {
        "Diluted EPS": 0.63,
        "Total Revenue": 45,
        "Gross Profit": 20,
        "Operating Income": 10,
        "EBIT": 11,
        "Net Income": 7
    },
    "2012-06-30": {
        "Diluted EPS": 0.75,
        "Total Revenue": 46,
        "Gross Profit": 20,
        "Operating Income": 10,
        "EBIT": 11,
        "Net Income": 8
    },
    "2012-03-31": {
        "Diluted EPS": 0.51,
        "Total Revenue": 44,
        "Gross Profit": 19,
        "Operating Income": 9,
        "EBIT": 10,
        "Net Income": 6
    },
    "2011-12-31": {
        "Diluted EPS": 0.59,
        "Total Revenue": 42,
        "Gross Profit": 19,
        "Operating Income": 11,
        "EBIT": 11,
        "Net Income": 7
    },
    "2011-09-30": {
        "Diluted EPS": 0.54,
        "Total Revenue": 42,
        "Gross Profit": 19,
        "Operating Income": 10,
        "EBIT": 10,
        "Net Income": 6
    },
    "2011-06-30": {
        "Diluted EPS": 0.72,
        "Total Revenue": 49,
        "Gross Profit": 24,
        "Operating Income": 13,
        "EBIT": 13,
        "Net Income": 8
    },
    "2011-03-31": {
        "Diluted EPS": 0.49,
        "Total Revenue": 40,
        "Gross Profit": 17,
        "Operating Income": 8,
        "EBIT": 9,
        "Net Income": 5
    },
    "2010-12-31": {
        "Diluted EPS": 0.6,
        "Total Revenue": 43,
        "Gross Profit": 20,
        "Operating Income": 10,
        "EBIT": 11,
        "Net Income": 7
    },
    "2010-09-30": {
        "Diluted EPS": 0.45,
        "Total Revenue": 41,
        "Gross Profit": 17,
        "Operating Income": 8,
        "EBIT": 8,
        "Net Income": 5
    },
    "2010-06-30": {
        "Diluted EPS": 0.39,
        "Total Revenue": 38,
        "Gross Profit": 16,
        "Operating Income": 7,
        "EBIT": 7,
        "Net Income": 4
    },
    "2010-03-31": {
        "Diluted EPS": 0.27,
        "Total Revenue": 32,
        "Gross Profit": 12,
        "Operating Income": 4,
        "EBIT": 5,
        "Net Income": 3
    },
    "2009-12-31": {
        "Diluted EPS": 0.33,
        "Total Revenue": 34,
        "Gross Profit": 14,
        "Operating Income": 6,
        "EBIT": 6,
        "Net Income": 4
    },
    "2009-09-30": {
        "Diluted EPS": 0.37,
        "Total Revenue": 33,
        "Gross Profit": 14,
        "Operating Income": 6,
        "EBIT": 7,
        "Net Income": 4
    },
    "2009-06-30": {
        "Diluted EPS": 0.32,
        "Total Revenue": 31,
        "Gross Profit": 13,
        "Operating Income": 5,
        "EBIT": 6,
        "Net Income": 4
    },
    "2009-03-31": {
        "Diluted EPS": 0.37,
        "Total Revenue": 30,
        "Gross Profit": 14,
        "Operating Income": 6,
        "EBIT": 7,
        "Net Income": 4
    },
    "2023-06-30": {
        "Tax Effect Of Unusual Items": 0.0,
        "Tax Rate For Calcs": 0.368,
        "Normalized EBITDA": 4610000.0,
        "Total Unusual Items": 0.0,
        "Total Unusual Items Excluding Goodwill": 0.0,
        "Net Income From Continuing Operation Net Minority Interest": -2837000.0,
        "Reconciled Depreciation": 6438000.0,
        "Reconciled Cost Of Revenue": 41709000.0,
        "EBITDA": 4610000.0,
        "EBIT": -1828000.0,
        "Net Interest Income": -2664000.0,
        "Interest Expense": 2664000.0,
        "Normalized Income": -2837000.0,
        "Net Income From Continuing And Discontinued Operation": -2837000.0,
        "Total Expenses": 86528000.0,
        "Total Operating Income As Reported": -1906000.0,
        "Diluted Average Shares": 14200000.0,
        "Basic Average Shares": 14200000.0,
        "Diluted EPS": -0.2,
        "Basic EPS": -0.2,
        "Diluted NI Availto Com Stockholders": -2773000.0,
        "Net Income Common Stockholders": -2773000.0,
        "Otherunder Preferred Stock Dividend": -64000.0,
        "Net Income": -2837000.0,
        "Net Income Including Noncontrolling Interests": -2837000.0,
        "Net Income Continuous Operations": -2837000.0,
        "Tax Provision": -1655000.0,
        "Pretax Income": -4492000.0,
        "Other Income Expense": 78000.0,
        "Other Non Operating Income Expenses": 78000.0,
        "Special Income Charges": 0.0,
        "Other Special Charges": NaN,
        "Restructuring And Mergern Acquisition": 0.0,
        "Net Non Operating Interest Income Expense": -2664000.0,
        "Interest Expense Non Operating": 2664000.0,
        "Operating Income": -1906000.0,
        "Operating Expense": 42395000.0,
        "Depreciation Amortization Depletion Income Statement": 4014000.0,
        "Depreciation And Amortization In Income Statement": 4014000.0,
        "Amortization": 4014000.0,
        "Amortization Of Intangibles Income Statement": 4014000.0,
        "Depreciation Income Statement": NaN,
        "Research And Development": 10595000.0,
        "Selling General And Administration": 27786000.0,
        "Selling And Marketing Expense": 8132000.0,
        "General And Administrative Expense": 19654000.0,
        "Other Gand A": 19654000.0,
        "Gross Profit": 40489000.0,
        "Cost Of Revenue": 44133000.0,
        "Total Revenue": 84622000.0,
        "Operating Revenue": 84622000.0
    },
    "2023-09-30": {
        "Tax Effect Of Unusual Items": 0.0,
        "Tax Rate For Calcs": 0.21,
        "Normalized EBITDA": 1516000.0,
        "Total Unusual Items": 0.0,
        "Total Unusual Items Excluding Goodwill": 0.0,
        "Net Income From Continuing Operation Net Minority Interest": -3562000.0,
        "Reconciled Depreciation": 6505000.0,
        "Reconciled Cost Of Revenue": 43863000.0,
        "EBITDA": 1516000.0,
        "EBIT": -4989000.0,
        "Net Interest Income": -3071000.0,
        "Interest Expense": 3071000.0,
        "Normalized Income": -3562000.0,
        "Net Income From Continuing And Discontinued Operation": -3562000.0,
        "Total Expenses": 87925000.0,
        "Total Operating Income As Reported": -5213000.0,
        "Diluted Average Shares": 14205000.0,
        "Basic Average Shares": 14205000.0,
        "Diluted EPS": -0.24,
        "Basic EPS": -0.24,
        "Diluted NI Availto Com Stockholders": -3480000.0,
        "Net Income Common Stockholders": -3480000.0,
        "Otherunder Preferred Stock Dividend": -82000.0,
        "Net Income": -3562000.0,
        "Net Income Including Noncontrolling Interests": -3562000.0,
        "Net Income Continuous Operations": -3562000.0,
        "Tax Provision": -4498000.0,
        "Pretax Income": -8060000.0,
        "Other Income Expense": 224000.0,
        "Other Non Operating Income Expenses": 224000.0,
        "Special Income Charges": 0.0,
        "Other Special Charges": NaN,
        "Restructuring And Mergern Acquisition": 0.0,
        "Net Non Operating Interest Income Expense": -3071000.0,
        "Interest Expense Non Operating": 3071000.0,
        "Operating Income": -5213000.0,
        "Operating Expense": 44062000.0,
        "Depreciation Amortization Depletion Income Statement": 6505000.0,
        "Depreciation And Amortization In Income Statement": 6505000.0,
        "Amortization": 6208000.0,
        "Amortization Of Intangibles Income Statement": 6208000.0,
        "Depreciation Income Statement": 297000.0,
        "Research And Development": 9778000.0,
        "Selling General And Administration": 27779000.0,
        "Selling And Marketing Expense": 6818000.0,
        "General And Administrative Expense": 20961000.0,
        "Other Gand A": 20961000.0,
        "Gross Profit": 38849000.0,
        "Cost Of Revenue": 43863000.0,
        "Total Revenue": 82712000.0,
        "Operating Revenue": 82712000.0
    }
}