{
    "2023-03-31": {
        "Tax Effect Of Unusual Items": NaN,
        "Tax Rate For Calcs": NaN,
        "Normalized EBITDA": NaN,
        "Total Unusual Items": NaN,
        "Total Unusual Items Excluding Goodwill": NaN,
        "Net Income From Continuing Operation Net Minority Interest": NaN,
        "Reconciled Depreciation": NaN,
        "Reconciled Cost Of Revenue": NaN,
        "EBITDA": NaN,
        "EBIT": NaN,
        "Net Interest Income": NaN,
        "Interest Expense": NaN,
        "Normalized Income": NaN,
        "Net Income From Continuing And Discontinued Operation": NaN,
        "Total Expenses": NaN,
        "Total Operating Income As Reported": NaN,
        "Diluted Average Shares": 7252000.0,
        "Basic Average Shares": 7119000.0,
        "Diluted EPS": 1.23,
        "Basic EPS": 1.25,
        "Diluted NI Availto Com Stockholders": NaN,
        "Net Income Common Stockholders": NaN,
        "Otherunder Preferred Stock Dividend": NaN,
        "Net Income": NaN,
        "Net Income Including Noncontrolling Interests": NaN,
        "Net Income Continuous Operations": NaN,
        "Tax Provision": NaN,
        "Pretax Income": NaN,
        "Other Income Expense": NaN,
        "Gain On Sale Of Security": NaN,
        "Net Non Operating Interest Income Expense": NaN,
        "Interest Expense Non Operating": NaN,
        "Operating Income": NaN,
        "Operating Expense": NaN,
        "Depreciation Amortization Depletion Income Statement": NaN,
        "Depreciation And Amortization In Income Statement": NaN,
        "Selling General And Administration": NaN,
        "Gross Profit": NaN,
        "Cost Of Revenue": NaN,
        "Total Revenue": NaN,
        "Operating Revenue": NaN
    },
    "2022-12-31": {
        "Tax Effect Of Unusual Items": NaN,
        "Tax Rate For Calcs": NaN,
        "Normalized EBITDA": NaN,
        "Total Unusual Items": NaN,
        "Total Unusual Items Excluding Goodwill": NaN,
        "Net Income From Continuing Operation Net Minority Interest": NaN,
        "Reconciled Depreciation": NaN,
        "Reconciled Cost Of Revenue": NaN,
        "EBITDA": NaN,
        "EBIT": NaN,
        "Net Interest Income": NaN,
        "Interest Expense": NaN,
        "Normalized Income": NaN,
        "Net Income From Continuing And Discontinued Operation": NaN,
        "Total Expenses": NaN,
        "Total Operating Income As Reported": NaN,
        "Diluted Average Shares": 7293000.0,
        "Basic Average Shares": 7129000.0,
        "Diluted EPS": 1.19,
        "Basic EPS": 1.21,
        "Diluted NI Availto Com Stockholders": NaN,
        "Net Income Common Stockholders": NaN,
        "Otherunder Preferred Stock Dividend": NaN,
        "Net Income": NaN,
        "Net Income Including Noncontrolling Interests": NaN,
        "Net Income Continuous Operations": NaN,
        "Tax Provision": NaN,
        "Pretax Income": NaN,
        "Other Income Expense": NaN,
        "Gain On Sale Of Security": NaN,
        "Net Non Operating Interest Income Expense": NaN,
        "Interest Expense Non Operating": NaN,
        "Operating Income": NaN,
        "Operating Expense": NaN,
        "Depreciation Amortization Depletion Income Statement": NaN,
        "Depreciation And Amortization In Income Statement": NaN,
        "Selling General And Administration": NaN,
        "Gross Profit": NaN,
        "Cost Of Revenue": NaN,
        "Total Revenue": NaN,
        "Operating Revenue": NaN
    },
    "2022-09-30": {
        "Tax Effect Of Unusual Items": NaN,
        "Tax Rate For Calcs": NaN,
        "Normalized EBITDA": NaN,
        "Total Unusual Items": NaN,
        "Total Unusual Items Excluding Goodwill": NaN,
        "Net Income From Continuing Operation Net Minority Interest": NaN,
        "Reconciled Depreciation": NaN,
        "Reconciled Cost Of Revenue": NaN,
        "EBITDA": NaN,
        "EBIT": NaN,
        "Net Interest Income": NaN,
        "Interest Expense": NaN,
        "Normalized Income": NaN,
        "Net Income From Continuing And Discontinued Operation": NaN,
        "Total Expenses": NaN,
        "Total Operating Income As Reported": NaN,
        "Diluted Average Shares": NaN,
        "Basic Average Shares": NaN,
        "Diluted EPS": NaN,
        "Basic EPS": NaN,
        "Diluted NI Availto Com Stockholders": NaN,
        "Average Dilution Earnings": -42000.0,
        "Net Income Common Stockholders": NaN,
        "Otherunder Preferred Stock Dividend": NaN,
        "Net Income": NaN,
        "Net Income Including Noncontrolling Interests": NaN,
        "Net Income Continuous Operations": NaN,
        "Tax Provision": NaN,
        "Pretax Income": NaN,
        "Other Income Expense": NaN,
        "Gain On Sale Of Security": NaN,
        "Net Non Operating Interest Income Expense": NaN,
        "Interest Expense Non Operating": NaN,
        "Operating Income": NaN,
        "Operating Expense": NaN,
        "Depreciation Amortization Depletion Income Statement": NaN,
        "Depreciation And Amortization In Income Statement": NaN,
        "Selling General And Administration": NaN,
        "Gross Profit": NaN,
        "Cost Of Revenue": NaN,
        "Total Revenue": NaN,
        "Operating Revenue": NaN
    },
    "2022-06-30": {
        "Tax Effect Of Unusual Items": 481100.0,
        "Tax Rate For Calcs": 0.283,
        "Normalized EBITDA": 21510000.0,
        "Total Unusual Items": 1700000.0,
        "Total Unusual Items Excluding Goodwill": 1700000.0,
        "Net Income From Continuing Operation Net Minority Interest": 11643000.0,
        "Reconciled Depreciation": 6497000.0,
        "Reconciled Cost Of Revenue": 99629000.0,
        "EBITDA": 23210000.0,
        "EBIT": 16713000.0,
        "Net Interest Income": -468000.0,
        "Interest Expense": 468000.0,
        "Normalized Income": 10424100.0,
        "Net Income From Continuing And Discontinued Operation": 11643000.0,
        "Total Expenses": 134089000.0,
        "Total Operating Income As Reported": 15013000.0,
        "Diluted Average Shares": 7380000.0,
        "Basic Average Shares": 7263000.0,
        "Diluted EPS": 1.57,
        "Basic EPS": 1.6,
        "Diluted NI Availto Com Stockholders": 11595000.0,
        "Average Dilution Earnings": NaN,
        "Net Income Common Stockholders": 11595000.0,
        "Otherunder Preferred Stock Dividend": 48000.0,
        "Net Income": 11643000.0,
        "Net Income Including Noncontrolling Interests": 11643000.0,
        "Net Income Continuous Operations": 11643000.0,
        "Tax Provision": 4602000.0,
        "Pretax Income": 16245000.0,
        "Other Income Expense": 1700000.0,
        "Gain On Sale Of Security": 1700000.0,
        "Net Non Operating Interest Income Expense": -468000.0,
        "Interest Expense Non Operating": 468000.0,
        "Operating Income": 15013000.0,
        "Operating Expense": 31013000.0,
        "Depreciation Amortization Depletion Income Statement": 3050000.0,
        "Depreciation And Amortization In Income Statement": 3050000.0,
        "Selling General And Administration": 27963000.0,
        "Gross Profit": 46026000.0,
        "Cost Of Revenue": 103076000.0,
        "Total Revenue": 149102000.0,
        "Operating Revenue": 149102000.0
    },
    "2023-06-30": {
        "Tax Effect Of Unusual Items": NaN,
        "Tax Rate For Calcs": NaN,
        "Normalized EBITDA": NaN,
        "Total Unusual Items": NaN,
        "Total Unusual Items Excluding Goodwill": NaN,
        "Net Income From Continuing Operation Net Minority Interest": NaN,
        "Reconciled Depreciation": NaN,
        "Reconciled Cost Of Revenue": NaN,
        "EBITDA": NaN,
        "EBIT": NaN,
        "Net Interest Income": NaN,
        "Interest Expense": NaN,
        "Normalized Income": NaN,
        "Net Income From Continuing And Discontinued Operation": NaN,
        "Total Expenses": NaN,
        "Total Operating Income As Reported": NaN,
        "Diluted Average Shares": 7080000.0,
        "Basic Average Shares": 6983000.0,
        "Diluted EPS": 1.34,
        "Basic EPS": 1.36,
        "Diluted NI Availto Com Stockholders": NaN,
        "Net Income Common Stockholders": NaN,
        "Otherunder Preferred Stock Dividend": NaN,
        "Net Income": NaN,
        "Net Income Including Noncontrolling Interests": NaN,
        "Net Income Continuous Operations": NaN,
        "Tax Provision": NaN,
        "Pretax Income": NaN,
        "Other Income Expense": NaN,
        "Gain On Sale Of Security": NaN,
        "Net Non Operating Interest Income Expense": NaN,
        "Interest Expense Non Operating": NaN,
        "Operating Income": NaN,
        "Operating Expense": NaN,
        "Depreciation Amortization Depletion Income Statement": NaN,
        "Depreciation And Amortization In Income Statement": NaN,
        "Selling General And Administration": NaN,
        "Gross Profit": NaN,
        "Cost Of Revenue": NaN,
        "Total Revenue": NaN,
        "Operating Revenue": NaN
    },
    "2022-03-31": {
        "Diluted EPS": 1.52,
        "Total Revenue": 148,
        "Gross Profit": 44,
        "Operating Income": 16,
        "EBIT": 22,
        "Net Income": 11
    },
    "2021-12-31": {
        "Diluted EPS": 1.14,
        "Total Revenue": 135,
        "Gross Profit": 41,
        "Operating Income": 12,
        "EBIT": 19,
        "Net Income": 8
    },
    "2021-09-30": {
        "Diluted EPS": 1.44,
        "Total Revenue": 136,
        "Gross Profit": 40,
        "Operating Income": 13,
        "EBIT": 19,
        "Net Income": 11
    },
    "2021-06-30": {
        "Diluted EPS": 1.53,
        "Total Revenue": 148,
        "Gross Profit": 43,
        "Operating Income": 16,
        "EBIT": 22,
        "Net Income": 12
    },
    "2021-03-31": {
        "Diluted EPS": 1.34,
        "Total Revenue": 147,
        "Gross Profit": 41,
        "Operating Income": 15,
        "EBIT": 21,
        "Net Income": 11
    },
    "2020-12-31": {
        "Diluted EPS": 0.84,
        "Total Revenue": 137,
        "Gross Profit": 36,
        "Operating Income": 10,
        "EBIT": 17,
        "Net Income": 7
    },
    "2020-09-30": {
        "Diluted EPS": 0.68,
        "Total Revenue": 122,
        "Gross Profit": 33,
        "Operating Income": 8,
        "EBIT": 14,
        "Net Income": 5
    },
    "2020-06-30": {
        "Diluted EPS": 0.75,
        "Total Revenue": 123,
        "Gross Profit": 33,
        "Operating Income": 8,
        "EBIT": 14,
        "Net Income": 6
    },
    "2020-03-31": {
        "Diluted EPS": 0.8,
        "Total Revenue": 126,
        "Gross Profit": 35,
        "Operating Income": 8,
        "EBIT": 14,
        "Net Income": 6
    },
    "2019-12-31": {
        "Diluted EPS": 0.58,
        "Total Revenue": 119,
        "Gross Profit": 35,
        "Operating Income": 7,
        "EBIT": 13,
        "Net Income": 5
    },
    "2019-09-30": {
        "Diluted EPS": 0.71,
        "Total Revenue": 116,
        "Gross Profit": 32,
        "Operating Income": 7,
        "EBIT": 12,
        "Net Income": 6
    },
    "2019-06-30": {
        "Diluted EPS": 0.68,
        "Total Revenue": 111,
        "Gross Profit": 35,
        "Operating Income": 8,
        "EBIT": 14,
        "Net Income": 6
    },
    "2019-03-31": {
        "Diluted EPS": 0.56,
        "Total Revenue": 106,
        "Gross Profit": 32,
        "Operating Income": 7,
        "EBIT": 12,
        "Net Income": 5
    },
    "2018-12-31": {
        "Diluted EPS": 0.79,
        "Total Revenue": 109,
        "Gross Profit": 32,
        "Operating Income": 8,
        "EBIT": 11,
        "Net Income": 7
    },
    "2018-09-30": {
        "Diluted EPS": 0.46,
        "Total Revenue": 104,
        "Gross Profit": 30,
        "Operating Income": 5,
        "EBIT": 8,
        "Net Income": 4
    },
    "2018-06-30": {
        "Diluted EPS": 0.79,
        "Total Revenue": 106,
        "Gross Profit": 36,
        "Operating Income": 10,
        "EBIT": 12,
        "Net Income": 7
    },
    "2018-03-31": {
        "Diluted EPS": 0.57,
        "Total Revenue": 99,
        "Gross Profit": 30,
        "Operating Income": 6,
        "EBIT": 8,
        "Net Income": 5
    },
    "2017-12-31": {
        "Diluted EPS": -0.26,
        "Total Revenue": 97,
        "Gross Profit": 28,
        "Operating Income": -1,
        "EBIT": 2,
        "Net Income": -2
    },
    "2017-09-30": {
        "Diluted EPS": 0.38,
        "Total Revenue": 91,
        "Gross Profit": 29,
        "Operating Income": 6,
        "EBIT": 8,
        "Net Income": 3
    },
    "2017-06-30": {
        "Diluted EPS": 0.44,
        "Total Revenue": 94,
        "Gross Profit": 28,
        "Operating Income": 6,
        "EBIT": 8,
        "Net Income": 4
    },
    "2017-03-31": {
        "Diluted EPS": 0.33,
        "Total Revenue": 88,
        "Gross Profit": 26,
        "Operating Income": 5,
        "EBIT": 7,
        "Net Income": 3
    },
    "2016-12-31": {
        "Diluted EPS": 0.25,
        "Total Revenue": 80,
        "Gross Profit": 23,
        "Operating Income": 4,
        "EBIT": 6,
        "Net Income": 2
    },
    "2016-09-30": {
        "Diluted EPS": 0.38,
        "Total Revenue": 82,
        "Gross Profit": 24,
        "Operating Income": 5,
        "EBIT": 7,
        "Net Income": 3
    },
    "2016-06-30": {
        "Diluted EPS": 0.59,
        "Total Revenue": 83,
        "Gross Profit": 25,
        "Operating Income": 6,
        "EBIT": 8,
        "Net Income": 5
    },
    "2016-03-31": {
        "Diluted EPS": 0.27,
        "Total Revenue": 81,
        "Gross Profit": 25,
        "Operating Income": 4,
        "EBIT": 6,
        "Net Income": 2
    },
    "2015-12-31": {
        "Diluted EPS": -0.14,
        "Total Revenue": 72,
        "Gross Profit": 21,
        "Operating Income": -2,
        "EBIT": 4,
        "Net Income": -1
    },
    "2015-09-30": {
        "Diluted EPS": 0.31,
        "Total Revenue": 77,
        "Gross Profit": 24,
        "Operating Income": 5,
        "EBIT": 6,
        "Net Income": 3
    },
    "2015-06-30": {
        "Diluted EPS": 0.36,
        "Total Revenue": 77,
        "Gross Profit": 26,
        "Operating Income": 6,
        "EBIT": 7,
        "Net Income": 3
    },
    "2015-03-31": {
        "Diluted EPS": 0.3,
        "Total Revenue": 78,
        "Gross Profit": 24,
        "Operating Income": 4,
        "EBIT": 6,
        "Net Income": 3
    },
    "2014-12-31": {
        "Diluted EPS": 0.39,
        "Total Revenue": 78,
        "Gross Profit": 26,
        "Operating Income": 6,
        "EBIT": 8,
        "Net Income": 4
    },
    "2014-09-30": {
        "Diluted EPS": 0.33,
        "Total Revenue": 73,
        "Gross Profit": 24,
        "Operating Income": 6,
        "EBIT": 7,
        "Net Income": 3
    },
    "2014-06-30": {
        "Diluted EPS": 0.32,
        "Total Revenue": 78,
        "Gross Profit": 26,
        "Operating Income": 6,
        "EBIT": 8,
        "Net Income": 3
    },
    "2014-03-31": {
        "Diluted EPS": 0.34,
        "Total Revenue": 76,
        "Gross Profit": 24,
        "Operating Income": 6,
        "EBIT": 7,
        "Net Income": 3
    },
    "2013-12-31": {
        "Diluted EPS": 0.37,
        "Total Revenue": 76,
        "Gross Profit": 24,
        "Operating Income": 5,
        "EBIT": 7,
        "Net Income": 4
    },
    "2013-09-30": {
        "Diluted EPS": 0.32,
        "Total Revenue": 74,
        "Gross Profit": 24,
        "Operating Income": 6,
        "EBIT": 8,
        "Net Income": 3
    },
    "2013-06-30": {
        "Diluted EPS": 0.14,
        "Total Revenue": 65,
        "Gross Profit": 20,
        "Operating Income": 3,
        "EBIT": 5,
        "Net Income": 1
    },
    "2013-03-31": {
        "Diluted EPS": 0.29,
        "Total Revenue": 63,
        "Gross Profit": 21,
        "Operating Income": 4,
        "EBIT": 5,
        "Net Income": 3
    },
    "2012-12-31": {
        "Diluted EPS": -5.26,
        "Total Revenue": 68,
        "Gross Profit": 23,
        "Operating Income": -65,
        "EBIT": 8,
        "Net Income": -53
    },
    "2012-09-30": {
        "Diluted EPS": -0.07,
        "Total Revenue": 66,
        "Gross Profit": 20,
        "Operating Income": 1,
        "EBIT": 3,
        "Net Income": -1
    },
    "2012-06-30": {
        "Diluted EPS": 0.07,
        "Total Revenue": 68,
        "Gross Profit": 22,
        "Operating Income": 3,
        "EBIT": 4,
        "Net Income": 1
    },
    "2012-03-31": {
        "Diluted EPS": 0.05,
        "Total Revenue": 69,
        "Gross Profit": 23,
        "Operating Income": 3,
        "EBIT": 5,
        "Net Income": 1
    },
    "2011-12-31": {
        "Diluted EPS": 0.42,
        "Total Revenue": 75,
        "Gross Profit": 27,
        "Operating Income": 8,
        "EBIT": 9,
        "Net Income": 4
    },
    "2011-09-30": {
        "Diluted EPS": 0.34,
        "Total Revenue": 71,
        "Gross Profit": 24,
        "Operating Income": 6,
        "EBIT": 7,
        "Net Income": 4
    },
    "2011-06-30": {
        "Diluted EPS": 0.4,
        "Total Revenue": 81,
        "Gross Profit": 27,
        "Operating Income": 7,
        "EBIT": 8,
        "Net Income": 4
    },
    "2011-03-31": {
        "Diluted EPS": 0.41,
        "Total Revenue": 79,
        "Gross Profit": 27,
        "Operating Income": 8,
        "EBIT": 9,
        "Net Income": 4
    },
    "2010-12-31": {
        "Diluted EPS": -0.06,
        "Total Revenue": 22,
        "Gross Profit": 6,
        "Operating Income": -1,
        "EBIT": 0,
        "Net Income": -1
    },
    "2010-11-30": {
        "Diluted EPS": 0.17,
        "Total Revenue": 76,
        "Gross Profit": 24,
        "Operating Income": 5,
        "EBIT": 6,
        "Net Income": 2
    },
    "2010-08-31": {
        "Diluted EPS": 0.19,
        "Total Revenue": 85,
        "Gross Profit": 30,
        "Operating Income": 5,
        "EBIT": 7,
        "Net Income": 2
    },
    "2010-06-30": {
        "Diluted EPS": -0.14,
        "Total Revenue": 68,
        "Gross Profit": 18,
        "Operating Income": -1,
        "EBIT": 1,
        "Net Income": -2
    },
    "2010-05-31": {
        "Diluted EPS": -0.14,
        "Total Revenue": 68,
        "Gross Profit": 18,
        "Operating Income": -1,
        "EBIT": 1,
        "Net Income": -2
    },
    "2010-02-28": {
        "Diluted EPS": 0.02,
        "Total Revenue": 59,
        "Gross Profit": 18,
        "Operating Income": 1,
        "EBIT": 3,
        "Net Income": 0
    },
    "2009-12-31": {
        "Diluted EPS": -0.03,
        "Total Revenue": 20,
        "Gross Profit": 5,
        "Operating Income": -1,
        "EBIT": -1,
        "Net Income": 0
    },
    "2009-11-30": {
        "Diluted EPS": 0.0,
        "Total Revenue": NaN,
        "Gross Profit": NaN,
        "Operating Income": NaN,
        "EBIT": NaN,
        "Net Income": NaN
    },
    "2009-08-31": {
        "Diluted EPS": 0.24,
        "Total Revenue": 89,
        "Gross Profit": 30,
        "Operating Income": 6,
        "EBIT": 9,
        "Net Income": 3
    },
    "2009-05-31": {
        "Diluted EPS": 0.11,
        "Total Revenue": 72,
        "Gross Profit": 24,
        "Operating Income": 4,
        "EBIT": 6,
        "Net Income": 1
    },
    "2009-02-28": {
        "Diluted EPS": 0.05,
        "Total Revenue": 66,
        "Gross Profit": 23,
        "Operating Income": 4,
        "EBIT": 6,
        "Net Income": 1
    },
    "2023-09-30": {
        "Tax Effect Of Unusual Items": 138257.626152,
        "Tax Rate For Calcs": 0.183123,
        "Normalized EBITDA": 17149000.0,
        "Total Unusual Items": 755000.0,
        "Total Unusual Items Excluding Goodwill": 755000.0,
        "Net Income From Continuing Operation Net Minority Interest": 8596000.0,
        "Reconciled Depreciation": 6356000.0,
        "Reconciled Cost Of Revenue": 102485000.0,
        "EBITDA": 17904000.0,
        "EBIT": 11548000.0,
        "Net Interest Income": -1025000.0,
        "Interest Expense": 1025000.0,
        "Normalized Income": 7979257.626152,
        "Net Income From Continuing And Discontinued Operation": 8596000.0,
        "Total Expenses": 136760000.0,
        "Total Operating Income As Reported": 10793000.0,
        "Diluted Average Shares": 7083000.0,
        "Basic Average Shares": 6977000.0,
        "Diluted EPS": 1.21,
        "Basic EPS": 1.22,
        "Diluted NI Availto Com Stockholders": 8567000.0,
        "Net Income Common Stockholders": 8567000.0,
        "Otherunder Preferred Stock Dividend": 29000.0,
        "Net Income": 8596000.0,
        "Net Income Including Noncontrolling Interests": 8596000.0,
        "Net Income Continuous Operations": 8596000.0,
        "Tax Provision": 1927000.0,
        "Pretax Income": 10523000.0,
        "Other Income Expense": 755000.0,
        "Gain On Sale Of Security": 755000.0,
        "Net Non Operating Interest Income Expense": -1025000.0,
        "Interest Expense Non Operating": 1025000.0,
        "Operating Income": 10793000.0,
        "Operating Expense": 30866000.0,
        "Depreciation Amortization Depletion Income Statement": 2947000.0,
        "Depreciation And Amortization In Income Statement": 2947000.0,
        "Selling General And Administration": 27919000.0,
        "Gross Profit": 41659000.0,
        "Cost Of Revenue": 105894000.0,
        "Total Revenue": 147553000.0,
        "Operating Revenue": 147553000.0
    },
    "2023-12-31": {
        "Tax Effect Of Unusual Items": -259823.896137,
        "Tax Rate For Calcs": 0.263513,
        "Normalized EBITDA": 23618000.0,
        "Total Unusual Items": -986000.0,
        "Total Unusual Items Excluding Goodwill": -986000.0,
        "Net Income From Continuing Operation Net Minority Interest": 11459000.0,
        "Reconciled Depreciation": 6473000.0,
        "Reconciled Cost Of Revenue": 109016000.0,
        "EBITDA": 22632000.0,
        "EBIT": 16159000.0,
        "Net Interest Income": -600000.0,
        "Interest Expense": 600000.0,
        "Normalized Income": 12185176.103863,
        "Net Income From Continuing And Discontinued Operation": 11459000.0,
        "Total Expenses": 144468000.0,
        "Total Operating Income As Reported": 17145000.0,
        "Diluted Average Shares": NaN,
        "Basic Average Shares": NaN,
        "Diluted EPS": NaN,
        "Basic EPS": NaN,
        "Diluted NI Availto Com Stockholders": 11421000.0,
        "Net Income Common Stockholders": 11421000.0,
        "Otherunder Preferred Stock Dividend": 38000.0,
        "Net Income": 11459000.0,
        "Net Income Including Noncontrolling Interests": 11459000.0,
        "Net Income Continuous Operations": 11459000.0,
        "Tax Provision": 4100000.0,
        "Pretax Income": 15559000.0,
        "Other Income Expense": -986000.0,
        "Gain On Sale Of Security": -986000.0,
        "Net Non Operating Interest Income Expense": -600000.0,
        "Interest Expense Non Operating": 600000.0,
        "Operating Income": 17145000.0,
        "Operating Expense": 31781000.0,
        "Depreciation Amortization Depletion Income Statement": 2802000.0,
        "Depreciation And Amortization In Income Statement": 2802000.0,
        "Selling General And Administration": 28979000.0,
        "Gross Profit": 48926000.0,
        "Cost Of Revenue": 112687000.0,
        "Total Revenue": 161613000.0,
        "Operating Revenue": 161613000.0
    },
    "2024-03-31": {
        "Tax Effect Of Unusual Items": -39760.0,
        "Tax Rate For Calcs": 0.28,
        "Normalized EBITDA": 25975000.0,
        "Total Unusual Items": -142000.0,
        "Total Unusual Items Excluding Goodwill": -142000.0,
        "Net Income From Continuing Operation Net Minority Interest": 13691000.0,
        "Reconciled Depreciation": 6357000.0,
        "Reconciled Cost Of Revenue": 115315000.0,
        "EBITDA": 25833000.0,
        "EBIT": 19476000.0,
        "Net Interest Income": -464000.0,
        "Interest Expense": 464000.0,
        "Normalized Income": 13793240.0,
        "Net Income From Continuing And Discontinued Operation": 13691000.0,
        "Total Expenses": 152171000.0,
        "Total Operating Income As Reported": 19618000.0,
        "Diluted Average Shares": 7011000.0,
        "Basic Average Shares": 6926000.0,
        "Diluted EPS": 1.95,
        "Basic EPS": 1.97,
        "Diluted NI Availto Com Stockholders": 13645000.0,
        "Net Income Common Stockholders": 13645000.0,
        "Otherunder Preferred Stock Dividend": 46000.0,
        "Net Income": 13691000.0,
        "Net Income Including Noncontrolling Interests": 13691000.0,
        "Net Income Continuous Operations": 13691000.0,
        "Tax Provision": 5321000.0,
        "Pretax Income": 19012000.0,
        "Other Income Expense": -142000.0,
        "Gain On Sale Of Security": -142000.0,
        "Net Non Operating Interest Income Expense": -464000.0,
        "Interest Expense Non Operating": 464000.0,
        "Operating Income": 19618000.0,
        "Operating Expense": 33291000.0,
        "Depreciation Amortization Depletion Income Statement": 2792000.0,
        "Depreciation And Amortization In Income Statement": 2792000.0,
        "Selling General And Administration": 30499000.0,
        "Gross Profit": 52909000.0,
        "Cost Of Revenue": 118880000.0,
        "Total Revenue": 171789000.0,
        "Operating Revenue": 171789000.0
    },
    "2024-06-30": {
        "Tax Effect Of Unusual Items": -61120.0,
        "Tax Rate For Calcs": 0.32,
        "Normalized EBITDA": 17996000.0,
        "Total Unusual Items": -191000.0,
        "Total Unusual Items Excluding Goodwill": -191000.0,
        "Net Income From Continuing Operation Net Minority Interest": 6538000.0,
        "Reconciled Depreciation": 6708000.0,
        "Reconciled Cost Of Revenue": 121430000.0,
        "EBITDA": 17805000.0,
        "EBIT": 11097000.0,
        "Net Interest Income": -1483000.0,
        "Interest Expense": 1483000.0,
        "Normalized Income": 6667880.0,
        "Net Income From Continuing And Discontinued Operation": 6538000.0,
        "Total Expenses": 160154000.0,
        "Total Operating Income As Reported": 11288000.0,
        "Diluted Average Shares": 6911000.0,
        "Basic Average Shares": 6834000.0,
        "Diluted EPS": 0.94,
        "Basic EPS": 0.96,
        "Diluted NI Availto Com Stockholders": 6516000.0,
        "Net Income Common Stockholders": 6516000.0,
        "Otherunder Preferred Stock Dividend": 22000.0,
        "Net Income": 6538000.0,
        "Net Income Including Noncontrolling Interests": 6538000.0,
        "Net Income Continuous Operations": 6538000.0,
        "Tax Provision": 3076000.0,
        "Pretax Income": 9614000.0,
        "Other Income Expense": -191000.0,
        "Gain On Sale Of Security": -191000.0,
        "Net Non Operating Interest Income Expense": -1483000.0,
        "Interest Expense Non Operating": 1483000.0,
        "Operating Income": 11288000.0,
        "Operating Expense": 34827000.0,
        "Depreciation Amortization Depletion Income Statement": 2811000.0,
        "Depreciation And Amortization In Income Statement": 2811000.0,
        "Selling General And Administration": 32016000.0,
        "Gross Profit": 46115000.0,
        "Cost Of Revenue": 125327000.0,
        "Total Revenue": 171442000.0,
        "Operating Revenue": 171442000.0
    },
    "2024-09-30": {
        "Tax Effect Of Unusual Items": -259018.839676,
        "Tax Rate For Calcs": 0.286525,
        "Normalized EBITDA": 25138000.0,
        "Total Unusual Items": -904000.0,
        "Total Unusual Items Excluding Goodwill": -904000.0,
        "Net Income From Continuing Operation Net Minority Interest": 11437000.0,
        "Reconciled Depreciation": 6747000.0,
        "Reconciled Cost Of Revenue": 111341000.0,
        "EBITDA": 24234000.0,
        "EBIT": 17487000.0,
        "Net Interest Income": -1457000.0,
        "Interest Expense": 1457000.0,
        "Normalized Income": 12081981.160324,
        "Net Income From Continuing And Discontinued Operation": 11437000.0,
        "Total Expenses": 149357000.0,
        "Total Operating Income As Reported": 18391000.0,
        "Diluted Average Shares": 6843000.0,
        "Basic Average Shares": 6760000.0,
        "Diluted EPS": 1.67,
        "Basic EPS": 1.68,
        "Diluted NI Availto Com Stockholders": 11412000.0,
        "Net Income Common Stockholders": 11412000.0,
        "Otherunder Preferred Stock Dividend": 25000.0,
        "Net Income": 11437000.0,
        "Net Income Including Noncontrolling Interests": 11437000.0,
        "Net Income Continuous Operations": 11437000.0,
        "Tax Provision": 4593000.0,
        "Pretax Income": 16030000.0,
        "Other Income Expense": -904000.0,
        "Gain On Sale Of Security": -904000.0,
        "Net Non Operating Interest Income Expense": -1457000.0,
        "Interest Expense Non Operating": 1457000.0,
        "Operating Income": 18391000.0,
        "Operating Expense": 34169000.0,
        "Depreciation Amortization Depletion Income Statement": 2900000.0,
        "Depreciation And Amortization In Income Statement": 2900000.0,
        "Selling General And Administration": 31269000.0,
        "Gross Profit": 52560000.0,
        "Cost Of Revenue": 115188000.0,
        "Total Revenue": 167748000.0,
        "Operating Revenue": 167748000.0
    }
}