{
    "2023-03-31": {
        "Tax Effect Of Unusual Items": NaN,
        "Tax Rate For Calcs": NaN,
        "Total Unusual Items": NaN,
        "Total Unusual Items Excluding Goodwill": NaN,
        "Net Income From Continuing Operation Net Minority Interest": NaN,
        "Reconciled Depreciation": NaN,
        "EBIT": NaN,
        "Net Interest Income": NaN,
        "Interest Expense": NaN,
        "Interest Income": NaN,
        "Normalized Income": NaN,
        "Net Income From Continuing And Discontinued Operation": NaN,
        "Total Expenses": NaN,
        "Diluted Average Shares": 650800000.0,
        "Basic Average Shares": 650800000.0,
        "Diluted EPS": -0.7,
        "Basic EPS": -0.7,
        "Diluted NI Availto Com Stockholders": NaN,
        "Net Income Common Stockholders": NaN,
        "Net Income": NaN,
        "Minority Interests": NaN,
        "Net Income Including Noncontrolling Interests": NaN,
        "Net Income Continuous Operations": NaN,
        "Tax Provision": NaN,
        "Pretax Income": NaN,
        "Other Income Expense": NaN,
        "Special Income Charges": NaN,
        "Other Special Charges": NaN,
        "Net Non Operating Interest Income Expense": NaN,
        "Interest Expense Non Operating": NaN,
        "Other Operating Expenses": NaN,
        "Selling General And Administration": NaN,
        "General And Administrative Expense": NaN,
        "Other Gand A": NaN,
        "Total Revenue": NaN,
        "Operating Revenue": NaN,
        "Loss Adjustment Expense": NaN,
        "Net Policyholder Benefits And Claims": NaN,
        "Policyholder Benefits Gross": NaN
    },
    "2022-12-31": {
        "Tax Effect Of Unusual Items": 0.0,
        "Tax Rate For Calcs": 0.323492,
        "Total Unusual Items": 0.0,
        "Total Unusual Items Excluding Goodwill": 0.0,
        "Net Income From Continuing Operation Net Minority Interest": -566000000.0,
        "Reconciled Depreciation": -34000000.0,
        "EBIT": -602000000.0,
        "Net Interest Income": -177000000.0,
        "Interest Expense": 177000000.0,
        "Interest Income": NaN,
        "Normalized Income": -566000000.0,
        "Net Income From Continuing And Discontinued Operation": -566000000.0,
        "Total Expenses": 4573000000.0,
        "Diluted Average Shares": NaN,
        "Basic Average Shares": NaN,
        "Diluted EPS": NaN,
        "Basic EPS": NaN,
        "Diluted NI Availto Com Stockholders": -566000000.0,
        "Net Income Common Stockholders": -566000000.0,
        "Net Income": -566000000.0,
        "Minority Interests": -39000000.0,
        "Net Income Including Noncontrolling Interests": -527000000.0,
        "Net Income Continuous Operations": -527000000.0,
        "Tax Provision": -252000000.0,
        "Pretax Income": -779000000.0,
        "Other Income Expense": 111000000.0,
        "Special Income Charges": 0.0,
        "Other Special Charges": 0.0,
        "Net Non Operating Interest Income Expense": -177000000.0,
        "Interest Expense Non Operating": 177000000.0,
        "Other Operating Expenses": NaN,
        "Selling General And Administration": 582000000.0,
        "General And Administrative Expense": 582000000.0,
        "Other Gand A": 582000000.0,
        "Total Revenue": 3794000000.0,
        "Operating Revenue": 3794000000.0
    },
    "2022-09-30": {
        "Tax Effect Of Unusual Items": NaN,
        "Tax Rate For Calcs": NaN,
        "Total Unusual Items": NaN,
        "Total Unusual Items Excluding Goodwill": NaN,
        "Net Income From Continuing Operation Net Minority Interest": NaN,
        "Reconciled Depreciation": NaN,
        "EBIT": NaN,
        "Net Interest Income": NaN,
        "Interest Expense": NaN,
        "Interest Income": NaN,
        "Normalized Income": NaN,
        "Net Income From Continuing And Discontinued Operation": NaN,
        "Total Expenses": NaN,
        "Diluted Average Shares": 646400000.0,
        "Basic Average Shares": 645700000.0,
        "Diluted EPS": 3.72,
        "Basic EPS": 3.73,
        "Diluted NI Availto Com Stockholders": NaN,
        "Net Income Common Stockholders": NaN,
        "Net Income": NaN,
        "Minority Interests": NaN,
        "Net Income Including Noncontrolling Interests": NaN,
        "Net Income Continuous Operations": NaN,
        "Tax Provision": NaN,
        "Pretax Income": NaN,
        "Other Income Expense": NaN,
        "Special Income Charges": NaN,
        "Other Special Charges": NaN,
        "Net Non Operating Interest Income Expense": NaN,
        "Interest Expense Non Operating": NaN,
        "Other Operating Expenses": NaN,
        "Selling General And Administration": NaN,
        "General And Administrative Expense": NaN,
        "Other Gand A": NaN,
        "Total Revenue": NaN,
        "Operating Revenue": NaN
    },
    "2022-06-30": {
        "Tax Effect Of Unusual Items": -197686.928456,
        "Tax Rate For Calcs": 0.197687,
        "Total Unusual Items": -1000000.0,
        "Total Unusual Items Excluding Goodwill": -1000000.0,
        "Net Income From Continuing Operation Net Minority Interest": 2903000000.0,
        "Reconciled Depreciation": 359000000.0,
        "EBIT": 3845000000.0,
        "Net Interest Income": -127000000.0,
        "Interest Expense": 127000000.0,
        "Interest Income": 397000000.0,
        "Normalized Income": 2903802313.071544,
        "Net Income From Continuing And Discontinued Operation": 2903000000.0,
        "Total Expenses": 3847000000.0,
        "Diluted Average Shares": 645000000.0,
        "Basic Average Shares": 645000000.0,
        "Diluted EPS": 4.021705,
        "Basic EPS": 4.021705,
        "Diluted NI Availto Com Stockholders": 2903000000.0,
        "Net Income Common Stockholders": 2903000000.0,
        "Net Income": 2903000000.0,
        "Minority Interests": -80000000.0,
        "Net Income Including Noncontrolling Interests": 2983000000.0,
        "Net Income Continuous Operations": 2983000000.0,
        "Tax Provision": 735000000.0,
        "Pretax Income": 3718000000.0,
        "Other Income Expense": 133000000.0,
        "Special Income Charges": -1000000.0,
        "Other Special Charges": 1000000.0,
        "Net Non Operating Interest Income Expense": -127000000.0,
        "Interest Expense Non Operating": 127000000.0,
        "Other Operating Expenses": -6000000.0,
        "Selling General And Administration": 577000000.0,
        "General And Administrative Expense": 577000000.0,
        "Other Gand A": 577000000.0,
        "Total Revenue": 7565000000.0,
        "Operating Revenue": 7565000000.0
    },
    "2022-03-31": {
        "Diluted EPS": 5.22,
        "Total Revenue": NaN,
        "Gross Profit": NaN,
        "Operating Income": NaN,
        "EBIT": NaN,
        "Net Income": NaN
    },
    "2021-12-31": {
        "Diluted EPS": 0.0,
        "Total Revenue": NaN,
        "Gross Profit": NaN,
        "Operating Income": NaN,
        "EBIT": NaN,
        "Net Income": NaN
    },
    "2021-09-30": {
        "Diluted EPS": 2.2,
        "Total Revenue": NaN,
        "Gross Profit": NaN,
        "Operating Income": NaN,
        "EBIT": NaN,
        "Net Income": NaN
    },
    "2020-12-31": {
        "Diluted EPS": 0.0,
        "Total Revenue": NaN,
        "Gross Profit": NaN,
        "Operating Income": NaN,
        "EBIT": NaN,
        "Net Income": NaN
    },
    "2019-12-31": {
        "Diluted EPS": 0.0,
        "Total Revenue": NaN,
        "Gross Profit": NaN,
        "Operating Income": NaN,
        "EBIT": NaN,
        "Net Income": NaN
    },
    "2023-06-30": {
        "Tax Effect Of Unusual Items": 10384000.0,
        "Tax Rate For Calcs": 0.176,
        "Total Unusual Items": 59000000.0,
        "Total Unusual Items Excluding Goodwill": 59000000.0,
        "Net Income From Continuing Operation Net Minority Interest": 771000000.0,
        "Reconciled Depreciation": 134000000.0,
        "EBIT": 1045000000.0,
        "Net Interest Income": -134000000.0,
        "Interest Expense": 134000000.0,
        "Interest Income": 564000000.0,
        "Normalized Income": 722384000.0,
        "Net Income From Continuing And Discontinued Operation": 771000000.0,
        "Total Expenses": 5116000000.0,
        "Diluted Average Shares": 652200000.0,
        "Basic Average Shares": 650700000.0,
        "Diluted EPS": 1.18,
        "Basic EPS": 1.18,
        "Diluted NI Availto Com Stockholders": 771000000.0,
        "Net Income Common Stockholders": 771000000.0,
        "Net Income": 771000000.0,
        "Minority Interests": 20000000.0,
        "Net Income Including Noncontrolling Interests": 751000000.0,
        "Net Income Continuous Operations": 751000000.0,
        "Tax Provision": 160000000.0,
        "Pretax Income": 911000000.0,
        "Other Income Expense": 111000000.0,
        "Special Income Charges": 59000000.0,
        "Other Special Charges": -59000000.0,
        "Net Non Operating Interest Income Expense": -134000000.0,
        "Interest Expense Non Operating": 134000000.0,
        "Other Operating Expenses": 8000000.0,
        "Selling General And Administration": 604000000.0,
        "General And Administrative Expense": 604000000.0,
        "Other Gand A": 604000000.0,
        "Total Revenue": 6027000000.0,
        "Operating Revenue": 6027000000.0,
        "Loss Adjustment Expense": 2876000000.0,
        "Net Policyholder Benefits And Claims": 2876000000.0,
        "Policyholder Benefits Gross": 2876000000.0
    },
    "2023-09-30": {
        "Tax Effect Of Unusual Items": -159000.0,
        "Tax Rate For Calcs": 0.159,
        "Total Unusual Items": -1000000.0,
        "Total Unusual Items Excluding Goodwill": -1000000.0,
        "Net Income From Continuing Operation Net Minority Interest": 2101000000.0,
        "Reconciled Depreciation": 107000000.0,
        "EBIT": 2596000000.0,
        "Net Interest Income": -135000000.0,
        "Interest Expense": 135000000.0,
        "Interest Income": 580000000.0,
        "Normalized Income": 2101841000.0,
        "Net Income From Continuing And Discontinued Operation": 2101000000.0,
        "Total Expenses": 3512000000.0,
        "Diluted Average Shares": 641000000.0,
        "Basic Average Shares": 639000000.0,
        "Diluted EPS": 3.28,
        "Basic EPS": 3.29,
        "Diluted NI Availto Com Stockholders": 2101000000.0,
        "Net Income Common Stockholders": 2101000000.0,
        "Net Income": 2101000000.0,
        "Minority Interests": 32000000.0,
        "Net Income Including Noncontrolling Interests": 2069000000.0,
        "Net Income Continuous Operations": 2069000000.0,
        "Tax Provision": 392000000.0,
        "Pretax Income": 2461000000.0,
        "Other Income Expense": 107000000.0,
        "Special Income Charges": -1000000.0,
        "Other Special Charges": 1000000.0,
        "Net Non Operating Interest Income Expense": -135000000.0,
        "Interest Expense Non Operating": 135000000.0,
        "Other Operating Expenses": 50000000.0,
        "Selling General And Administration": 611000000.0,
        "General And Administrative Expense": 611000000.0,
        "Other Gand A": 611000000.0,
        "Total Revenue": 5973000000.0,
        "Operating Revenue": 5973000000.0,
        "Loss Adjustment Expense": 1102000000.0,
        "Net Policyholder Benefits And Claims": 1102000000.0,
        "Policyholder Benefits Gross": 1102000000.0
    },
    "2023-12-31": {
        "Tax Effect Of Unusual Items": 152167895.632445,
        "Tax Rate For Calcs": 0.245037,
        "Total Unusual Items": 621000000.0,
        "Total Unusual Items Excluding Goodwill": 621000000.0,
        "Net Income From Continuing Operation Net Minority Interest": -1309000000.0,
        "Reconciled Depreciation": 20000000.0,
        "EBIT": -1624000000.0,
        "Net Interest Income": -139000000.0,
        "Interest Expense": 139000000.0,
        "Interest Income": 604000000.0,
        "Normalized Income": -1777832104.367555,
        "Net Income From Continuing And Discontinued Operation": -1309000000.0,
        "Total Expenses": 4684000000.0,
        "Diluted Average Shares": NaN,
        "Basic Average Shares": NaN,
        "Diluted EPS": NaN,
        "Basic EPS": NaN,
        "Diluted NI Availto Com Stockholders": -1309000000.0,
        "Net Income Common Stockholders": -1309000000.0,
        "Net Income": -1309000000.0,
        "Minority Interests": 22000000.0,
        "Net Income Including Noncontrolling Interests": -1331000000.0,
        "Net Income Continuous Operations": -1331000000.0,
        "Tax Provision": -432000000.0,
        "Pretax Income": -1763000000.0,
        "Other Income Expense": 93000000.0,
        "Special Income Charges": 621000000.0,
        "Other Special Charges": -621000000.0,
        "Net Non Operating Interest Income Expense": -139000000.0,
        "Interest Expense Non Operating": 139000000.0,
        "Other Operating Expenses": 45000000.0,
        "Selling General And Administration": 563000000.0,
        "General And Administrative Expense": 563000000.0,
        "Other Gand A": 563000000.0,
        "Total Revenue": 2921000000.0,
        "Operating Revenue": 2921000000.0,
        "Loss Adjustment Expense": 2889000000.0,
        "Net Policyholder Benefits And Claims": 2889000000.0,
        "Policyholder Benefits Gross": 2889000000.0
    },
    "2024-03-31": {
        "Tax Effect Of Unusual Items": 930000.0,
        "Tax Rate For Calcs": 0.186,
        "Total Unusual Items": 5000000.0,
        "Total Unusual Items Excluding Goodwill": 5000000.0,
        "Net Income From Continuing Operation Net Minority Interest": 878000000.0,
        "Reconciled Depreciation": 64000000.0,
        "EBIT": 1154000000.0,
        "Net Interest Income": -138000000.0,
        "Interest Expense": 138000000.0,
        "Interest Income": 628000000.0,
        "Normalized Income": 873930000.0,
        "Net Income From Continuing And Discontinued Operation": 878000000.0,
        "Total Expenses": 5201000000.0,
        "Diluted Average Shares": 624900000.0,
        "Basic Average Shares": 624000000.0,
        "Diluted EPS": 1.41,
        "Basic EPS": 1.41,
        "Diluted NI Availto Com Stockholders": 878000000.0,
        "Net Income Common Stockholders": 878000000.0,
        "Net Income": 878000000.0,
        "Minority Interests": 51000000.0,
        "Net Income Including Noncontrolling Interests": 827000000.0,
        "Net Income Continuous Operations": 827000000.0,
        "Tax Provision": 189000000.0,
        "Pretax Income": 1016000000.0,
        "Other Income Expense": 99000000.0,
        "Special Income Charges": 5000000.0,
        "Other Special Charges": -5000000.0,
        "Net Non Operating Interest Income Expense": -138000000.0,
        "Interest Expense Non Operating": 138000000.0,
        "Other Operating Expenses": 12000000.0,
        "Selling General And Administration": 572000000.0,
        "General And Administrative Expense": 572000000.0,
        "Other Gand A": 572000000.0,
        "Total Revenue": 6217000000.0,
        "Operating Revenue": 6217000000.0,
        "Loss Adjustment Expense": 2807000000.0,
        "Net Policyholder Benefits And Claims": 2807000000.0,
        "Policyholder Benefits Gross": 2807000000.0
    },
    "2024-06-30": {
        "Tax Effect Of Unusual Items": 60732000.0,
        "Tax Rate For Calcs": 0.252,
        "Total Unusual Items": 241000000.0,
        "Total Unusual Items Excluding Goodwill": 241000000.0,
        "Net Income From Continuing Operation Net Minority Interest": 365000000.0,
        "Reconciled Depreciation": 32000000.0,
        "EBIT": 594000000.0,
        "Net Interest Income": -138000000.0,
        "Interest Expense": 138000000.0,
        "Interest Income": 640000000.0,
        "Normalized Income": 184732000.0,
        "Net Income From Continuing And Discontinued Operation": 365000000.0,
        "Total Expenses": 3268000000.0,
        "Diluted Average Shares": 612600000.0,
        "Basic Average Shares": 611600000.0,
        "Diluted EPS": 0.59,
        "Basic EPS": 0.6,
        "Diluted NI Availto Com Stockholders": 365000000.0,
        "Net Income Common Stockholders": 365000000.0,
        "Net Income": 365000000.0,
        "Minority Interests": 24000000.0,
        "Net Income Including Noncontrolling Interests": 341000000.0,
        "Net Income Continuous Operations": 341000000.0,
        "Tax Provision": 115000000.0,
        "Pretax Income": 456000000.0,
        "Other Income Expense": 77000000.0,
        "Special Income Charges": 241000000.0,
        "Other Special Charges": -241000000.0,
        "Net Non Operating Interest Income Expense": -138000000.0,
        "Interest Expense Non Operating": 138000000.0,
        "Other Operating Expenses": 39000000.0,
        "Selling General And Administration": 532000000.0,
        "General And Administrative Expense": 532000000.0,
        "Other Gand A": 532000000.0,
        "Total Revenue": 3724000000.0,
        "Operating Revenue": 3724000000.0,
        "Loss Adjustment Expense": 1049000000.0,
        "Net Policyholder Benefits And Claims": 1049000000.0,
        "Policyholder Benefits Gross": 1049000000.0
    }
}