{
    "2023-06-30": {
        "Tax Effect Of Unusual Items": 8680000.0,
        "Tax Rate For Calcs": 0.28,
        "Normalized EBITDA": 174000000.0,
        "Total Unusual Items": 31000000.0,
        "Total Unusual Items Excluding Goodwill": 31000000.0,
        "Net Income From Continuing Operation Net Minority Interest": 97000000.0,
        "Reconciled Depreciation": 56000000.0,
        "Reconciled Cost Of Revenue": 290000000.0,
        "EBITDA": 205000000.0,
        "EBIT": 149000000.0,
        "Net Interest Income": -7000000.0,
        "Interest Expense": 14000000.0,
        "Interest Income": 7000000.0,
        "Normalized Income": 74680000.0,
        "Net Income From Continuing And Discontinued Operation": 97000000.0,
        "Total Expenses": 444000000.0,
        "Total Operating Income As Reported": 147000000.0,
        "Diluted Average Shares": 71900000.0,
        "Basic Average Shares": 69700000.0,
        "Diluted EPS": 1.35,
        "Basic EPS": 1.39,
        "Diluted NI Availto Com Stockholders": 97000000.0,
        "Net Income Common Stockholders": 97000000.0,
        "Net Income": 97000000.0,
        "Minority Interests": NaN,
        "Net Income Including Noncontrolling Interests": 97000000.0,
        "Net Income Continuous Operations": 97000000.0,
        "Tax Provision": 38000000.0,
        "Pretax Income": 135000000.0,
        "Other Income Expense": 33000000.0,
        "Other Non Operating Income Expenses": 3000000.0,
        "Special Income Charges": 0.0,
        "Gain On Sale Of Ppe": 0.0,
        "Impairment Of Capital Assets": 0.0,
        "Restructuring And Mergern Acquisition": NaN,
        "Earnings From Equity Interest": -1000000.0,
        "Gain On Sale Of Security": 31000000.0,
        "Net Non Operating Interest Income Expense": -7000000.0,
        "Interest Expense Non Operating": 14000000.0,
        "Interest Income Non Operating": 7000000.0,
        "Operating Income": 109000000.0,
        "Operating Expense": 154000000.0,
        "Other Operating Expenses": 41000000.0,
        "Other Taxes": 42000000.0,
        "Selling General And Administration": 71000000.0,
        "General And Administrative Expense": 71000000.0,
        "Other Gand A": 71000000.0,
        "Gross Profit": 263000000.0,
        "Cost Of Revenue": 290000000.0,
        "Total Revenue": 553000000.0,
        "Operating Revenue": 519000000.0
    },
    "2023-03-31": {
        "Tax Effect Of Unusual Items": NaN,
        "Tax Rate For Calcs": NaN,
        "Normalized EBITDA": NaN,
        "Total Unusual Items": NaN,
        "Total Unusual Items Excluding Goodwill": NaN,
        "Net Income From Continuing Operation Net Minority Interest": NaN,
        "Reconciled Depreciation": NaN,
        "Reconciled Cost Of Revenue": NaN,
        "EBITDA": NaN,
        "EBIT": NaN,
        "Net Interest Income": NaN,
        "Interest Expense": NaN,
        "Interest Income": 12000000.0,
        "Normalized Income": NaN,
        "Net Income From Continuing And Discontinued Operation": NaN,
        "Total Expenses": NaN,
        "Total Operating Income As Reported": NaN,
        "Diluted Average Shares": 73500000.0,
        "Basic Average Shares": 71300000.0,
        "Diluted EPS": 4.09,
        "Basic EPS": 4.22,
        "Diluted NI Availto Com Stockholders": NaN,
        "Net Income Common Stockholders": NaN,
        "Net Income": NaN,
        "Minority Interests": NaN,
        "Net Income Including Noncontrolling Interests": NaN,
        "Net Income Continuous Operations": NaN,
        "Tax Provision": NaN,
        "Pretax Income": NaN,
        "Other Income Expense": NaN,
        "Other Non Operating Income Expenses": NaN,
        "Special Income Charges": NaN,
        "Gain On Sale Of Ppe": NaN,
        "Impairment Of Capital Assets": NaN,
        "Restructuring And Mergern Acquisition": NaN,
        "Earnings From Equity Interest": NaN,
        "Gain On Sale Of Security": NaN,
        "Net Non Operating Interest Income Expense": NaN,
        "Interest Expense Non Operating": NaN,
        "Interest Income Non Operating": 12000000.0,
        "Operating Income": NaN,
        "Operating Expense": NaN,
        "Other Operating Expenses": NaN,
        "Other Taxes": NaN,
        "Selling General And Administration": NaN,
        "General And Administrative Expense": NaN,
        "Other Gand A": NaN,
        "Gross Profit": NaN,
        "Cost Of Revenue": NaN,
        "Total Revenue": NaN,
        "Operating Revenue": NaN
    },
    "2022-12-31": {
        "Tax Effect Of Unusual Items": NaN,
        "Tax Rate For Calcs": NaN,
        "Normalized EBITDA": NaN,
        "Total Unusual Items": NaN,
        "Total Unusual Items Excluding Goodwill": NaN,
        "Net Income From Continuing Operation Net Minority Interest": NaN,
        "Reconciled Depreciation": NaN,
        "Reconciled Cost Of Revenue": NaN,
        "EBITDA": NaN,
        "EBIT": NaN,
        "Net Interest Income": NaN,
        "Interest Expense": NaN,
        "Interest Income": NaN,
        "Normalized Income": NaN,
        "Net Income From Continuing And Discontinued Operation": NaN,
        "Total Expenses": NaN,
        "Total Operating Income As Reported": NaN,
        "Diluted Average Shares": NaN,
        "Basic Average Shares": NaN,
        "Diluted EPS": NaN,
        "Basic EPS": NaN,
        "Diluted NI Availto Com Stockholders": NaN,
        "Net Income Common Stockholders": NaN,
        "Net Income": NaN,
        "Minority Interests": 0.0,
        "Net Income Including Noncontrolling Interests": NaN,
        "Net Income Continuous Operations": NaN,
        "Tax Provision": NaN,
        "Pretax Income": NaN,
        "Other Income Expense": NaN,
        "Other Non Operating Income Expenses": NaN,
        "Special Income Charges": NaN,
        "Gain On Sale Of Ppe": NaN,
        "Impairment Of Capital Assets": NaN,
        "Restructuring And Mergern Acquisition": 0.0,
        "Earnings From Equity Interest": NaN,
        "Gain On Sale Of Security": NaN,
        "Net Non Operating Interest Income Expense": NaN,
        "Interest Expense Non Operating": NaN,
        "Interest Income Non Operating": NaN,
        "Operating Income": NaN,
        "Operating Expense": NaN,
        "Other Operating Expenses": NaN,
        "Other Taxes": NaN,
        "Selling General And Administration": NaN,
        "General And Administrative Expense": NaN,
        "Other Gand A": NaN,
        "Gross Profit": NaN,
        "Cost Of Revenue": NaN,
        "Total Revenue": NaN,
        "Operating Revenue": NaN
    },
    "2022-09-30": {
        "Tax Effect Of Unusual Items": NaN,
        "Tax Rate For Calcs": NaN,
        "Normalized EBITDA": NaN,
        "Total Unusual Items": NaN,
        "Total Unusual Items Excluding Goodwill": NaN,
        "Net Income From Continuing Operation Net Minority Interest": NaN,
        "Reconciled Depreciation": NaN,
        "Reconciled Cost Of Revenue": NaN,
        "EBITDA": NaN,
        "EBIT": NaN,
        "Net Interest Income": NaN,
        "Interest Expense": NaN,
        "Interest Income": NaN,
        "Normalized Income": NaN,
        "Net Income From Continuing And Discontinued Operation": NaN,
        "Total Expenses": NaN,
        "Total Operating Income As Reported": NaN,
        "Diluted Average Shares": NaN,
        "Basic Average Shares": NaN,
        "Diluted EPS": NaN,
        "Basic EPS": NaN,
        "Diluted NI Availto Com Stockholders": NaN,
        "Net Income Common Stockholders": NaN,
        "Net Income": NaN,
        "Minority Interests": 0.0,
        "Net Income Including Noncontrolling Interests": NaN,
        "Net Income Continuous Operations": NaN,
        "Tax Provision": NaN,
        "Pretax Income": NaN,
        "Other Income Expense": NaN,
        "Other Non Operating Income Expenses": NaN,
        "Special Income Charges": NaN,
        "Gain On Sale Of Ppe": NaN,
        "Impairment Of Capital Assets": NaN,
        "Restructuring And Mergern Acquisition": 0.0,
        "Earnings From Equity Interest": NaN,
        "Gain On Sale Of Security": NaN,
        "Net Non Operating Interest Income Expense": NaN,
        "Interest Expense Non Operating": NaN,
        "Interest Income Non Operating": NaN,
        "Operating Income": NaN,
        "Operating Expense": NaN,
        "Other Operating Expenses": NaN,
        "Other Taxes": NaN,
        "Selling General And Administration": NaN,
        "General And Administrative Expense": NaN,
        "Other Gand A": NaN,
        "Gross Profit": NaN,
        "Cost Of Revenue": NaN,
        "Total Revenue": NaN,
        "Operating Revenue": NaN
    },
    "2022-06-30": {
        "Tax Effect Of Unusual Items": -28420000.0,
        "Tax Rate For Calcs": 0.29,
        "Normalized EBITDA": 377000000.0,
        "Total Unusual Items": -98000000.0,
        "Total Unusual Items Excluding Goodwill": -98000000.0,
        "Net Income From Continuing Operation Net Minority Interest": 190000000.0,
        "Reconciled Depreciation": 50000000.0,
        "Reconciled Cost Of Revenue": 352000000.0,
        "EBITDA": 279000000.0,
        "EBIT": 279000000.0,
        "Net Interest Income": -13000000.0,
        "Interest Expense": 13000000.0,
        "Normalized Income": 259580000.0,
        "Net Income From Continuing And Discontinued Operation": 190000000.0,
        "Total Expenses": 471000000.0,
        "Total Operating Income As Reported": 278000000.0,
        "Diluted Average Shares": 78800000.0,
        "Basic Average Shares": 76700000.0,
        "Diluted EPS": 2.41,
        "Basic EPS": 2.48,
        "Diluted NI Availto Com Stockholders": 190000000.0,
        "Net Income Common Stockholders": 190000000.0,
        "Net Income": 190000000.0,
        "Minority Interests": 0.0,
        "Net Income Including Noncontrolling Interests": 190000000.0,
        "Net Income Continuous Operations": 190000000.0,
        "Tax Provision": 76000000.0,
        "Pretax Income": 266000000.0,
        "Other Income Expense": -97000000.0,
        "Other Non Operating Income Expenses": 1000000.0,
        "Special Income Charges": 2000000.0,
        "Gain On Sale Of Ppe": 4000000.0,
        "Impairment Of Capital Assets": 2000000.0,
        "Restructuring And Mergern Acquisition": 0.0,
        "Earnings From Equity Interest": NaN,
        "Gain On Sale Of Security": -100000000.0,
        "Net Non Operating Interest Income Expense": -13000000.0,
        "Interest Expense Non Operating": 13000000.0,
        "Operating Income": 376000000.0,
        "Operating Expense": 119000000.0,
        "Other Operating Expenses": 21000000.0,
        "Other Taxes": 42000000.0,
        "Selling General And Administration": 56000000.0,
        "General And Administrative Expense": 56000000.0,
        "Other Gand A": 56000000.0,
        "Gross Profit": 495000000.0,
        "Cost Of Revenue": 352000000.0,
        "Total Revenue": 847000000.0,
        "Operating Revenue": 793000000.0
    },
    "2022-03-31": {
        "Diluted EPS": -2.23,
        "Total Revenue": 153,
        "Gross Profit": -74,
        "Operating Income": -189,
        "EBIT": -140,
        "Net Income": -175
    },
    "2021-12-31": {
        "Diluted EPS": 8.59,
        "Total Revenue": 634,
        "Gross Profit": 374,
        "Operating Income": 334,
        "EBIT": 387,
        "Net Income": 714
    },
    "2021-09-30": {
        "Diluted EPS": 1.25,
        "Total Revenue": 588,
        "Gross Profit": 316,
        "Operating Income": 122,
        "EBIT": 176,
        "Net Income": 103
    },
    "2021-06-30": {
        "Diluted EPS": -1.34,
        "Total Revenue": 304,
        "Gross Profit": 88,
        "Operating Income": -90,
        "EBIT": -36,
        "Net Income": -111
    },
    "2021-03-31": {
        "Diluted EPS": -1.13,
        "Total Revenue": 363,
        "Gross Profit": 114,
        "Operating Income": -73,
        "EBIT": -21,
        "Net Income": -94
    },
    "2020-12-31": {
        "Diluted EPS": 60.9,
        "Total Revenue": 301,
        "Gross Profit": 18,
        "Operating Income": -108,
        "EBIT": -42,
        "Net Income": NaN
    },
    "2020-09-30": {
        "Diluted EPS": 2.2,
        "Total Revenue": 409,
        "Gross Profit": 251,
        "Operating Income": -13,
        "EBIT": 70,
        "Net Income": 109
    },
    "2020-06-30": {
        "Diluted EPS": -5.47,
        "Total Revenue": 276,
        "Gross Profit": 135,
        "Operating Income": -115,
        "EBIT": -43,
        "Net Income": -271
    },
    "2020-03-31": {
        "Diluted EPS": -36.43,
        "Total Revenue": 573,
        "Gross Profit": 365,
        "Operating Income": NaN,
        "EBIT": NaN,
        "Net Income": NaN
    },
    "2019-12-31": {
        "Diluted EPS": -1.32,
        "Total Revenue": 610,
        "Gross Profit": 148,
        "Operating Income": 102,
        "EBIT": 200,
        "Net Income": -67
    },
    "2019-09-30": {
        "Diluted EPS": 1.89,
        "Total Revenue": 681,
        "Gross Profit": 442,
        "Operating Income": 148,
        "EBIT": 248,
        "Net Income": 94
    },
    "2019-06-30": {
        "Diluted EPS": 0.24,
        "Total Revenue": 653,
        "Gross Profit": 423,
        "Operating Income": 122,
        "EBIT": 225,
        "Net Income": 12
    },
    "2019-03-31": {
        "Diluted EPS": -1.38,
        "Total Revenue": 690,
        "Gross Profit": 457,
        "Operating Income": 57,
        "EBIT": 157,
        "Net Income": -67
    },
    "2018-12-31": {
        "Diluted EPS": 7.2,
        "Total Revenue": NaN,
        "Gross Profit": 784,
        "Operating Income": 465,
        "EBIT": 577,
        "Net Income": 347
    },
    "2018-09-30": {
        "Diluted EPS": 1.32,
        "Total Revenue": 828,
        "Gross Profit": 592,
        "Operating Income": 185,
        "EBIT": 293,
        "Net Income": 65
    },
    "2018-06-30": {
        "Diluted EPS": -1.7,
        "Total Revenue": 549,
        "Gross Profit": 318,
        "Operating Income": 11,
        "EBIT": 117,
        "Net Income": -82
    },
    "2018-03-31": {
        "Diluted EPS": -0.05,
        "Total Revenue": 609,
        "Gross Profit": 397,
        "Operating Income": 108,
        "EBIT": 208,
        "Net Income": -2
    },
    "2017-12-31": {
        "Diluted EPS": -3.24,
        "Total Revenue": 455,
        "Gross Profit": 228,
        "Operating Income": -38,
        "EBIT": 75,
        "Net Income": -138
    },
    "2017-09-30": {
        "Diluted EPS": -3.11,
        "Total Revenue": 445,
        "Gross Profit": 223,
        "Operating Income": -45,
        "EBIT": 71,
        "Net Income": -133
    },
    "2017-06-30": {
        "Diluted EPS": -1.13,
        "Total Revenue": 516,
        "Gross Profit": 300,
        "Operating Income": 41,
        "EBIT": 160,
        "Net Income": -48
    },
    "2017-03-31": {
        "Diluted EPS": 1.22,
        "Total Revenue": 590,
        "Gross Profit": 379,
        "Operating Income": 115,
        "EBIT": 237,
        "Net Income": 53
    },
    "2016-12-31": {
        "Diluted EPS": -1.47,
        "Total Revenue": 452,
        "Gross Profit": 235,
        "Operating Income": 10,
        "EBIT": 129,
        "Net Income": -63
    },
    "2016-09-30": {
        "Diluted EPS": 13.04,
        "Total Revenue": 456,
        "Gross Profit": 245,
        "Operating Income": -19,
        "EBIT": 94,
        "Net Income": 532
    },
    "2016-06-30": {
        "Diluted EPS": -3.51,
        "Total Revenue": 317,
        "Gross Profit": 129,
        "Operating Income": -141,
        "EBIT": -17,
        "Net Income": -140
    },
    "2016-03-31": {
        "Diluted EPS": -1.3,
        "Total Revenue": 322,
        "Gross Profit": 138,
        "Operating Income": -143,
        "EBIT": -11,
        "Net Income": -50
    },
    "2015-12-31": {
        "Diluted EPS": -88.03,
        "Total Revenue": 566,
        "Gross Profit": 345,
        "Operating Income": NaN,
        "EBIT": NaN,
        "Net Income": NaN
    },
    "2015-09-30": {
        "Diluted EPS": -2.72,
        "Total Revenue": 626,
        "Gross Profit": 380,
        "Operating Income": -49,
        "EBIT": 204,
        "Net Income": -104
    },
    "2015-06-30": {
        "Diluted EPS": -1.78,
        "Total Revenue": 634,
        "Gross Profit": 392,
        "Operating Income": -4,
        "EBIT": 247,
        "Net Income": -68
    },
    "2015-03-31": {
        "Diluted EPS": -0.26,
        "Total Revenue": 577,
        "Gross Profit": 335,
        "Operating Income": -66,
        "EBIT": 187,
        "Net Income": -100
    },
    "2014-12-31": {
        "Diluted EPS": -39.22,
        "Total Revenue": 820,
        "Gross Profit": 560,
        "Operating Income": NaN,
        "EBIT": NaN,
        "Net Income": NaN
    },
    "2014-09-30": {
        "Diluted EPS": 0.48,
        "Total Revenue": NaN,
        "Gross Profit": 821,
        "Operating Income": 358,
        "EBIT": 662,
        "Net Income": 188
    },
    "2014-06-30": {
        "Diluted EPS": 0.63,
        "Total Revenue": NaN,
        "Gross Profit": 870,
        "Operating Income": 436,
        "EBIT": 729,
        "Net Income": 242
    },
    "2014-03-31": {
        "Diluted EPS": 0.57,
        "Total Revenue": NaN,
        "Gross Profit": 865,
        "Operating Income": 416,
        "EBIT": 705,
        "Net Income": 219
    },
    "2013-09-30": {
        "Diluted EPS": 0.61,
        "Total Revenue": NaN,
        "Gross Profit": 863,
        "Operating Income": 429,
        "EBIT": 429,
        "Net Income": 235
    },
    "2023-09-30": {
        "Tax Effect Of Unusual Items": -55080000.0,
        "Tax Rate For Calcs": 0.27,
        "Normalized EBITDA": 245000000.0,
        "Total Unusual Items": -204000000.0,
        "Total Unusual Items Excluding Goodwill": -204000000.0,
        "Net Income From Continuing Operation Net Minority Interest": -22000000.0,
        "Reconciled Depreciation": 56000000.0,
        "Reconciled Cost Of Revenue": 306000000.0,
        "EBITDA": 41000000.0,
        "EBIT": -15000000.0,
        "Net Interest Income": -15000000.0,
        "Interest Expense": 15000000.0,
        "Interest Income": NaN,
        "Normalized Income": 126920000.0,
        "Net Income From Continuing And Discontinued Operation": -22000000.0,
        "Total Expenses": 475000000.0,
        "Total Operating Income As Reported": -15000000.0,
        "Diluted Average Shares": 68700000.0,
        "Basic Average Shares": 68700000.0,
        "Diluted EPS": -0.32,
        "Basic EPS": -0.32,
        "Diluted NI Availto Com Stockholders": -22000000.0,
        "Net Income Common Stockholders": -22000000.0,
        "Net Income": -22000000.0,
        "Minority Interests": NaN,
        "Net Income Including Noncontrolling Interests": -22000000.0,
        "Net Income Continuous Operations": -22000000.0,
        "Tax Provision": -8000000.0,
        "Pretax Income": -30000000.0,
        "Other Income Expense": -204000000.0,
        "Other Non Operating Income Expenses": 3000000.0,
        "Special Income Charges": 0.0,
        "Gain On Sale Of Ppe": 0.0,
        "Impairment Of Capital Assets": 0.0,
        "Restructuring And Mergern Acquisition": NaN,
        "Earnings From Equity Interest": -3000000.0,
        "Gain On Sale Of Security": -204000000.0,
        "Net Non Operating Interest Income Expense": -15000000.0,
        "Interest Expense Non Operating": 15000000.0,
        "Interest Income Non Operating": NaN,
        "Operating Income": 189000000.0,
        "Operating Expense": 169000000.0,
        "Other Operating Expenses": 56000000.0,
        "Other Taxes": 48000000.0,
        "Selling General And Administration": 65000000.0,
        "General And Administrative Expense": 65000000.0,
        "Other Gand A": 65000000.0,
        "Gross Profit": 358000000.0,
        "Cost Of Revenue": 306000000.0,
        "Total Revenue": 664000000.0,
        "Operating Revenue": 588000000.0
    },
    "2023-12-31": {
        "Tax Effect Of Unusual Items": 42310861.423221,
        "Tax Rate For Calcs": 0.29588,
        "Normalized EBITDA": 192000000.0,
        "Total Unusual Items": 143000000.0,
        "Total Unusual Items Excluding Goodwill": 143000000.0,
        "Net Income From Continuing Operation Net Minority Interest": 188000000.0,
        "Reconciled Depreciation": 55000000.0,
        "Reconciled Cost Of Revenue": 335000000.0,
        "EBITDA": 335000000.0,
        "EBIT": 280000000.0,
        "Net Interest Income": -13000000.0,
        "Interest Expense": 13000000.0,
        "Interest Income": NaN,
        "Normalized Income": 87310861.423221,
        "Net Income From Continuing And Discontinued Operation": 188000000.0,
        "Total Expenses": 468000000.0,
        "Total Operating Income As Reported": 283000000.0,
        "Diluted Average Shares": NaN,
        "Basic Average Shares": NaN,
        "Diluted EPS": NaN,
        "Basic EPS": NaN,
        "Diluted NI Availto Com Stockholders": 188000000.0,
        "Net Income Common Stockholders": 188000000.0,
        "Net Income": 188000000.0,
        "Minority Interests": NaN,
        "Net Income Including Noncontrolling Interests": 188000000.0,
        "Net Income Continuous Operations": 188000000.0,
        "Tax Provision": 79000000.0,
        "Pretax Income": 267000000.0,
        "Other Income Expense": 141000000.0,
        "Other Non Operating Income Expenses": 1000000.0,
        "Special Income Charges": 24000000.0,
        "Gain On Sale Of Ppe": 25000000.0,
        "Impairment Of Capital Assets": 0.0,
        "Restructuring And Mergern Acquisition": NaN,
        "Earnings From Equity Interest": -3000000.0,
        "Gain On Sale Of Security": 119000000.0,
        "Net Non Operating Interest Income Expense": -13000000.0,
        "Interest Expense Non Operating": 13000000.0,
        "Interest Income Non Operating": NaN,
        "Operating Income": 139000000.0,
        "Operating Expense": 133000000.0,
        "Other Operating Expenses": 34000000.0,
        "Other Taxes": 33000000.0,
        "Selling General And Administration": 66000000.0,
        "General And Administrative Expense": 66000000.0,
        "Other Gand A": 66000000.0,
        "Gross Profit": 272000000.0,
        "Cost Of Revenue": 335000000.0,
        "Total Revenue": 607000000.0,
        "Operating Revenue": 550000000.0
    },
    "2024-03-31": {
        "Tax Effect Of Unusual Items": -13650000.0,
        "Tax Rate For Calcs": 0.21,
        "Normalized EBITDA": 112000000.0,
        "Total Unusual Items": -65000000.0,
        "Total Unusual Items Excluding Goodwill": -65000000.0,
        "Net Income From Continuing Operation Net Minority Interest": -10000000.0,
        "Reconciled Depreciation": 53000000.0,
        "Reconciled Cost Of Revenue": 299000000.0,
        "EBITDA": 47000000.0,
        "EBIT": -6000000.0,
        "Net Interest Income": -6000000.0,
        "Interest Expense": 13000000.0,
        "Interest Income": 7000000.0,
        "Normalized Income": 41350000.0,
        "Net Income From Continuing And Discontinued Operation": -10000000.0,
        "Total Expenses": 464000000.0,
        "Total Operating Income As Reported": -4000000.0,
        "Diluted Average Shares": 69000000.0,
        "Basic Average Shares": 69000000.0,
        "Diluted EPS": -0.14,
        "Basic EPS": -0.14,
        "Diluted NI Availto Com Stockholders": -10000000.0,
        "Net Income Common Stockholders": -10000000.0,
        "Net Income": -10000000.0,
        "Minority Interests": NaN,
        "Net Income Including Noncontrolling Interests": -10000000.0,
        "Net Income Continuous Operations": -10000000.0,
        "Tax Provision": -9000000.0,
        "Pretax Income": -19000000.0,
        "Other Income Expense": -67000000.0,
        "Other Non Operating Income Expenses": 1000000.0,
        "Special Income Charges": 6000000.0,
        "Gain On Sale Of Ppe": 6000000.0,
        "Impairment Of Capital Assets": 0.0,
        "Restructuring And Mergern Acquisition": NaN,
        "Earnings From Equity Interest": -3000000.0,
        "Gain On Sale Of Security": -71000000.0,
        "Net Non Operating Interest Income Expense": -6000000.0,
        "Interest Expense Non Operating": 13000000.0,
        "Interest Income Non Operating": 7000000.0,
        "Operating Income": 54000000.0,
        "Operating Expense": 165000000.0,
        "Other Operating Expenses": 70000000.0,
        "Other Taxes": 38000000.0,
        "Selling General And Administration": 57000000.0,
        "General And Administrative Expense": 57000000.0,
        "Other Gand A": 57000000.0,
        "Gross Profit": 219000000.0,
        "Cost Of Revenue": 299000000.0,
        "Total Revenue": 518000000.0,
        "Operating Revenue": 503000000.0
    },
    "2024-06-30": {
        "Tax Effect Of Unusual Items": -1890000.0,
        "Tax Rate For Calcs": 0.27,
        "Normalized EBITDA": 88000000.0,
        "Total Unusual Items": -7000000.0,
        "Total Unusual Items Excluding Goodwill": -7000000.0,
        "Net Income From Continuing Operation Net Minority Interest": 8000000.0,
        "Reconciled Depreciation": 53000000.0,
        "Reconciled Cost Of Revenue": 281000000.0,
        "EBITDA": 81000000.0,
        "EBIT": 28000000.0,
        "Net Interest Income": -7000000.0,
        "Interest Expense": 17000000.0,
        "Interest Income": 10000000.0,
        "Normalized Income": 13110000.0,
        "Net Income From Continuing And Discontinued Operation": 8000000.0,
        "Total Expenses": 464000000.0,
        "Total Operating Income As Reported": 38000000.0,
        "Diluted Average Shares": 70000000.0,
        "Basic Average Shares": 68100000.0,
        "Diluted EPS": 0.11,
        "Basic EPS": 0.12,
        "Diluted NI Availto Com Stockholders": 8000000.0,
        "Net Income Common Stockholders": 8000000.0,
        "Net Income": 8000000.0,
        "Minority Interests": NaN,
        "Net Income Including Noncontrolling Interests": 8000000.0,
        "Net Income Continuous Operations": 8000000.0,
        "Tax Provision": 3000000.0,
        "Pretax Income": 11000000.0,
        "Other Income Expense": -17000000.0,
        "Other Non Operating Income Expenses": -6000000.0,
        "Special Income Charges": -12000000.0,
        "Gain On Sale Of Ppe": 1000000.0,
        "Impairment Of Capital Assets": 13000000.0,
        "Restructuring And Mergern Acquisition": NaN,
        "Earnings From Equity Interest": -4000000.0,
        "Gain On Sale Of Security": 5000000.0,
        "Net Non Operating Interest Income Expense": -7000000.0,
        "Interest Expense Non Operating": 17000000.0,
        "Interest Income Non Operating": 10000000.0,
        "Operating Income": 35000000.0,
        "Operating Expense": 183000000.0,
        "Other Operating Expenses": 81000000.0,
        "Other Taxes": 39000000.0,
        "Selling General And Administration": 63000000.0,
        "General And Administrative Expense": 63000000.0,
        "Other Gand A": 63000000.0,
        "Gross Profit": 218000000.0,
        "Cost Of Revenue": 281000000.0,
        "Total Revenue": 499000000.0,
        "Operating Revenue": 463000000.0
    }
}