{
    "2023-03-31": {
        "Tax Effect Of Unusual Items": NaN,
        "Tax Rate For Calcs": NaN,
        "Normalized EBITDA": NaN,
        "Net Income From Continuing Operation Net Minority Interest": NaN,
        "Reconciled Depreciation": NaN,
        "Reconciled Cost Of Revenue": NaN,
        "EBITDA": NaN,
        "EBIT": NaN,
        "Net Interest Income": 1674000.0,
        "Interest Expense": 79000.0,
        "Interest Income": 1753000.0,
        "Normalized Income": NaN,
        "Net Income From Continuing And Discontinued Operation": NaN,
        "Total Expenses": NaN,
        "Total Operating Income As Reported": NaN,
        "Diluted Average Shares": NaN,
        "Basic Average Shares": NaN,
        "Diluted EPS": NaN,
        "Basic EPS": NaN,
        "Diluted NI Availto Com Stockholders": NaN,
        "Net Income Common Stockholders": NaN,
        "Net Income": NaN,
        "Net Income Including Noncontrolling Interests": NaN,
        "Net Income Continuous Operations": NaN,
        "Tax Provision": NaN,
        "Pretax Income": NaN,
        "Other Income Expense": NaN,
        "Other Non Operating Income Expenses": NaN,
        "Net Non Operating Interest Income Expense": 1674000.0,
        "Interest Expense Non Operating": 79000.0,
        "Interest Income Non Operating": 1753000.0,
        "Operating Income": NaN,
        "Operating Expense": NaN,
        "Research And Development": NaN,
        "Selling General And Administration": NaN,
        "Selling And Marketing Expense": NaN,
        "General And Administrative Expense": NaN,
        "Other Gand A": NaN,
        "Gross Profit": NaN,
        "Cost Of Revenue": NaN,
        "Total Revenue": NaN,
        "Operating Revenue": NaN
    },
    "2022-12-31": {
        "Tax Effect Of Unusual Items": NaN,
        "Tax Rate For Calcs": NaN,
        "Normalized EBITDA": NaN,
        "Net Income From Continuing Operation Net Minority Interest": NaN,
        "Reconciled Depreciation": NaN,
        "Reconciled Cost Of Revenue": NaN,
        "EBITDA": NaN,
        "EBIT": NaN,
        "Net Interest Income": NaN,
        "Interest Expense": NaN,
        "Interest Income": NaN,
        "Normalized Income": NaN,
        "Net Income From Continuing And Discontinued Operation": NaN,
        "Total Expenses": NaN,
        "Total Operating Income As Reported": NaN,
        "Diluted Average Shares": 219710235.0,
        "Basic Average Shares": 215658921.0,
        "Diluted EPS": 0.05,
        "Basic EPS": 0.05,
        "Diluted NI Availto Com Stockholders": NaN,
        "Net Income Common Stockholders": NaN,
        "Net Income": NaN,
        "Net Income Including Noncontrolling Interests": NaN,
        "Net Income Continuous Operations": NaN,
        "Tax Provision": NaN,
        "Pretax Income": NaN,
        "Other Income Expense": NaN,
        "Other Non Operating Income Expenses": NaN,
        "Net Non Operating Interest Income Expense": NaN,
        "Interest Expense Non Operating": NaN,
        "Interest Income Non Operating": NaN,
        "Operating Income": NaN,
        "Operating Expense": NaN,
        "Research And Development": NaN,
        "Selling General And Administration": NaN,
        "Selling And Marketing Expense": NaN,
        "General And Administrative Expense": NaN,
        "Other Gand A": NaN,
        "Gross Profit": NaN,
        "Cost Of Revenue": NaN,
        "Total Revenue": NaN,
        "Operating Revenue": NaN
    },
    "2022-09-30": {
        "Tax Effect Of Unusual Items": 0.0,
        "Tax Rate For Calcs": 0.295197,
        "Normalized EBITDA": 25133000.0,
        "Net Income From Continuing Operation Net Minority Interest": 12444000.0,
        "Reconciled Depreciation": 7712000.0,
        "Reconciled Cost Of Revenue": 95162000.0,
        "EBITDA": 25133000.0,
        "EBIT": 17421000.0,
        "Normalized Income": 12444000.0,
        "Net Income From Continuing And Discontinued Operation": 12444000.0,
        "Total Expenses": 159575000.0,
        "Total Operating Income As Reported": 17421000.0,
        "Diluted Average Shares": 220353807.0,
        "Basic Average Shares": 215347882.0,
        "Diluted EPS": 0.06,
        "Basic EPS": 0.06,
        "Diluted NI Availto Com Stockholders": 12444000.0,
        "Net Income Common Stockholders": 12444000.0,
        "Net Income": 12444000.0,
        "Net Income Including Noncontrolling Interests": 12444000.0,
        "Net Income Continuous Operations": 12444000.0,
        "Tax Provision": 5212000.0,
        "Pretax Income": 17656000.0,
        "Other Income Expense": 235000.0,
        "Other Non Operating Income Expenses": 235000.0,
        "Operating Income": 17421000.0,
        "Operating Expense": 64413000.0,
        "Research And Development": 18747000.0,
        "Selling General And Administration": 45666000.0,
        "Selling And Marketing Expense": 29165000.0,
        "General And Administrative Expense": 16501000.0,
        "Other Gand A": 16501000.0,
        "Gross Profit": 81834000.0,
        "Cost Of Revenue": 95162000.0,
        "Total Revenue": 176996000.0,
        "Operating Revenue": 176996000.0
    },
    "2022-06-30": {
        "Tax Effect Of Unusual Items": 0.0,
        "Tax Rate For Calcs": 0.320574,
        "Normalized EBITDA": 20029000.0,
        "Net Income From Continuing Operation Net Minority Interest": 13827000.0,
        "Reconciled Depreciation": 6099000.0,
        "Reconciled Cost Of Revenue": 98329000.0,
        "EBITDA": 20029000.0,
        "EBIT": 20029000.0,
        "Normalized Income": 13827000.0,
        "Net Income From Continuing And Discontinued Operation": 13827000.0,
        "Total Expenses": 163728000.0,
        "Total Operating Income As Reported": 20029000.0,
        "Diluted Average Shares": 220791640.0,
        "Basic Average Shares": 214852256.0,
        "Diluted EPS": 0.06,
        "Basic EPS": 0.06,
        "Diluted NI Availto Com Stockholders": 13827000.0,
        "Net Income Common Stockholders": 13827000.0,
        "Net Income": 13827000.0,
        "Net Income Including Noncontrolling Interests": 13827000.0,
        "Net Income Continuous Operations": 13827000.0,
        "Tax Provision": 6524000.0,
        "Pretax Income": 20351000.0,
        "Other Income Expense": 322000.0,
        "Other Non Operating Income Expenses": 322000.0,
        "Operating Income": 20029000.0,
        "Operating Expense": 65399000.0,
        "Research And Development": 20055000.0,
        "Selling General And Administration": 45344000.0,
        "Selling And Marketing Expense": 31516000.0,
        "General And Administrative Expense": 13828000.0,
        "Other Gand A": 13828000.0,
        "Gross Profit": 85428000.0,
        "Cost Of Revenue": 98329000.0,
        "Total Revenue": 183757000.0,
        "Operating Revenue": 183757000.0
    },
    "2022-03-31": {
        "Diluted EPS": 0.11,
        "Total Revenue": 245,
        "Gross Profit": 99,
        "Operating Income": 31,
        "EBIT": 37,
        "Net Income": 24
    },
    "2021-12-31": {
        "Diluted EPS": 0.05,
        "Total Revenue": 388,
        "Gross Profit": 105,
        "Operating Income": 26,
        "EBIT": 32,
        "Net Income": 12
    },
    "2021-09-30": {
        "Diluted EPS": 0.13,
        "Total Revenue": 260,
        "Gross Profit": 102,
        "Operating Income": 38,
        "EBIT": 43,
        "Net Income": 30
    },
    "2021-06-30": {
        "Diluted EPS": 0.22,
        "Total Revenue": 334,
        "Gross Profit": 130,
        "Operating Income": 64,
        "EBIT": 69,
        "Net Income": 49
    },
    "2021-03-31": {
        "Diluted EPS": 0.24,
        "Total Revenue": 324,
        "Gross Profit": 120,
        "Operating Income": 65,
        "EBIT": 69,
        "Net Income": 49
    },
    "2020-12-31": {
        "Diluted EPS": 0.29,
        "Total Revenue": 371,
        "Gross Profit": 125,
        "Operating Income": 80,
        "EBIT": 84,
        "Net Income": 61
    },
    "2020-09-30": {
        "Diluted EPS": 0.22,
        "Total Revenue": 209,
        "Gross Profit": 90,
        "Operating Income": 58,
        "EBIT": 61,
        "Net Income": 45
    },
    "2020-06-30": {
        "Diluted EPS": 0.17,
        "Total Revenue": 235,
        "Gross Profit": 73,
        "Operating Income": 46,
        "EBIT": 49,
        "Net Income": 35
    },
    "2020-03-31": {
        "Diluted EPS": 0.06,
        "Total Revenue": 144,
        "Gross Profit": 45,
        "Operating Income": 17,
        "EBIT": 21,
        "Net Income": 13
    },
    "2019-12-31": {
        "Diluted EPS": 0.0,
        "Total Revenue": NaN,
        "Gross Profit": NaN,
        "Operating Income": NaN,
        "EBIT": NaN,
        "Net Income": NaN
    },
    "2018-12-31": {
        "Diluted EPS": 0.0,
        "Total Revenue": NaN,
        "Gross Profit": NaN,
        "Operating Income": NaN,
        "EBIT": NaN,
        "Net Income": NaN
    },
    "2023-06-30": {
        "Tax Effect Of Unusual Items": 0.0,
        "Tax Rate For Calcs": 0.302,
        "Normalized EBITDA": 30511000.0,
        "Net Income From Continuing Operation Net Minority Interest": 16024000.0,
        "Reconciled Depreciation": 7490000.0,
        "Reconciled Cost Of Revenue": 90110000.0,
        "EBITDA": 30511000.0,
        "EBIT": 23021000.0,
        "Net Interest Income": 3038000.0,
        "Interest Expense": 80000.0,
        "Interest Income": 3118000.0,
        "Normalized Income": 16024000.0,
        "Net Income From Continuing And Discontinued Operation": 16024000.0,
        "Total Expenses": 158515000.0,
        "Total Operating Income As Reported": 19250000.0,
        "Diluted Average Shares": 219915839.0,
        "Basic Average Shares": 216963697.0,
        "Diluted EPS": 0.07,
        "Basic EPS": 0.07,
        "Diluted NI Availto Com Stockholders": 16024000.0,
        "Net Income Common Stockholders": 16024000.0,
        "Net Income": 16024000.0,
        "Net Income Including Noncontrolling Interests": 16024000.0,
        "Net Income Continuous Operations": 16024000.0,
        "Tax Provision": 6917000.0,
        "Pretax Income": 22941000.0,
        "Other Income Expense": 653000.0,
        "Other Non Operating Income Expenses": 653000.0,
        "Net Non Operating Interest Income Expense": 3038000.0,
        "Interest Expense Non Operating": 80000.0,
        "Interest Income Non Operating": 3118000.0,
        "Operating Income": 19250000.0,
        "Operating Expense": 68405000.0,
        "Research And Development": 16346000.0,
        "Selling General And Administration": 52059000.0,
        "Selling And Marketing Expense": 29407000.0,
        "General And Administrative Expense": 22652000.0,
        "Other Gand A": 22652000.0,
        "Gross Profit": 87655000.0,
        "Cost Of Revenue": 90110000.0,
        "Total Revenue": 177765000.0,
        "Operating Revenue": 177765000.0
    },
    "2023-09-30": {
        "Tax Effect Of Unusual Items": 0.0,
        "Tax Rate For Calcs": 0.324907,
        "Normalized EBITDA": 31381000.0,
        "Net Income From Continuing Operation Net Minority Interest": 17225000.0,
        "Reconciled Depreciation": 7694000.0,
        "Reconciled Cost Of Revenue": 92975000.0,
        "EBITDA": 31381000.0,
        "EBIT": 23687000.0,
        "Net Interest Income": NaN,
        "Interest Expense": NaN,
        "Interest Income": NaN,
        "Normalized Income": 17225000.0,
        "Net Income From Continuing And Discontinued Operation": 17225000.0,
        "Total Expenses": 151222000.0,
        "Total Operating Income As Reported": 23687000.0,
        "Diluted Average Shares": 220424691.0,
        "Basic Average Shares": 217737089.0,
        "Diluted EPS": 0.08,
        "Basic EPS": 0.08,
        "Diluted NI Availto Com Stockholders": 17225000.0,
        "Net Income Common Stockholders": 17225000.0,
        "Net Income": 17225000.0,
        "Net Income Including Noncontrolling Interests": 17225000.0,
        "Net Income Continuous Operations": 17225000.0,
        "Tax Provision": 8290000.0,
        "Pretax Income": 25515000.0,
        "Other Income Expense": 1828000.0,
        "Other Non Operating Income Expenses": 1828000.0,
        "Net Non Operating Interest Income Expense": NaN,
        "Interest Expense Non Operating": NaN,
        "Interest Income Non Operating": NaN,
        "Operating Income": 23687000.0,
        "Operating Expense": 58247000.0,
        "Research And Development": 15910000.0,
        "Selling General And Administration": 42337000.0,
        "Selling And Marketing Expense": 28375000.0,
        "General And Administrative Expense": 13962000.0,
        "Other Gand A": 13962000.0,
        "Gross Profit": 81934000.0,
        "Cost Of Revenue": 92975000.0,
        "Total Revenue": 174909000.0,
        "Operating Revenue": 174909000.0
    },
    "2023-12-31": {
        "Tax Effect Of Unusual Items": 0.0,
        "Tax Rate For Calcs": 0.389277,
        "Normalized EBITDA": 34607000.0,
        "Net Income From Continuing Operation Net Minority Interest": 11288000.0,
        "Reconciled Depreciation": 7967000.0,
        "Reconciled Cost Of Revenue": 134208000.0,
        "EBITDA": 34607000.0,
        "EBIT": 26640000.0,
        "Net Interest Income": NaN,
        "Interest Expense": NaN,
        "Interest Income": NaN,
        "Normalized Income": 11288000.0,
        "Net Income From Continuing And Discontinued Operation": 11288000.0,
        "Total Expenses": 214727000.0,
        "Total Operating Income As Reported": 16519000.0,
        "Diluted Average Shares": 218671797.0,
        "Basic Average Shares": 217252985.0,
        "Diluted EPS": 0.05,
        "Basic EPS": 0.05,
        "Diluted NI Availto Com Stockholders": 11288000.0,
        "Net Income Common Stockholders": 11288000.0,
        "Net Income": 11288000.0,
        "Net Income Including Noncontrolling Interests": 11288000.0,
        "Net Income Continuous Operations": 11288000.0,
        "Tax Provision": 7195000.0,
        "Pretax Income": 18483000.0,
        "Other Income Expense": -5689000.0,
        "Other Non Operating Income Expenses": -5689000.0,
        "Net Non Operating Interest Income Expense": NaN,
        "Interest Expense Non Operating": NaN,
        "Interest Income Non Operating": NaN,
        "Operating Income": 16519000.0,
        "Operating Expense": 80519000.0,
        "Research And Development": 14991000.0,
        "Selling General And Administration": 65528000.0,
        "Selling And Marketing Expense": 35771000.0,
        "General And Administrative Expense": 29757000.0,
        "Other Gand A": 29757000.0,
        "Gross Profit": 97038000.0,
        "Cost Of Revenue": 134208000.0,
        "Total Revenue": 231246000.0,
        "Operating Revenue": 231246000.0
    },
    "2024-03-31": {
        "Tax Effect Of Unusual Items": 0.0,
        "Tax Rate For Calcs": 0.306,
        "Normalized EBITDA": 35867000.0,
        "Net Income From Continuing Operation Net Minority Interest": 19647000.0,
        "Reconciled Depreciation": 7496000.0,
        "Reconciled Cost Of Revenue": 75798000.0,
        "EBITDA": 35867000.0,
        "EBIT": 28371000.0,
        "Net Interest Income": 2337000.0,
        "Interest Expense": 81000.0,
        "Interest Income": 2418000.0,
        "Normalized Income": 19647000.0,
        "Net Income From Continuing And Discontinued Operation": 19647000.0,
        "Total Expenses": 142187000.0,
        "Total Operating Income As Reported": 25205000.0,
        "Diluted Average Shares": 216865052.0,
        "Basic Average Shares": 215549467.0,
        "Diluted EPS": 0.09,
        "Basic EPS": 0.09,
        "Diluted NI Availto Com Stockholders": 19647000.0,
        "Net Income Common Stockholders": 19647000.0,
        "Net Income": 19647000.0,
        "Net Income Including Noncontrolling Interests": 19647000.0,
        "Net Income Continuous Operations": 19647000.0,
        "Tax Provision": 8643000.0,
        "Pretax Income": 28290000.0,
        "Other Income Expense": 748000.0,
        "Other Non Operating Income Expenses": 748000.0,
        "Net Non Operating Interest Income Expense": 2337000.0,
        "Interest Expense Non Operating": 81000.0,
        "Interest Income Non Operating": 2418000.0,
        "Operating Income": 25205000.0,
        "Operating Expense": 66389000.0,
        "Research And Development": 14853000.0,
        "Selling General And Administration": 51536000.0,
        "Selling And Marketing Expense": 33030000.0,
        "General And Administrative Expense": 18506000.0,
        "Other Gand A": 18506000.0,
        "Gross Profit": 91594000.0,
        "Cost Of Revenue": 75798000.0,
        "Total Revenue": 167392000.0,
        "Operating Revenue": 167392000.0
    },
    "2024-06-30": {
        "Tax Effect Of Unusual Items": 0.0,
        "Tax Rate For Calcs": 0.336,
        "Normalized EBITDA": 37470000.0,
        "Net Income From Continuing Operation Net Minority Interest": 19769000.0,
        "Reconciled Depreciation": 7598000.0,
        "Reconciled Cost Of Revenue": 78107000.0,
        "EBITDA": 37470000.0,
        "EBIT": 29872000.0,
        "Net Interest Income": 2973000.0,
        "Interest Expense": 80000.0,
        "Interest Income": 3053000.0,
        "Normalized Income": 19769000.0,
        "Net Income From Continuing And Discontinued Operation": 19769000.0,
        "Total Expenses": 141515000.0,
        "Total Operating Income As Reported": 26432000.0,
        "Diluted Average Shares": 217501646.0,
        "Basic Average Shares": 216422513.0,
        "Diluted EPS": 0.09,
        "Basic EPS": 0.09,
        "Diluted NI Availto Com Stockholders": 19769000.0,
        "Net Income Common Stockholders": 19769000.0,
        "Net Income": 19769000.0,
        "Net Income Including Noncontrolling Interests": 19769000.0,
        "Net Income Continuous Operations": 19769000.0,
        "Tax Provision": 10023000.0,
        "Pretax Income": 29792000.0,
        "Other Income Expense": 387000.0,
        "Other Non Operating Income Expenses": 387000.0,
        "Net Non Operating Interest Income Expense": 2973000.0,
        "Interest Expense Non Operating": 80000.0,
        "Interest Income Non Operating": 3053000.0,
        "Operating Income": 26432000.0,
        "Operating Expense": 63408000.0,
        "Research And Development": 14315000.0,
        "Selling General And Administration": 49093000.0,
        "Selling And Marketing Expense": 33354000.0,
        "General And Administrative Expense": 15739000.0,
        "Other Gand A": 15739000.0,
        "Gross Profit": 89840000.0,
        "Cost Of Revenue": 78107000.0,
        "Total Revenue": 167947000.0,
        "Operating Revenue": 167947000.0
    }
}