{
    "2023-04-30": {
        "Tax Effect Of Unusual Items": 0.0,
        "Tax Rate For Calcs": 0.21,
        "Normalized EBITDA": -13411000.0,
        "Total Unusual Items": 0.0,
        "Total Unusual Items Excluding Goodwill": 0.0,
        "Net Income From Continuing Operation Net Minority Interest": -15937000.0,
        "Reconciled Depreciation": 2981000.0,
        "Reconciled Cost Of Revenue": 13503000.0,
        "EBITDA": -13411000.0,
        "EBIT": -16392000.0,
        "Normalized Income": -15937000.0,
        "Net Income From Continuing And Discontinued Operation": -15937000.0,
        "Total Expenses": 48480000.0,
        "Total Operating Income As Reported": -16392000.0,
        "Diluted NI Availto Com Stockholders": -15937000.0,
        "Net Income Common Stockholders": -15937000.0,
        "Net Income": -15937000.0,
        "Net Income Including Noncontrolling Interests": -15937000.0,
        "Net Income Continuous Operations": -15937000.0,
        "Tax Provision": 1248000.0,
        "Pretax Income": -14689000.0,
        "Other Income Expense": 1703000.0,
        "Other Non Operating Income Expenses": 1703000.0,
        "Special Income Charges": 0.0,
        "Impairment Of Capital Assets": 0.0,
        "Operating Income": -16392000.0,
        "Operating Expense": 34977000.0,
        "Research And Development": 21403000.0,
        "Selling General And Administration": 13574000.0,
        "Gross Profit": 18585000.0,
        "Cost Of Revenue": 13503000.0,
        "Total Revenue": 32088000.0,
        "Operating Revenue": 32088000.0
    },
    "2023-01-31": {
        "Tax Effect Of Unusual Items": -505470.0,
        "Tax Rate For Calcs": 0.21,
        "Normalized EBITDA": 4201000.0,
        "Total Unusual Items": -2407000.0,
        "Total Unusual Items Excluding Goodwill": -2407000.0,
        "Net Income From Continuing Operation Net Minority Interest": 2823000.0,
        "Reconciled Depreciation": 2273000.0,
        "Reconciled Cost Of Revenue": 22283000.0,
        "EBITDA": 1794000.0,
        "EBIT": -479000.0,
        "Normalized Income": 4724530.0,
        "Net Income From Continuing And Discontinued Operation": 2823000.0,
        "Total Expenses": 54749000.0,
        "Total Operating Income As Reported": -2886000.0,
        "Diluted NI Availto Com Stockholders": 2823000.0,
        "Net Income Common Stockholders": 2823000.0,
        "Net Income": 2823000.0,
        "Net Income Including Noncontrolling Interests": 2823000.0,
        "Net Income Continuous Operations": 2823000.0,
        "Tax Provision": -3179000.0,
        "Pretax Income": -356000.0,
        "Other Income Expense": 123000.0,
        "Other Non Operating Income Expenses": 2530000.0,
        "Special Income Charges": -2407000.0,
        "Impairment Of Capital Assets": 2407000.0,
        "Operating Income": -479000.0,
        "Operating Expense": 32466000.0,
        "Research And Development": 20530000.0,
        "Selling General And Administration": 11936000.0,
        "Gross Profit": 31987000.0,
        "Cost Of Revenue": 22283000.0,
        "Total Revenue": 54270000.0,
        "Operating Revenue": 54270000.0
    },
    "2022-10-31": {
        "Tax Effect Of Unusual Items": 0.0,
        "Tax Rate For Calcs": 0.21,
        "Normalized EBITDA": 885000.0,
        "Total Unusual Items": NaN,
        "Total Unusual Items Excluding Goodwill": NaN,
        "Net Income From Continuing Operation Net Minority Interest": -3360000.0,
        "Reconciled Depreciation": 2624000.0,
        "Reconciled Cost Of Revenue": 23410000.0,
        "EBITDA": 885000.0,
        "EBIT": -1739000.0,
        "Normalized Income": -3360000.0,
        "Net Income From Continuing And Discontinued Operation": -3360000.0,
        "Total Expenses": 53108000.0,
        "Total Operating Income As Reported": -1739000.0,
        "Diluted NI Availto Com Stockholders": -3360000.0,
        "Net Income Common Stockholders": -3360000.0,
        "Net Income": -3360000.0,
        "Net Income Including Noncontrolling Interests": -3360000.0,
        "Net Income Continuous Operations": -3360000.0,
        "Tax Provision": 929000.0,
        "Pretax Income": -2431000.0,
        "Other Income Expense": -692000.0,
        "Other Non Operating Income Expenses": -692000.0,
        "Special Income Charges": NaN,
        "Impairment Of Capital Assets": NaN,
        "Operating Income": -1739000.0,
        "Operating Expense": 29698000.0,
        "Research And Development": 18158000.0,
        "Selling General And Administration": 11540000.0,
        "Gross Profit": 27959000.0,
        "Cost Of Revenue": 23410000.0,
        "Total Revenue": 51369000.0,
        "Operating Revenue": 51369000.0
    },
    "2022-07-31": {
        "Tax Effect Of Unusual Items": 0.0,
        "Tax Rate For Calcs": 0.4,
        "Normalized EBITDA": 1418000.0,
        "Total Unusual Items": NaN,
        "Total Unusual Items Excluding Goodwill": NaN,
        "Net Income From Continuing Operation Net Minority Interest": -73000.0,
        "Reconciled Depreciation": 1636000.0,
        "Reconciled Cost Of Revenue": 18804000.0,
        "EBITDA": 1418000.0,
        "EBIT": -218000.0,
        "Normalized Income": -73000.0,
        "Net Income From Continuing And Discontinued Operation": -73000.0,
        "Total Expenses": 46685000.0,
        "Total Operating Income As Reported": -218000.0,
        "Diluted Average Shares": 145077000.0,
        "Basic Average Shares": 145077000.0,
        "Diluted EPS": -0.000503,
        "Basic EPS": -0.000503,
        "Diluted NI Availto Com Stockholders": -73000.0,
        "Net Income Common Stockholders": -73000.0,
        "Net Income": -73000.0,
        "Net Income Including Noncontrolling Interests": -73000.0,
        "Net Income Continuous Operations": -73000.0,
        "Tax Provision": -365000.0,
        "Pretax Income": -438000.0,
        "Other Income Expense": -220000.0,
        "Other Non Operating Income Expenses": -220000.0,
        "Special Income Charges": NaN,
        "Write Off": NaN,
        "Impairment Of Capital Assets": NaN,
        "Operating Income": -218000.0,
        "Operating Expense": 27881000.0,
        "Research And Development": 16683000.0,
        "Selling General And Administration": 11198000.0,
        "Gross Profit": 27663000.0,
        "Cost Of Revenue": 18804000.0,
        "Total Revenue": 46467000.0,
        "Operating Revenue": 46467000.0
    },
    "2022-04-30": {
        "Diluted EPS": -0.01,
        "Total Revenue": 38,
        "Gross Profit": 24,
        "Operating Income": -6,
        "EBIT": -5,
        "Net Income": -5
    },
    "2022-01-31": {
        "Diluted EPS": -0.0,
        "Total Revenue": 32,
        "Gross Profit": 19,
        "Operating Income": 0,
        "EBIT": 1,
        "Net Income": 0
    },
    "2021-10-31": {
        "Diluted EPS": -0.06,
        "Total Revenue": 26,
        "Gross Profit": 16,
        "Operating Income": -4,
        "EBIT": -2,
        "Net Income": -4
    },
    "2021-07-31": {
        "Diluted EPS": -0.18,
        "Total Revenue": 11,
        "Gross Profit": 5,
        "Operating Income": -12,
        "EBIT": -11,
        "Net Income": -13
    },
    "2021-04-30": {
        "Diluted EPS": 0.0,
        "Total Revenue": NaN,
        "Gross Profit": NaN,
        "Operating Income": NaN,
        "EBIT": NaN,
        "Net Income": NaN
    },
    "2021-01-31": {
        "Diluted EPS": -0.08,
        "Total Revenue": 13,
        "Gross Profit": 8,
        "Operating Income": -5,
        "EBIT": -5,
        "Net Income": -5
    },
    "2020-04-30": {
        "Diluted EPS": 0.0,
        "Total Revenue": NaN,
        "Gross Profit": NaN,
        "Operating Income": NaN,
        "EBIT": NaN,
        "Net Income": NaN
    },
    "2023-07-31": {
        "Tax Effect Of Unusual Items": 0.0,
        "Tax Rate For Calcs": 0.04,
        "Normalized EBITDA": -11441000.0,
        "Total Unusual Items": NaN,
        "Total Unusual Items Excluding Goodwill": NaN,
        "Net Income From Continuing Operation Net Minority Interest": -11697000.0,
        "Reconciled Depreciation": 2950000.0,
        "Reconciled Cost Of Revenue": 14305000.0,
        "EBITDA": -11441000.0,
        "EBIT": -14391000.0,
        "Normalized Income": -11697000.0,
        "Net Income From Continuing And Discontinued Operation": -11697000.0,
        "Total Expenses": 49486000.0,
        "Total Operating Income As Reported": -14391000.0,
        "Diluted NI Availto Com Stockholders": -11697000.0,
        "Net Income Common Stockholders": -11697000.0,
        "Net Income": -11697000.0,
        "Net Income Including Noncontrolling Interests": -11697000.0,
        "Net Income Continuous Operations": -11697000.0,
        "Tax Provision": -537000.0,
        "Pretax Income": -12234000.0,
        "Other Income Expense": 2157000.0,
        "Other Non Operating Income Expenses": 2157000.0,
        "Special Income Charges": NaN,
        "Impairment Of Capital Assets": NaN,
        "Operating Income": -14391000.0,
        "Operating Expense": 35181000.0,
        "Research And Development": 22638000.0,
        "Selling General And Administration": 12543000.0,
        "Gross Profit": 20790000.0,
        "Cost Of Revenue": 14305000.0,
        "Total Revenue": 35095000.0,
        "Operating Revenue": 35095000.0
    },
    "2023-10-31": {
        "Tax Effect Of Unusual Items": 0.0,
        "Tax Rate For Calcs": 0.21,
        "Normalized EBITDA": -5177000.0,
        "Total Unusual Items": NaN,
        "Total Unusual Items Excluding Goodwill": NaN,
        "Net Income From Continuing Operation Net Minority Interest": -6623000.0,
        "Reconciled Depreciation": 3698000.0,
        "Reconciled Cost Of Revenue": 17918000.0,
        "EBITDA": -5177000.0,
        "EBIT": -8875000.0,
        "Normalized Income": -6623000.0,
        "Net Income From Continuing And Discontinued Operation": -6623000.0,
        "Total Expenses": 52910000.0,
        "Total Operating Income As Reported": -8875000.0,
        "Diluted NI Availto Com Stockholders": -6623000.0,
        "Net Income Common Stockholders": -6623000.0,
        "Net Income": -6623000.0,
        "Net Income Including Noncontrolling Interests": -6623000.0,
        "Net Income Continuous Operations": -6623000.0,
        "Tax Provision": 450000.0,
        "Pretax Income": -6173000.0,
        "Other Income Expense": 2702000.0,
        "Other Non Operating Income Expenses": 2702000.0,
        "Special Income Charges": NaN,
        "Impairment Of Capital Assets": NaN,
        "Operating Income": -8875000.0,
        "Operating Expense": 34992000.0,
        "Research And Development": 21736000.0,
        "Selling General And Administration": 13256000.0,
        "Gross Profit": 26117000.0,
        "Cost Of Revenue": 17918000.0,
        "Total Revenue": 44035000.0,
        "Operating Revenue": 44035000.0
    }
}