{
    "2023-03-31": {
        "Tax Effect Of Unusual Items": NaN,
        "Tax Rate For Calcs": NaN,
        "Normalized EBITDA": NaN,
        "Total Unusual Items": NaN,
        "Total Unusual Items Excluding Goodwill": NaN,
        "Net Income From Continuing Operation Net Minority Interest": NaN,
        "EBITDA": NaN,
        "EBIT": NaN,
        "Net Interest Income": NaN,
        "Interest Expense": NaN,
        "Interest Income": NaN,
        "Normalized Income": NaN,
        "Net Income From Continuing And Discontinued Operation": NaN,
        "Total Expenses": NaN,
        "Total Operating Income As Reported": NaN,
        "Diluted Average Shares": 7565183.0,
        "Basic Average Shares": 7565183.0,
        "Diluted EPS": -0.01,
        "Basic EPS": -0.01,
        "Diluted NI Availto Com Stockholders": NaN,
        "Net Income Common Stockholders": NaN,
        "Net Income": NaN,
        "Net Income Including Noncontrolling Interests": NaN,
        "Net Income Continuous Operations": NaN,
        "Tax Provision": NaN,
        "Pretax Income": NaN,
        "Other Income Expense": 22767.0,
        "Other Non Operating Income Expenses": 12285.0,
        "Special Income Charges": NaN,
        "Other Special Charges": -10482.0,
        "Write Off": NaN,
        "Net Non Operating Interest Income Expense": NaN,
        "Interest Expense Non Operating": NaN,
        "Interest Income Non Operating": NaN,
        "Operating Income": NaN,
        "Operating Expense": NaN,
        "Selling General And Administration": NaN,
        "General And Administrative Expense": NaN,
        "Other Gand A": NaN,
        "Total Revenue": NaN,
        "Operating Revenue": NaN
    },
    "2022-12-31": {
        "Tax Effect Of Unusual Items": NaN,
        "Tax Rate For Calcs": NaN,
        "Normalized EBITDA": NaN,
        "Total Unusual Items": NaN,
        "Total Unusual Items Excluding Goodwill": NaN,
        "Net Income From Continuing Operation Net Minority Interest": NaN,
        "EBITDA": NaN,
        "EBIT": NaN,
        "Net Interest Income": NaN,
        "Interest Expense": NaN,
        "Interest Income": NaN,
        "Normalized Income": NaN,
        "Net Income From Continuing And Discontinued Operation": NaN,
        "Total Expenses": NaN,
        "Total Operating Income As Reported": NaN,
        "Diluted Average Shares": NaN,
        "Basic Average Shares": NaN,
        "Diluted EPS": NaN,
        "Basic EPS": NaN,
        "Diluted NI Availto Com Stockholders": NaN,
        "Net Income Common Stockholders": NaN,
        "Net Income": NaN,
        "Net Income Including Noncontrolling Interests": NaN,
        "Net Income Continuous Operations": NaN,
        "Tax Provision": NaN,
        "Pretax Income": NaN,
        "Other Income Expense": NaN,
        "Other Non Operating Income Expenses": NaN,
        "Special Income Charges": NaN,
        "Other Special Charges": NaN,
        "Write Off": 0.0,
        "Net Non Operating Interest Income Expense": NaN,
        "Interest Expense Non Operating": NaN,
        "Interest Income Non Operating": NaN,
        "Operating Income": NaN,
        "Operating Expense": NaN,
        "Selling General And Administration": NaN,
        "General And Administrative Expense": NaN,
        "Other Gand A": NaN,
        "Total Revenue": NaN,
        "Operating Revenue": NaN
    },
    "2022-09-30": {
        "Tax Effect Of Unusual Items": NaN,
        "Tax Rate For Calcs": NaN,
        "Normalized EBITDA": NaN,
        "Total Unusual Items": NaN,
        "Total Unusual Items Excluding Goodwill": NaN,
        "Net Income From Continuing Operation Net Minority Interest": NaN,
        "EBITDA": NaN,
        "EBIT": NaN,
        "Net Interest Income": NaN,
        "Interest Expense": NaN,
        "Interest Income": NaN,
        "Normalized Income": NaN,
        "Net Income From Continuing And Discontinued Operation": NaN,
        "Total Expenses": NaN,
        "Total Operating Income As Reported": NaN,
        "Diluted Average Shares": 7358052.0,
        "Basic Average Shares": 7358052.0,
        "Diluted EPS": -0.06,
        "Basic EPS": -0.06,
        "Diluted NI Availto Com Stockholders": NaN,
        "Net Income Common Stockholders": NaN,
        "Net Income": NaN,
        "Net Income Including Noncontrolling Interests": NaN,
        "Net Income Continuous Operations": NaN,
        "Tax Provision": NaN,
        "Pretax Income": NaN,
        "Other Income Expense": NaN,
        "Other Non Operating Income Expenses": NaN,
        "Special Income Charges": NaN,
        "Other Special Charges": NaN,
        "Write Off": 0.0,
        "Net Non Operating Interest Income Expense": NaN,
        "Interest Expense Non Operating": NaN,
        "Interest Income Non Operating": NaN,
        "Operating Income": NaN,
        "Operating Expense": NaN,
        "Selling General And Administration": NaN,
        "General And Administrative Expense": NaN,
        "Other Gand A": NaN,
        "Total Revenue": NaN,
        "Operating Revenue": NaN
    },
    "2022-06-30": {
        "Tax Effect Of Unusual Items": 0.0,
        "Tax Rate For Calcs": 0.4,
        "Normalized EBITDA": -109218.0,
        "Total Unusual Items": 0.0,
        "Total Unusual Items Excluding Goodwill": 0.0,
        "Net Income From Continuing Operation Net Minority Interest": -224810.0,
        "EBITDA": -109218.0,
        "EBIT": -109218.0,
        "Net Interest Income": -157.0,
        "Interest Expense": 109742.0,
        "Interest Income": 109585.0,
        "Normalized Income": -224810.0,
        "Net Income From Continuing And Discontinued Operation": -224810.0,
        "Total Expenses": 187726.0,
        "Total Operating Income As Reported": -187726.0,
        "Diluted Average Shares": 7277194.0,
        "Basic Average Shares": 7277194.0,
        "Diluted EPS": -0.03,
        "Basic EPS": -0.03,
        "Diluted NI Availto Com Stockholders": -224810.0,
        "Net Income Common Stockholders": -224810.0,
        "Net Income": -224810.0,
        "Net Income Including Noncontrolling Interests": -224810.0,
        "Net Income Continuous Operations": -224810.0,
        "Tax Provision": 5850.0,
        "Pretax Income": -218960.0,
        "Other Income Expense": -31077.0,
        "Other Non Operating Income Expenses": -31077.0,
        "Special Income Charges": 0.0,
        "Other Special Charges": NaN,
        "Write Off": 0.0,
        "Net Non Operating Interest Income Expense": -157.0,
        "Interest Expense Non Operating": 109742.0,
        "Interest Income Non Operating": 109585.0,
        "Operating Income": -187726.0,
        "Operating Expense": 187726.0,
        "Selling General And Administration": 187726.0,
        "General And Administrative Expense": 187726.0,
        "Other Gand A": 187726.0,
        "Total Revenue": 0.0,
        "Operating Revenue": 0.0
    },
    "2022-03-31": {
        "Diluted EPS": -0.06,
        "Total Revenue": NaN,
        "Gross Profit": NaN,
        "Operating Income": 0,
        "EBIT": 0,
        "Net Income": 0
    },
    "2021-12-31": {
        "Diluted EPS": -2.4,
        "Total Revenue": NaN,
        "Gross Profit": NaN,
        "Operating Income": 0,
        "EBIT": 0,
        "Net Income": -14
    },
    "2021-09-30": {
        "Diluted EPS": -0.08,
        "Total Revenue": NaN,
        "Gross Profit": NaN,
        "Operating Income": 0,
        "EBIT": 0,
        "Net Income": -1
    },
    "2021-06-30": {
        "Diluted EPS": 0.39,
        "Total Revenue": NaN,
        "Gross Profit": NaN,
        "Operating Income": 0,
        "EBIT": 0,
        "Net Income": 2
    },
    "2021-03-31": {
        "Diluted EPS": -0.09,
        "Total Revenue": NaN,
        "Gross Profit": NaN,
        "Operating Income": 0,
        "EBIT": 0,
        "Net Income": 0
    },
    "2020-12-31": {
        "Diluted EPS": 1.68,
        "Total Revenue": NaN,
        "Gross Profit": NaN,
        "Operating Income": 5,
        "EBIT": 5,
        "Net Income": 4
    },
    "2020-09-30": {
        "Diluted EPS": -0.25,
        "Total Revenue": NaN,
        "Gross Profit": NaN,
        "Operating Income": 0,
        "EBIT": 0,
        "Net Income": -1
    },
    "2020-06-30": {
        "Diluted EPS": 0.43,
        "Total Revenue": NaN,
        "Gross Profit": NaN,
        "Operating Income": 1,
        "EBIT": 1,
        "Net Income": 1
    },
    "2020-03-31": {
        "Diluted EPS": -0.28,
        "Total Revenue": NaN,
        "Gross Profit": NaN,
        "Operating Income": 0,
        "EBIT": 0,
        "Net Income": -1
    },
    "2019-12-31": {
        "Diluted EPS": -1.13,
        "Total Revenue": 0,
        "Gross Profit": 0,
        "Operating Income": -1,
        "EBIT": -1,
        "Net Income": 3
    },
    "2019-09-30": {
        "Diluted EPS": -2.54,
        "Total Revenue": NaN,
        "Gross Profit": NaN,
        "Operating Income": -3,
        "EBIT": -3,
        "Net Income": -4
    },
    "2019-06-30": {
        "Diluted EPS": -0.33,
        "Total Revenue": 0,
        "Gross Profit": 0,
        "Operating Income": -3,
        "EBIT": -3,
        "Net Income": -5
    },
    "2019-03-31": {
        "Diluted EPS": -1.61,
        "Total Revenue": 1,
        "Gross Profit": 1,
        "Operating Income": -2,
        "EBIT": -2,
        "Net Income": -2
    },
    "2018-12-31": {
        "Diluted EPS": -71.32,
        "Total Revenue": 1,
        "Gross Profit": 1,
        "Operating Income": -57,
        "EBIT": -57,
        "Net Income": -62
    },
    "2018-09-30": {
        "Diluted EPS": -3.1,
        "Total Revenue": 2,
        "Gross Profit": 2,
        "Operating Income": -2,
        "EBIT": -2,
        "Net Income": -3
    },
    "2018-06-30": {
        "Diluted EPS": -1.7,
        "Total Revenue": 2,
        "Gross Profit": 2,
        "Operating Income": 0,
        "EBIT": 0,
        "Net Income": -1
    },
    "2018-03-31": {
        "Diluted EPS": -0.1,
        "Total Revenue": 3,
        "Gross Profit": 3,
        "Operating Income": 2,
        "EBIT": 2,
        "Net Income": 0
    },
    "2017-12-31": {
        "Diluted EPS": -10.6,
        "Total Revenue": 2,
        "Gross Profit": 2,
        "Operating Income": 0,
        "EBIT": 1,
        "Net Income": -9
    },
    "2017-09-30": {
        "Diluted EPS": 0.6,
        "Total Revenue": 2,
        "Gross Profit": 2,
        "Operating Income": 2,
        "EBIT": 4,
        "Net Income": 0
    },
    "2017-06-30": {
        "Diluted EPS": 0.4,
        "Total Revenue": 2,
        "Gross Profit": 2,
        "Operating Income": 2,
        "EBIT": 4,
        "Net Income": 0
    },
    "2017-03-31": {
        "Diluted EPS": 0.8,
        "Total Revenue": 2,
        "Gross Profit": 2,
        "Operating Income": 2,
        "EBIT": 4,
        "Net Income": 1
    },
    "2016-12-31": {
        "Diluted EPS": -61.6,
        "Total Revenue": 4,
        "Gross Profit": 4,
        "Operating Income": -56,
        "EBIT": -55,
        "Net Income": -51
    },
    "2016-09-30": {
        "Diluted EPS": 0.6,
        "Total Revenue": NaN,
        "Gross Profit": NaN,
        "Operating Income": 2,
        "EBIT": 4,
        "Net Income": 1
    },
    "2016-06-30": {
        "Diluted EPS": 2.8,
        "Total Revenue": NaN,
        "Gross Profit": NaN,
        "Operating Income": 3,
        "EBIT": 7,
        "Net Income": 2
    },
    "2016-03-31": {
        "Diluted EPS": 0.1,
        "Total Revenue": 0,
        "Gross Profit": 0,
        "Operating Income": 4,
        "EBIT": 9,
        "Net Income": 0
    },
    "2015-12-31": {
        "Diluted EPS": -0.4,
        "Total Revenue": 0,
        "Gross Profit": 0,
        "Operating Income": 4,
        "EBIT": 9,
        "Net Income": 0
    },
    "2015-09-30": {
        "Diluted EPS": 3.9,
        "Total Revenue": 0,
        "Gross Profit": 0,
        "Operating Income": 5,
        "EBIT": 10,
        "Net Income": 3
    },
    "2015-06-30": {
        "Diluted EPS": 13.6,
        "Total Revenue": 25,
        "Gross Profit": 3,
        "Operating Income": 9,
        "EBIT": 15,
        "Net Income": 11
    },
    "2015-03-31": {
        "Diluted EPS": 5.0,
        "Total Revenue": 0,
        "Gross Profit": 0,
        "Operating Income": 6,
        "EBIT": 12,
        "Net Income": 4
    },
    "2014-12-31": {
        "Diluted EPS": 5.0,
        "Total Revenue": 0,
        "Gross Profit": 0,
        "Operating Income": 6,
        "EBIT": 13,
        "Net Income": 5
    },
    "2014-09-30": {
        "Diluted EPS": 7.0,
        "Total Revenue": 0,
        "Gross Profit": 0,
        "Operating Income": 6,
        "EBIT": 14,
        "Net Income": 5
    },
    "2014-06-30": {
        "Diluted EPS": 11.0,
        "Total Revenue": 19,
        "Gross Profit": 5,
        "Operating Income": 10,
        "EBIT": 16,
        "Net Income": 7
    },
    "2014-03-31": {
        "Diluted EPS": 5.0,
        "Total Revenue": 0,
        "Gross Profit": 0,
        "Operating Income": 6,
        "EBIT": 12,
        "Net Income": 3
    },
    "2013-12-31": {
        "Diluted EPS": 7.0,
        "Total Revenue": 13,
        "Gross Profit": 3,
        "Operating Income": 7,
        "EBIT": 13,
        "Net Income": 4
    },
    "2013-09-30": {
        "Diluted EPS": 8.0,
        "Total Revenue": 22,
        "Gross Profit": 5,
        "Operating Income": 10,
        "EBIT": 15,
        "Net Income": 4
    },
    "2013-06-30": {
        "Diluted EPS": 7.0,
        "Total Revenue": 14,
        "Gross Profit": 3,
        "Operating Income": 7,
        "EBIT": 12,
        "Net Income": 4
    },
    "2013-03-31": {
        "Diluted EPS": 7.0,
        "Total Revenue": 14,
        "Gross Profit": 3,
        "Operating Income": 6,
        "EBIT": 10,
        "Net Income": 3
    },
    "2012-12-31": {
        "Diluted EPS": 3.0,
        "Total Revenue": 0,
        "Gross Profit": 0,
        "Operating Income": 4,
        "EBIT": 8,
        "Net Income": 2
    },
    "2012-09-30": {
        "Diluted EPS": -3.0,
        "Total Revenue": 0,
        "Gross Profit": 0,
        "Operating Income": 1,
        "EBIT": 7,
        "Net Income": -1
    },
    "2012-06-30": {
        "Diluted EPS": 3.0,
        "Total Revenue": 0,
        "Gross Profit": 0,
        "Operating Income": 4,
        "EBIT": 10,
        "Net Income": 1
    },
    "2012-03-31": {
        "Diluted EPS": 4.0,
        "Total Revenue": 0,
        "Gross Profit": 0,
        "Operating Income": 4,
        "EBIT": 10,
        "Net Income": 2
    },
    "2011-12-31": {
        "Diluted EPS": 7.0,
        "Total Revenue": 0,
        "Gross Profit": 0,
        "Operating Income": 5,
        "EBIT": 19,
        "Net Income": 5
    },
    "2011-09-30": {
        "Diluted EPS": 16.0,
        "Total Revenue": 19,
        "Gross Profit": 5,
        "Operating Income": 10,
        "EBIT": 16,
        "Net Income": 9
    },
    "2011-06-30": {
        "Diluted EPS": 7.0,
        "Total Revenue": 0,
        "Gross Profit": 0,
        "Operating Income": 4,
        "EBIT": 11,
        "Net Income": 4
    },
    "2011-03-31": {
        "Diluted EPS": 9.0,
        "Total Revenue": 12,
        "Gross Profit": 3,
        "Operating Income": 6,
        "EBIT": 13,
        "Net Income": 5
    },
    "2010-12-31": {
        "Diluted EPS": 14.0,
        "Total Revenue": 32,
        "Gross Profit": 8,
        "Operating Income": 11,
        "EBIT": 16,
        "Net Income": 7
    },
    "2010-09-30": {
        "Diluted EPS": 9.0,
        "Total Revenue": 11,
        "Gross Profit": 3,
        "Operating Income": 5,
        "EBIT": 9,
        "Net Income": 5
    },
    "2010-06-30": {
        "Diluted EPS": 10.0,
        "Total Revenue": 23,
        "Gross Profit": 6,
        "Operating Income": 8,
        "EBIT": 11,
        "Net Income": 5
    },
    "2010-03-31": {
        "Diluted EPS": 5.0,
        "Total Revenue": 10,
        "Gross Profit": 2,
        "Operating Income": 4,
        "EBIT": 8,
        "Net Income": 2
    },
    "2009-12-31": {
        "Diluted EPS": 4.0,
        "Total Revenue": 10,
        "Gross Profit": 2,
        "Operating Income": 4,
        "EBIT": 7,
        "Net Income": 2
    },
    "2009-09-30": {
        "Diluted EPS": 8.0,
        "Total Revenue": 18,
        "Gross Profit": 4,
        "Operating Income": 5,
        "EBIT": 6,
        "Net Income": 4
    },
    "2009-06-30": {
        "Diluted EPS": 7.0,
        "Total Revenue": 11,
        "Gross Profit": 3,
        "Operating Income": 3,
        "EBIT": 4,
        "Net Income": 3
    },
    "2009-03-31": {
        "Diluted EPS": 2.0,
        "Total Revenue": 4,
        "Gross Profit": 1,
        "Operating Income": 2,
        "EBIT": 3,
        "Net Income": 1
    },
    "2023-06-30": {
        "Tax Effect Of Unusual Items": -1220.0,
        "Tax Rate For Calcs": 0.25,
        "Normalized EBITDA": -75828.0,
        "Total Unusual Items": -4880.0,
        "Total Unusual Items Excluding Goodwill": -4880.0,
        "Net Income From Continuing Operation Net Minority Interest": -247842.0,
        "EBITDA": -80708.0,
        "EBIT": -80708.0,
        "Net Interest Income": -26930.0,
        "Interest Expense": 109176.0,
        "Interest Income": 82246.0,
        "Normalized Income": -244182.0,
        "Net Income From Continuing And Discontinued Operation": -247842.0,
        "Total Expenses": 374407.0,
        "Total Operating Income As Reported": -374407.0,
        "Diluted Average Shares": 7803991.0,
        "Basic Average Shares": 7803991.0,
        "Diluted EPS": -0.03,
        "Basic EPS": -0.03,
        "Diluted NI Availto Com Stockholders": -247842.0,
        "Net Income Common Stockholders": -247842.0,
        "Net Income": -247842.0,
        "Net Income Including Noncontrolling Interests": -247842.0,
        "Net Income Continuous Operations": -247842.0,
        "Tax Provision": 57958.0,
        "Pretax Income": -189884.0,
        "Other Income Expense": 211453.0,
        "Other Non Operating Income Expenses": 216333.0,
        "Special Income Charges": -4880.0,
        "Other Special Charges": 4880.0,
        "Write Off": NaN,
        "Net Non Operating Interest Income Expense": -26930.0,
        "Interest Expense Non Operating": 109176.0,
        "Interest Income Non Operating": 82246.0,
        "Operating Income": -374407.0,
        "Operating Expense": 374407.0,
        "Selling General And Administration": 374407.0,
        "General And Administrative Expense": 374407.0,
        "Other Gand A": 374407.0,
        "Total Revenue": 0.0,
        "Operating Revenue": 0.0
    },
    "2023-09-30": {
        "Tax Effect Of Unusual Items": -1663.029,
        "Tax Rate For Calcs": 0.237,
        "Normalized EBITDA": -31138.0,
        "Total Unusual Items": -7017.0,
        "Total Unusual Items Excluding Goodwill": -7017.0,
        "Net Income From Continuing Operation Net Minority Interest": -180723.0,
        "EBITDA": -38155.0,
        "EBIT": -38155.0,
        "Net Interest Income": -60119.0,
        "Interest Expense": 107920.0,
        "Interest Income": 47801.0,
        "Normalized Income": -175369.029,
        "Net Income From Continuing And Discontinued Operation": -180723.0,
        "Total Expenses": 146870.0,
        "Total Operating Income As Reported": -146870.0,
        "Diluted Average Shares": 7969912.0,
        "Basic Average Shares": 7969912.0,
        "Diluted EPS": -0.02,
        "Basic EPS": -0.02,
        "Diluted NI Availto Com Stockholders": -180723.0,
        "Net Income Common Stockholders": -180723.0,
        "Net Income": -180723.0,
        "Net Income Including Noncontrolling Interests": -180723.0,
        "Net Income Continuous Operations": -180723.0,
        "Tax Provision": 34648.0,
        "Pretax Income": -146075.0,
        "Other Income Expense": 60914.0,
        "Other Non Operating Income Expenses": 67931.0,
        "Special Income Charges": -7017.0,
        "Other Special Charges": 7017.0,
        "Write Off": NaN,
        "Net Non Operating Interest Income Expense": -60119.0,
        "Interest Expense Non Operating": 107920.0,
        "Interest Income Non Operating": 47801.0,
        "Operating Income": -146870.0,
        "Operating Expense": 146870.0,
        "Selling General And Administration": 146870.0,
        "General And Administrative Expense": 146870.0,
        "Other Gand A": 146870.0,
        "Total Revenue": 0.0,
        "Operating Revenue": 0.0
    },
    "2023-12-31": {
        "Tax Effect Of Unusual Items": -11.282396,
        "Tax Rate For Calcs": 0.00192,
        "Normalized EBITDA": -116240.0,
        "Total Unusual Items": -5876.0,
        "Total Unusual Items Excluding Goodwill": -5876.0,
        "Net Income From Continuing Operation Net Minority Interest": -228717.0,
        "EBITDA": -122116.0,
        "EBIT": -122116.0,
        "Net Interest Income": -73615.0,
        "Interest Expense": 107041.0,
        "Interest Income": 33426.0,
        "Normalized Income": -222852.282396,
        "Net Income From Continuing And Discontinued Operation": -228717.0,
        "Total Expenses": 192368.0,
        "Total Operating Income As Reported": -192368.0,
        "Diluted Average Shares": NaN,
        "Basic Average Shares": NaN,
        "Diluted EPS": NaN,
        "Basic EPS": NaN,
        "Diluted NI Availto Com Stockholders": -228717.0,
        "Net Income Common Stockholders": -228717.0,
        "Net Income": -228717.0,
        "Net Income Including Noncontrolling Interests": -228717.0,
        "Net Income Continuous Operations": -228717.0,
        "Tax Provision": -440.0,
        "Pretax Income": -229157.0,
        "Other Income Expense": 36826.0,
        "Other Non Operating Income Expenses": 42702.0,
        "Special Income Charges": -5876.0,
        "Other Special Charges": 5876.0,
        "Write Off": NaN,
        "Net Non Operating Interest Income Expense": -73615.0,
        "Interest Expense Non Operating": 107041.0,
        "Interest Income Non Operating": 33426.0,
        "Operating Income": -192368.0,
        "Operating Expense": 192368.0,
        "Selling General And Administration": 192368.0,
        "General And Administrative Expense": 192368.0,
        "Other Gand A": 192368.0,
        "Total Revenue": 0.0,
        "Operating Revenue": 0.0
    },
    "2024-03-31": {
        "Tax Effect Of Unusual Items": -5310.75,
        "Tax Rate For Calcs": 0.25,
        "Normalized EBITDA": -140294.0,
        "Total Unusual Items": -21243.0,
        "Total Unusual Items Excluding Goodwill": -21243.0,
        "Net Income From Continuing Operation Net Minority Interest": -279797.0,
        "EBITDA": -161537.0,
        "EBIT": -161537.0,
        "Net Interest Income": -64096.0,
        "Interest Expense": 104080.0,
        "Interest Income": 39984.0,
        "Normalized Income": -263864.75,
        "Net Income From Continuing And Discontinued Operation": -279797.0,
        "Total Expenses": 208430.0,
        "Total Operating Income As Reported": -208430.0,
        "Diluted Average Shares": 8115826.0,
        "Basic Average Shares": 8115826.0,
        "Diluted EPS": -0.03,
        "Basic EPS": -0.03,
        "Diluted NI Availto Com Stockholders": -279797.0,
        "Net Income Common Stockholders": -279797.0,
        "Net Income": -279797.0,
        "Net Income Including Noncontrolling Interests": -279797.0,
        "Net Income Continuous Operations": -279797.0,
        "Tax Provision": 14180.0,
        "Pretax Income": -265617.0,
        "Other Income Expense": 6909.0,
        "Other Non Operating Income Expenses": 28152.0,
        "Special Income Charges": -21243.0,
        "Other Special Charges": 21243.0,
        "Write Off": NaN,
        "Net Non Operating Interest Income Expense": -64096.0,
        "Interest Expense Non Operating": 104080.0,
        "Interest Income Non Operating": 39984.0,
        "Operating Income": -208430.0,
        "Operating Expense": 208430.0,
        "Selling General And Administration": 208430.0,
        "General And Administrative Expense": 208430.0,
        "Other Gand A": 208430.0,
        "Total Revenue": 0.0,
        "Operating Revenue": 0.0
    },
    "2024-06-30": {
        "Tax Effect Of Unusual Items": 0.0,
        "Tax Rate For Calcs": 0.0,
        "Normalized EBITDA": -309506.0,
        "Total Unusual Items": 0.0,
        "Total Unusual Items Excluding Goodwill": 0.0,
        "Net Income From Continuing Operation Net Minority Interest": -409757.0,
        "EBITDA": -309506.0,
        "EBIT": -309506.0,
        "Net Interest Income": -58954.0,
        "Interest Expense": 100251.0,
        "Interest Income": 41297.0,
        "Normalized Income": -409757.0,
        "Net Income From Continuing And Discontinued Operation": -409757.0,
        "Total Expenses": 350803.0,
        "Total Operating Income As Reported": -350803.0,
        "Diluted Average Shares": 8360386.0,
        "Basic Average Shares": 8360386.0,
        "Diluted EPS": -0.05,
        "Basic EPS": -0.05,
        "Diluted NI Availto Com Stockholders": -409757.0,
        "Net Income Common Stockholders": -409757.0,
        "Net Income": -409757.0,
        "Net Income Including Noncontrolling Interests": -409757.0,
        "Net Income Continuous Operations": -409757.0,
        "Tax Provision": 0.0,
        "Pretax Income": -409757.0,
        "Other Income Expense": NaN,
        "Other Non Operating Income Expenses": NaN,
        "Special Income Charges": 0.0,
        "Other Special Charges": NaN,
        "Write Off": NaN,
        "Net Non Operating Interest Income Expense": -58954.0,
        "Interest Expense Non Operating": 100251.0,
        "Interest Income Non Operating": 41297.0,
        "Operating Income": -350803.0,
        "Operating Expense": 350803.0,
        "Selling General And Administration": 350803.0,
        "General And Administrative Expense": 350803.0,
        "Other Gand A": 350803.0,
        "Total Revenue": 0.0,
        "Operating Revenue": 0.0
    }
}