{
    "2023-03-31": {
        "Tax Effect Of Unusual Items": NaN,
        "Tax Rate For Calcs": NaN,
        "Normalized EBITDA": NaN,
        "Total Unusual Items": NaN,
        "Total Unusual Items Excluding Goodwill": NaN,
        "Net Income From Continuing Operation Net Minority Interest": NaN,
        "Reconciled Depreciation": NaN,
        "Reconciled Cost Of Revenue": NaN,
        "EBITDA": NaN,
        "EBIT": NaN,
        "Net Interest Income": NaN,
        "Interest Expense": NaN,
        "Interest Income": NaN,
        "Normalized Income": NaN,
        "Net Income From Continuing And Discontinued Operation": NaN,
        "Total Expenses": NaN,
        "Rent Expense Supplemental": NaN,
        "Total Operating Income As Reported": NaN,
        "Diluted Average Shares": 60099863.0,
        "Basic Average Shares": 60099863.0,
        "Diluted EPS": 491.432069,
        "Basic EPS": 491.432069,
        "Diluted NI Availto Com Stockholders": NaN,
        "Net Income Common Stockholders": NaN,
        "Net Income": NaN,
        "Minority Interests": NaN,
        "Net Income Including Noncontrolling Interests": NaN,
        "Net Income Continuous Operations": NaN,
        "Tax Provision": NaN,
        "Pretax Income": NaN,
        "Other Income Expense": NaN,
        "Other Non Operating Income Expenses": NaN,
        "Special Income Charges": NaN,
        "Gain On Sale Of Ppe": NaN,
        "Gain On Sale Of Business": NaN,
        "Other Special Charges": NaN,
        "Impairment Of Capital Assets": NaN,
        "Earnings From Equity Interest": NaN,
        "Gain On Sale Of Security": NaN,
        "Net Non Operating Interest Income Expense": NaN,
        "Total Other Finance Cost": NaN,
        "Interest Expense Non Operating": NaN,
        "Interest Income Non Operating": NaN,
        "Operating Income": NaN,
        "Operating Expense": NaN,
        "Other Operating Expenses": NaN,
        "Other Taxes": NaN,
        "Provision For Doubtful Accounts": NaN,
        "Depreciation Amortization Depletion Income Statement": NaN,
        "Depreciation And Amortization In Income Statement": NaN,
        "Selling General And Administration": NaN,
        "Selling And Marketing Expense": NaN,
        "General And Administrative Expense": NaN,
        "Other Gand A": NaN,
        "Rent And Landing Fees": NaN,
        "Salaries And Wages": NaN,
        "Gross Profit": NaN,
        "Cost Of Revenue": NaN,
        "Total Revenue": NaN,
        "Operating Revenue": NaN
    },
    "2022-12-31": {
        "Tax Effect Of Unusual Items": NaN,
        "Tax Rate For Calcs": NaN,
        "Normalized EBITDA": NaN,
        "Total Unusual Items": NaN,
        "Total Unusual Items Excluding Goodwill": NaN,
        "Net Income From Continuing Operation Net Minority Interest": NaN,
        "Reconciled Depreciation": NaN,
        "Reconciled Cost Of Revenue": NaN,
        "EBITDA": NaN,
        "EBIT": NaN,
        "Net Interest Income": NaN,
        "Interest Expense": NaN,
        "Interest Income": NaN,
        "Normalized Income": NaN,
        "Net Income From Continuing And Discontinued Operation": NaN,
        "Total Expenses": NaN,
        "Rent Expense Supplemental": NaN,
        "Total Operating Income As Reported": NaN,
        "Diluted Average Shares": 69072306.0,
        "Basic Average Shares": 59078180.0,
        "Diluted EPS": 293.2,
        "Basic EPS": 342.8,
        "Diluted NI Availto Com Stockholders": NaN,
        "Net Income Common Stockholders": NaN,
        "Net Income": NaN,
        "Minority Interests": -20545000000.0,
        "Net Income Including Noncontrolling Interests": NaN,
        "Net Income Continuous Operations": NaN,
        "Tax Provision": NaN,
        "Pretax Income": NaN,
        "Other Income Expense": NaN,
        "Other Non Operating Income Expenses": NaN,
        "Special Income Charges": NaN,
        "Gain On Sale Of Ppe": NaN,
        "Gain On Sale Of Business": NaN,
        "Other Special Charges": NaN,
        "Earnings From Equity Interest": NaN,
        "Gain On Sale Of Security": NaN,
        "Net Non Operating Interest Income Expense": NaN,
        "Total Other Finance Cost": NaN,
        "Interest Expense Non Operating": NaN,
        "Interest Income Non Operating": NaN,
        "Operating Income": NaN,
        "Operating Expense": NaN,
        "Other Operating Expenses": NaN,
        "Other Taxes": NaN,
        "Provision For Doubtful Accounts": NaN,
        "Depreciation Amortization Depletion Income Statement": NaN,
        "Depreciation And Amortization In Income Statement": NaN,
        "Selling General And Administration": NaN,
        "Selling And Marketing Expense": NaN,
        "General And Administrative Expense": NaN,
        "Other Gand A": NaN,
        "Rent And Landing Fees": NaN,
        "Salaries And Wages": NaN,
        "Gross Profit": NaN,
        "Cost Of Revenue": NaN,
        "Total Revenue": NaN,
        "Operating Revenue": NaN
    },
    "2022-09-30": {
        "Tax Effect Of Unusual Items": NaN,
        "Tax Rate For Calcs": NaN,
        "Normalized EBITDA": NaN,
        "Total Unusual Items": NaN,
        "Total Unusual Items Excluding Goodwill": NaN,
        "Net Income From Continuing Operation Net Minority Interest": NaN,
        "Reconciled Depreciation": NaN,
        "Reconciled Cost Of Revenue": NaN,
        "EBITDA": NaN,
        "EBIT": NaN,
        "Net Interest Income": NaN,
        "Interest Expense": NaN,
        "Interest Income": NaN,
        "Normalized Income": NaN,
        "Net Income From Continuing And Discontinued Operation": NaN,
        "Total Expenses": NaN,
        "Rent Expense Supplemental": 7380000000.0,
        "Total Operating Income As Reported": NaN,
        "Diluted Average Shares": NaN,
        "Basic Average Shares": NaN,
        "Diluted EPS": NaN,
        "Basic EPS": NaN,
        "Diluted NI Availto Com Stockholders": NaN,
        "Net Income Common Stockholders": NaN,
        "Net Income": NaN,
        "Minority Interests": NaN,
        "Net Income Including Noncontrolling Interests": NaN,
        "Net Income Continuous Operations": NaN,
        "Tax Provision": NaN,
        "Pretax Income": NaN,
        "Other Income Expense": NaN,
        "Other Non Operating Income Expenses": 1852000000.0,
        "Special Income Charges": NaN,
        "Gain On Sale Of Ppe": NaN,
        "Gain On Sale Of Business": 0.0,
        "Other Special Charges": NaN,
        "Earnings From Equity Interest": NaN,
        "Gain On Sale Of Security": NaN,
        "Net Non Operating Interest Income Expense": NaN,
        "Total Other Finance Cost": NaN,
        "Interest Expense Non Operating": NaN,
        "Interest Income Non Operating": NaN,
        "Operating Income": NaN,
        "Operating Expense": NaN,
        "Other Operating Expenses": NaN,
        "Other Taxes": 869000000.0,
        "Provision For Doubtful Accounts": -21000000.0,
        "Depreciation Amortization Depletion Income Statement": 115000000.0,
        "Depreciation And Amortization In Income Statement": 115000000.0,
        "Selling General And Administration": NaN,
        "Selling And Marketing Expense": NaN,
        "General And Administrative Expense": NaN,
        "Other Gand A": NaN,
        "Rent And Landing Fees": 48000000.0,
        "Salaries And Wages": 2077000000.0,
        "Gross Profit": NaN,
        "Cost Of Revenue": NaN,
        "Total Revenue": NaN,
        "Operating Revenue": NaN
    },
    "2022-06-30": {
        "Tax Effect Of Unusual Items": 7718400000.0,
        "Tax Rate For Calcs": 0.4,
        "Normalized EBITDA": -10364000000.0,
        "Total Unusual Items": 19296000000.0,
        "Total Unusual Items Excluding Goodwill": 19296000000.0,
        "Net Income From Continuing Operation Net Minority Interest": -2938000000.0,
        "Reconciled Depreciation": 3210000000.0,
        "Reconciled Cost Of Revenue": -4247000000.0,
        "EBITDA": 8932000000.0,
        "EBIT": 5722000000.0,
        "Net Interest Income": 5756000000.0,
        "Interest Expense": -5131000000.0,
        "Interest Income": 731000000.0,
        "Normalized Income": -14515600000.0,
        "Net Income From Continuing And Discontinued Operation": -2938000000.0,
        "Total Expenses": -8294000000.0,
        "Rent Expense Supplemental": -2273000000.0,
        "Total Operating Income As Reported": 22500000000.0,
        "Diluted Average Shares": 60298511.0,
        "Basic Average Shares": 60298511.0,
        "Diluted EPS": -49.785858,
        "Basic EPS": -48.726111,
        "Diluted NI Availto Com Stockholders": -2938000000.0,
        "Net Income Common Stockholders": -2938000000.0,
        "Net Income": -2938000000.0,
        "Minority Interests": -1264000000.0,
        "Net Income Including Noncontrolling Interests": -1674000000.0,
        "Net Income Continuous Operations": -1674000000.0,
        "Tax Provision": 12527000000.0,
        "Pretax Income": 10853000000.0,
        "Other Income Expense": 17555000000.0,
        "Other Non Operating Income Expenses": -2625000000.0,
        "Special Income Charges": -4280000000.0,
        "Gain On Sale Of Ppe": -4062000000.0,
        "Other Special Charges": 218000000.0,
        "Earnings From Equity Interest": 884000000.0,
        "Gain On Sale Of Security": 23576000000.0,
        "Net Non Operating Interest Income Expense": 5756000000.0,
        "Total Other Finance Cost": 106000000.0,
        "Interest Expense Non Operating": -5131000000.0,
        "Interest Income Non Operating": 731000000.0,
        "Operating Income": -12458000000.0,
        "Operating Expense": -4047000000.0,
        "Other Operating Expenses": 467000000.0,
        "Other Taxes": NaN,
        "Provision For Doubtful Accounts": NaN,
        "Depreciation Amortization Depletion Income Statement": NaN,
        "Depreciation And Amortization In Income Statement": NaN,
        "Selling General And Administration": -8002000000.0,
        "Selling And Marketing Expense": -4988000000.0,
        "General And Administrative Expense": -3014000000.0,
        "Other Gand A": -9580000000.0,
        "Rent And Landing Fees": NaN,
        "Salaries And Wages": NaN,
        "Gross Profit": -16505000000.0,
        "Cost Of Revenue": -4247000000.0,
        "Total Revenue": -20752000000.0,
        "Operating Revenue": -17586000000.0
    },
    "2021-12-31": {
        "Diluted EPS": 2.67,
        "Total Revenue": 170,
        "Gross Profit": 83,
        "Operating Income": 371,
        "EBIT": 373,
        "Net Income": 190
    },
    "2021-09-30": {
        "Diluted EPS": 0.49,
        "Total Revenue": 177,
        "Gross Profit": 59,
        "Operating Income": -29,
        "EBIT": -27,
        "Net Income": 21
    },
    "2021-06-30": {
        "Diluted EPS": -1.8,
        "Total Revenue": 218,
        "Gross Profit": 89,
        "Operating Income": 68,
        "EBIT": 103,
        "Net Income": -105
    },
    "2021-03-31": {
        "Diluted EPS": -0.13,
        "Total Revenue": 37,
        "Gross Profit": 97,
        "Operating Income": -106,
        "EBIT": -104,
        "Net Income": -7
    },
    "2020-12-31": {
        "Diluted EPS": -1.52,
        "Total Revenue": 117,
        "Gross Profit": 42,
        "Operating Income": -230,
        "EBIT": -229,
        "Net Income": -78
    },
    "2020-09-30": {
        "Diluted EPS": 0.75,
        "Total Revenue": 133,
        "Gross Profit": 40,
        "Operating Income": 334,
        "EBIT": 337,
        "Net Income": 40
    },
    "2020-06-30": {
        "Diluted EPS": 4.57,
        "Total Revenue": 614,
        "Gross Profit": 173,
        "Operating Income": 668,
        "EBIT": 753,
        "Net Income": 232
    },
    "2020-03-31": {
        "Diluted EPS": -1.64,
        "Total Revenue": 456,
        "Gross Profit": 166,
        "Operating Income": 74,
        "EBIT": 148,
        "Net Income": -83
    },
    "2019-12-31": {
        "Diluted EPS": -0.72,
        "Total Revenue": 462,
        "Gross Profit": 175,
        "Operating Income": -112,
        "EBIT": -55,
        "Net Income": -36
    },
    "2019-09-30": {
        "Diluted EPS": -0.95,
        "Total Revenue": 505,
        "Gross Profit": 171,
        "Operating Income": 255,
        "EBIT": 316,
        "Net Income": -47
    },
    "2019-06-30": {
        "Diluted EPS": -7.74,
        "Total Revenue": 786,
        "Gross Profit": 329,
        "Operating Income": -777,
        "EBIT": -715,
        "Net Income": -399
    },
    "2019-03-31": {
        "Diluted EPS": -1.23,
        "Total Revenue": 497,
        "Gross Profit": 192,
        "Operating Income": 92,
        "EBIT": 148,
        "Net Income": -64
    },
    "2018-12-31": {
        "Diluted EPS": -1.89,
        "Total Revenue": 470,
        "Gross Profit": 125,
        "Operating Income": -304,
        "EBIT": -258,
        "Net Income": -96
    },
    "2018-09-30": {
        "Diluted EPS": 1.25,
        "Total Revenue": 421,
        "Gross Profit": 172,
        "Operating Income": 599,
        "EBIT": 636,
        "Net Income": 66
    },
    "2018-06-30": {
        "Diluted EPS": 0.08,
        "Total Revenue": NaN,
        "Gross Profit": -434,
        "Operating Income": 382,
        "EBIT": 382,
        "Net Income": -12
    },
    "2018-03-31": {
        "Diluted EPS": 0.14,
        "Total Revenue": NaN,
        "Gross Profit": 396,
        "Operating Income": 193,
        "EBIT": 246,
        "Net Income": 25
    },
    "2017-12-31": {
        "Diluted EPS": 4.48,
        "Total Revenue": NaN,
        "Gross Profit": 436,
        "Operating Income": 587,
        "EBIT": 669,
        "Net Income": 251
    },
    "2017-09-30": {
        "Diluted EPS": 0.24,
        "Total Revenue": NaN,
        "Gross Profit": 400,
        "Operating Income": 343,
        "EBIT": 417,
        "Net Income": 13
    },
    "2017-06-30": {
        "Diluted EPS": 0.58,
        "Total Revenue": NaN,
        "Gross Profit": 418,
        "Operating Income": 491,
        "EBIT": 491,
        "Net Income": 32
    },
    "2017-03-31": {
        "Diluted EPS": 0.13,
        "Total Revenue": NaN,
        "Gross Profit": 353,
        "Operating Income": 35,
        "EBIT": 35,
        "Net Income": 7
    },
    "2016-12-31": {
        "Diluted EPS": 1.67,
        "Total Revenue": NaN,
        "Gross Profit": 361,
        "Operating Income": 55,
        "EBIT": 55,
        "Net Income": 91
    },
    "2016-09-30": {
        "Diluted EPS": -0.6,
        "Total Revenue": NaN,
        "Gross Profit": 370,
        "Operating Income": 72,
        "EBIT": 169,
        "Net Income": -32
    },
    "2016-06-30": {
        "Diluted EPS": -1.35,
        "Total Revenue": NaN,
        "Gross Profit": 501,
        "Operating Income": 107,
        "EBIT": 107,
        "Net Income": 1
    },
    "2016-03-31": {
        "Diluted EPS": -0.2,
        "Total Revenue": NaN,
        "Gross Profit": 313,
        "Operating Income": 77,
        "EBIT": 77,
        "Net Income": -11
    },
    "2015-12-31": {
        "Diluted EPS": -0.89,
        "Total Revenue": 177,
        "Gross Profit": 94,
        "Operating Income": 149,
        "EBIT": 149,
        "Net Income": -49
    },
    "2015-09-30": {
        "Diluted EPS": -0.58,
        "Total Revenue": 176,
        "Gross Profit": 67,
        "Operating Income": 31,
        "EBIT": 39,
        "Net Income": -32
    },
    "2015-06-30": {
        "Diluted EPS": 1.22,
        "Total Revenue": 93,
        "Gross Profit": -21,
        "Operating Income": 12,
        "EBIT": -11,
        "Net Income": 67
    },
    "2015-03-31": {
        "Diluted EPS": -0.57,
        "Total Revenue": 130,
        "Gross Profit": 56,
        "Operating Income": 30,
        "EBIT": 52,
        "Net Income": -31
    },
    "2014-12-31": {
        "Diluted EPS": -0.2,
        "Total Revenue": 164,
        "Gross Profit": 67,
        "Operating Income": 44,
        "EBIT": 44,
        "Net Income": -11
    },
    "2014-09-30": {
        "Diluted EPS": -0.26,
        "Total Revenue": 184,
        "Gross Profit": 65,
        "Operating Income": 34,
        "EBIT": 34,
        "Net Income": -14
    },
    "2014-06-30": {
        "Diluted EPS": -1.18,
        "Total Revenue": 170,
        "Gross Profit": 34,
        "Operating Income": -11,
        "EBIT": 33,
        "Net Income": -47
    },
    "2014-03-31": {
        "Diluted EPS": 0.0,
        "Total Revenue": 137,
        "Gross Profit": 87,
        "Operating Income": 58,
        "EBIT": 35,
        "Net Income": -23
    },
    "2013-12-31": {
        "Diluted EPS": -0.54,
        "Total Revenue": 36,
        "Gross Profit": -60,
        "Operating Income": -96,
        "EBIT": -72,
        "Net Income": -30
    },
    "2013-09-30": {
        "Diluted EPS": -0.3,
        "Total Revenue": 84,
        "Gross Profit": -54,
        "Operating Income": -90,
        "EBIT": -90,
        "Net Income": -16
    },
    "2013-06-30": {
        "Diluted EPS": -0.31,
        "Total Revenue": 207,
        "Gross Profit": 79,
        "Operating Income": 61,
        "EBIT": 113,
        "Net Income": -20
    },
    "2013-03-31": {
        "Diluted EPS": 0.07,
        "Total Revenue": 147,
        "Gross Profit": 8,
        "Operating Income": -18,
        "EBIT": -42,
        "Net Income": 5
    },
    "2012-12-31": {
        "Diluted EPS": 0.25,
        "Total Revenue": 171,
        "Gross Profit": 77,
        "Operating Income": 51,
        "EBIT": 65,
        "Net Income": 15
    },
    "2012-09-30": {
        "Diluted EPS": -0.05,
        "Total Revenue": 157,
        "Gross Profit": 63,
        "Operating Income": 25,
        "EBIT": 40,
        "Net Income": -3
    },
    "2012-06-30": {
        "Diluted EPS": 0.05,
        "Total Revenue": 282,
        "Gross Profit": 79,
        "Operating Income": 2,
        "EBIT": 17,
        "Net Income": 3
    },
    "2012-03-31": {
        "Diluted EPS": 0.11,
        "Total Revenue": 148,
        "Gross Profit": 62,
        "Operating Income": 31,
        "EBIT": 31,
        "Net Income": 6
    },
    "2011-12-31": {
        "Diluted EPS": 0.0,
        "Total Revenue": 172,
        "Gross Profit": 76,
        "Operating Income": 46,
        "EBIT": 46,
        "Net Income": 10
    },
    "2011-09-30": {
        "Diluted EPS": 0.01,
        "Total Revenue": 171,
        "Gross Profit": 36,
        "Operating Income": 9,
        "EBIT": 19,
        "Net Income": 0
    },
    "2011-06-30": {
        "Diluted EPS": 0.3,
        "Total Revenue": 188,
        "Gross Profit": 188,
        "Operating Income": 188,
        "EBIT": 188,
        "Net Income": 18
    },
    "2011-03-31": {
        "Diluted EPS": 0.14,
        "Total Revenue": 22,
        "Gross Profit": 22,
        "Operating Income": 22,
        "EBIT": 22,
        "Net Income": 8
    },
    "2010-12-31": {
        "Diluted EPS": 0.22,
        "Total Revenue": 136,
        "Gross Profit": 136,
        "Operating Income": 136,
        "EBIT": 136,
        "Net Income": 14
    },
    "2010-09-30": {
        "Diluted EPS": 0.18,
        "Total Revenue": 129,
        "Gross Profit": 66,
        "Operating Income": 39,
        "EBIT": 39,
        "Net Income": 13
    },
    "2010-06-30": {
        "Diluted EPS": 0.0,
        "Total Revenue": 678,
        "Gross Profit": 678,
        "Operating Income": 678,
        "EBIT": 678,
        "Net Income": 1
    },
    "2010-03-31": {
        "Diluted EPS": 0.19,
        "Total Revenue": 99,
        "Gross Profit": 99,
        "Operating Income": 99,
        "EBIT": 99,
        "Net Income": 11
    },
    "2009-12-31": {
        "Diluted EPS": 0.36,
        "Total Revenue": 127,
        "Gross Profit": 127,
        "Operating Income": 127,
        "EBIT": 127,
        "Net Income": 21
    },
    "2009-09-30": {
        "Diluted EPS": 0.27,
        "Total Revenue": 90,
        "Gross Profit": 40,
        "Operating Income": 14,
        "EBIT": 26,
        "Net Income": 16
    },
    "2009-06-30": {
        "Diluted EPS": 0.0,
        "Total Revenue": 333,
        "Gross Profit": 138,
        "Operating Income": 53,
        "EBIT": 92,
        "Net Income": 49
    },
    "2009-03-31": {
        "Diluted EPS": -0.03,
        "Total Revenue": 99,
        "Gross Profit": 63,
        "Operating Income": 45,
        "EBIT": 45,
        "Net Income": -2
    },
    "2023-06-30": {
        "Tax Effect Of Unusual Items": NaN,
        "Tax Rate For Calcs": NaN,
        "Normalized EBITDA": NaN,
        "Total Unusual Items": NaN,
        "Total Unusual Items Excluding Goodwill": NaN,
        "Net Income From Continuing Operation Net Minority Interest": NaN,
        "Reconciled Depreciation": NaN,
        "Reconciled Cost Of Revenue": NaN,
        "EBITDA": NaN,
        "EBIT": NaN,
        "Net Interest Income": NaN,
        "Interest Expense": NaN,
        "Interest Income": NaN,
        "Normalized Income": NaN,
        "Net Income From Continuing And Discontinued Operation": NaN,
        "Total Expenses": NaN,
        "Rent Expense Supplemental": 8836000000.0,
        "Total Operating Income As Reported": NaN,
        "Diluted Average Shares": NaN,
        "Basic Average Shares": NaN,
        "Diluted EPS": NaN,
        "Basic EPS": NaN,
        "Diluted NI Availto Com Stockholders": NaN,
        "Net Income Common Stockholders": NaN,
        "Net Income": NaN,
        "Minority Interests": NaN,
        "Net Income Including Noncontrolling Interests": NaN,
        "Net Income Continuous Operations": NaN,
        "Tax Provision": NaN,
        "Pretax Income": NaN,
        "Other Income Expense": NaN,
        "Other Non Operating Income Expenses": -1235000000.0,
        "Special Income Charges": NaN,
        "Gain On Sale Of Ppe": NaN,
        "Gain On Sale Of Business": NaN,
        "Other Special Charges": NaN,
        "Impairment Of Capital Assets": NaN,
        "Earnings From Equity Interest": NaN,
        "Gain On Sale Of Security": NaN,
        "Net Non Operating Interest Income Expense": NaN,
        "Total Other Finance Cost": NaN,
        "Interest Expense Non Operating": NaN,
        "Interest Income Non Operating": NaN,
        "Operating Income": NaN,
        "Operating Expense": NaN,
        "Other Operating Expenses": NaN,
        "Other Taxes": 2551000000.0,
        "Provision For Doubtful Accounts": 69000000.0,
        "Depreciation Amortization Depletion Income Statement": 384000000.0,
        "Depreciation And Amortization In Income Statement": 384000000.0,
        "Selling General And Administration": NaN,
        "Selling And Marketing Expense": NaN,
        "General And Administrative Expense": NaN,
        "Other Gand A": NaN,
        "Rent And Landing Fees": 126000000.0,
        "Salaries And Wages": 12970000000.0,
        "Gross Profit": NaN,
        "Cost Of Revenue": NaN,
        "Total Revenue": NaN,
        "Operating Revenue": NaN
    },
    "2023-09-30": {
        "Tax Effect Of Unusual Items": 110538366007.30077,
        "Tax Rate For Calcs": 0.343104,
        "Normalized EBITDA": 70441000000.0,
        "Total Unusual Items": 322172000000.0,
        "Total Unusual Items Excluding Goodwill": 322172000000.0,
        "Net Income From Continuing Operation Net Minority Interest": 126011000000.0,
        "Reconciled Depreciation": 2874000000.0,
        "Reconciled Cost Of Revenue": 131838000000.0,
        "EBITDA": 392613000000.0,
        "EBIT": 389739000000.0,
        "Net Interest Income": 5704000000.0,
        "Interest Expense": 18271000000.0,
        "Interest Income": 21588000000.0,
        "Normalized Income": -85622633992.69923,
        "Net Income From Continuing And Discontinued Operation": 126011000000.0,
        "Total Expenses": 169049000000.0,
        "Rent Expense Supplemental": 21898000000.0,
        "Total Operating Income As Reported": 359771000000.0,
        "Diluted Average Shares": 59210799.0,
        "Basic Average Shares": 59210799.0,
        "Diluted EPS": 2128.175977,
        "Basic EPS": 2128.175977,
        "Diluted NI Availto Com Stockholders": 126011000000.0,
        "Net Income Common Stockholders": 126011000000.0,
        "Net Income": 126011000000.0,
        "Minority Interests": -118005000000.0,
        "Net Income Including Noncontrolling Interests": 244016000000.0,
        "Net Income Continuous Operations": 244016000000.0,
        "Tax Provision": 127452000000.0,
        "Pretax Income": 371468000000.0,
        "Other Income Expense": 326166000000.0,
        "Other Non Operating Income Expenses": -105000000.0,
        "Special Income Charges": 24583000000.0,
        "Gain On Sale Of Ppe": -2266000000.0,
        "Gain On Sale Of Business": -558000000.0,
        "Other Special Charges": -26849000000.0,
        "Impairment Of Capital Assets": 0.0,
        "Earnings From Equity Interest": 4099000000.0,
        "Gain On Sale Of Security": 297589000000.0,
        "Net Non Operating Interest Income Expense": 5704000000.0,
        "Total Other Finance Cost": -2387000000.0,
        "Interest Expense Non Operating": 18271000000.0,
        "Interest Income Non Operating": 21588000000.0,
        "Operating Income": 39598000000.0,
        "Operating Expense": 37211000000.0,
        "Other Operating Expenses": 12575000000.0,
        "Other Taxes": 2881000000.0,
        "Provision For Doubtful Accounts": 56000000.0,
        "Depreciation Amortization Depletion Income Statement": 330000000.0,
        "Depreciation And Amortization In Income Statement": 330000000.0,
        "Selling General And Administration": 24636000000.0,
        "Selling And Marketing Expense": 17624000000.0,
        "General And Administrative Expense": 7012000000.0,
        "Other Gand A": 7012000000.0,
        "Rent And Landing Fees": 61000000.0,
        "Salaries And Wages": 185000000.0,
        "Gross Profit": 76809000000.0,
        "Cost Of Revenue": 131838000000.0,
        "Total Revenue": 208647000000.0,
        "Operating Revenue": 208647000000.0
    },
    "2023-12-31": {
        "Tax Effect Of Unusual Items": 15006600000.0,
        "Tax Rate For Calcs": 0.35,
        "Normalized EBITDA": -58609000000.0,
        "Total Unusual Items": 42876000000.0,
        "Total Unusual Items Excluding Goodwill": 42876000000.0,
        "Net Income From Continuing Operation Net Minority Interest": -13711000000.0,
        "Reconciled Depreciation": -7000000.0,
        "Reconciled Cost Of Revenue": 44248000000.0,
        "EBITDA": -15733000000.0,
        "EBIT": -15733000000.0,
        "Net Interest Income": -123001000000.0,
        "Interest Expense": 8655000000.0,
        "Interest Income": 4774000000.0,
        "Normalized Income": -41580400000.0,
        "Net Income From Continuing And Discontinued Operation": -13711000000.0,
        "Total Expenses": 62486000000.0,
        "Rent Expense Supplemental": NaN,
        "Total Operating Income As Reported": 27908000000.0,
        "Diluted Average Shares": 59201209.0,
        "Basic Average Shares": 59201209.0,
        "Diluted EPS": -231.6,
        "Basic EPS": -231.6,
        "Diluted NI Availto Com Stockholders": -13711000000.0,
        "Net Income Common Stockholders": -13711000000.0,
        "Net Income": -13711000000.0,
        "Minority Interests": -14865000000.0,
        "Net Income Including Noncontrolling Interests": 1154000000.0,
        "Net Income Continuous Operations": 1154000000.0,
        "Tax Provision": -25542000000.0,
        "Pretax Income": -24388000000.0,
        "Other Income Expense": 59860000000.0,
        "Other Non Operating Income Expenses": NaN,
        "Special Income Charges": 57902000000.0,
        "Gain On Sale Of Ppe": 4181000000.0,
        "Gain On Sale Of Business": NaN,
        "Other Special Charges": -53721000000.0,
        "Impairment Of Capital Assets": NaN,
        "Earnings From Equity Interest": 16984000000.0,
        "Gain On Sale Of Security": -15026000000.0,
        "Net Non Operating Interest Income Expense": -123001000000.0,
        "Total Other Finance Cost": 119120000000.0,
        "Interest Expense Non Operating": 8655000000.0,
        "Interest Income Non Operating": 4774000000.0,
        "Operating Income": 38753000000.0,
        "Operating Expense": 18238000000.0,
        "Other Operating Expenses": -1989000000.0,
        "Other Taxes": NaN,
        "Provision For Doubtful Accounts": NaN,
        "Depreciation Amortization Depletion Income Statement": NaN,
        "Depreciation And Amortization In Income Statement": NaN,
        "Selling General And Administration": 20227000000.0,
        "Selling And Marketing Expense": 7556000000.0,
        "General And Administrative Expense": 12671000000.0,
        "Other Gand A": 12671000000.0,
        "Rent And Landing Fees": NaN,
        "Salaries And Wages": NaN,
        "Gross Profit": 56991000000.0,
        "Cost Of Revenue": 44248000000.0,
        "Total Revenue": 101239000000.0,
        "Operating Revenue": 101239000000.0
    },
    "2024-03-31": {
        "Tax Effect Of Unusual Items": -248092600000.0,
        "Tax Rate For Calcs": 0.35,
        "Normalized EBITDA": 379176000000.0,
        "Total Unusual Items": -708836000000.0,
        "Total Unusual Items Excluding Goodwill": -708836000000.0,
        "Net Income From Continuing Operation Net Minority Interest": -51652000000.0,
        "Reconciled Depreciation": 3768000000.0,
        "Reconciled Cost Of Revenue": 78553000000.0,
        "EBITDA": -329660000000.0,
        "EBIT": -333428000000.0,
        "Net Interest Income": 313355000000.0,
        "Interest Expense": 18972000000.0,
        "Interest Income": 32377000000.0,
        "Normalized Income": 409091400000.0,
        "Net Income From Continuing And Discontinued Operation": -51652000000.0,
        "Total Expenses": 96842000000.0,
        "Rent Expense Supplemental": NaN,
        "Total Operating Income As Reported": -546145000000.0,
        "Diluted Average Shares": 58823737.0,
        "Basic Average Shares": 58823737.0,
        "Diluted EPS": -878.080901,
        "Basic EPS": -878.080901,
        "Diluted NI Availto Com Stockholders": -51652000000.0,
        "Net Income Common Stockholders": -51652000000.0,
        "Net Income": -51652000000.0,
        "Minority Interests": 159282000000.0,
        "Net Income Including Noncontrolling Interests": -210934000000.0,
        "Net Income Continuous Operations": -210934000000.0,
        "Tax Provision": -141466000000.0,
        "Pretax Income": -352400000000.0,
        "Other Income Expense": -709288000000.0,
        "Other Non Operating Income Expenses": NaN,
        "Special Income Charges": -119307000000.0,
        "Gain On Sale Of Ppe": -149000000.0,
        "Gain On Sale Of Business": NaN,
        "Other Special Charges": 119158000000.0,
        "Impairment Of Capital Assets": NaN,
        "Earnings From Equity Interest": -452000000.0,
        "Gain On Sale Of Security": -589529000000.0,
        "Net Non Operating Interest Income Expense": 313355000000.0,
        "Total Other Finance Cost": -299950000000.0,
        "Interest Expense Non Operating": 18972000000.0,
        "Interest Income Non Operating": 32377000000.0,
        "Operating Income": 43533000000.0,
        "Operating Expense": 18289000000.0,
        "Other Operating Expenses": -9591000000.0,
        "Other Taxes": NaN,
        "Provision For Doubtful Accounts": NaN,
        "Depreciation Amortization Depletion Income Statement": NaN,
        "Depreciation And Amortization In Income Statement": NaN,
        "Selling General And Administration": 27880000000.0,
        "Selling And Marketing Expense": 11585000000.0,
        "General And Administrative Expense": 16295000000.0,
        "Other Gand A": 16295000000.0,
        "Rent And Landing Fees": NaN,
        "Salaries And Wages": NaN,
        "Gross Profit": 61822000000.0,
        "Cost Of Revenue": 78553000000.0,
        "Total Revenue": 140375000000.0,
        "Operating Revenue": 140375000000.0
    },
    "2024-06-30": {
        "Tax Effect Of Unusual Items": 19492155671.764698,
        "Tax Rate For Calcs": 0.158044,
        "Normalized EBITDA": 43596000000.0,
        "Total Unusual Items": 123334000000.0,
        "Total Unusual Items Excluding Goodwill": 123334000000.0,
        "Net Income From Continuing Operation Net Minority Interest": 56120000000.0,
        "Reconciled Depreciation": 3938000000.0,
        "Reconciled Cost Of Revenue": 172432000000.0,
        "EBITDA": 166930000000.0,
        "EBIT": 162992000000.0,
        "Net Interest Income": 4658000000.0,
        "Interest Expense": 20911000000.0,
        "Interest Income": 31607000000.0,
        "Normalized Income": -47721844328.235306,
        "Net Income From Continuing And Discontinued Operation": 56120000000.0,
        "Total Expenses": 248870000000.0,
        "Rent Expense Supplemental": 24043000000.0,
        "Total Operating Income As Reported": 96988000000.0,
        "Diluted Average Shares": NaN,
        "Basic Average Shares": NaN,
        "Diluted EPS": NaN,
        "Basic EPS": NaN,
        "Diluted NI Availto Com Stockholders": 56120000000.0,
        "Net Income Common Stockholders": 56120000000.0,
        "Net Income": 56120000000.0,
        "Minority Interests": -63506000000.0,
        "Net Income Including Noncontrolling Interests": 119626000000.0,
        "Net Income Continuous Operations": 119626000000.0,
        "Tax Provision": 22455000000.0,
        "Pretax Income": 142081000000.0,
        "Other Income Expense": 125733000000.0,
        "Other Non Operating Income Expenses": NaN,
        "Special Income Charges": 16024000000.0,
        "Gain On Sale Of Ppe": 46137000000.0,
        "Gain On Sale Of Business": -155000000.0,
        "Other Special Charges": 29958000000.0,
        "Impairment Of Capital Assets": NaN,
        "Earnings From Equity Interest": 3273000000.0,
        "Gain On Sale Of Security": 107310000000.0,
        "Net Non Operating Interest Income Expense": 4658000000.0,
        "Total Other Finance Cost": 6038000000.0,
        "Interest Expense Non Operating": 20911000000.0,
        "Interest Income Non Operating": 31607000000.0,
        "Operating Income": 11690000000.0,
        "Operating Expense": 73857000000.0,
        "Other Operating Expenses": 8604000000.0,
        "Other Taxes": 9213000000.0,
        "Provision For Doubtful Accounts": 568000000.0,
        "Depreciation Amortization Depletion Income Statement": 1357000000.0,
        "Depreciation And Amortization In Income Statement": 1357000000.0,
        "Selling General And Administration": 54115000000.0,
        "Selling And Marketing Expense": 9695000000.0,
        "General And Administrative Expense": 44420000000.0,
        "Other Gand A": 4305000000.0,
        "Rent And Landing Fees": 390000000.0,
        "Salaries And Wages": 39725000000.0,
        "Gross Profit": 85547000000.0,
        "Cost Of Revenue": 175013000000.0,
        "Total Revenue": 260560000000.0,
        "Operating Revenue": 260560000000.0
    },
    "2024-09-30": {
        "Tax Effect Of Unusual Items": -55461000000.0,
        "Tax Rate For Calcs": 0.35,
        "Normalized EBITDA": 44763000000.0,
        "Total Unusual Items": -158460000000.0,
        "Total Unusual Items Excluding Goodwill": -158460000000.0,
        "Net Income From Continuing Operation Net Minority Interest": -39562000000.0,
        "Reconciled Depreciation": 3079000000.0,
        "Reconciled Cost Of Revenue": 158385000000.0,
        "EBITDA": -113697000000.0,
        "EBIT": -116776000000.0,
        "Net Interest Income": -13241000000.0,
        "Interest Expense": 16418000000.0,
        "Interest Income": 4710000000.0,
        "Normalized Income": 63437000000.0,
        "Net Income From Continuing And Discontinued Operation": -39562000000.0,
        "Total Expenses": 195947000000.0,
        "Rent Expense Supplemental": 23294000000.0,
        "Total Operating Income As Reported": -172626000000.0,
        "Diluted Average Shares": 59676423.0,
        "Basic Average Shares": 59676423.0,
        "Diluted EPS": -662.941879,
        "Basic EPS": -662.941879,
        "Diluted NI Availto Com Stockholders": -39562000000.0,
        "Net Income Common Stockholders": -39562000000.0,
        "Net Income": -39562000000.0,
        "Minority Interests": 32812000000.0,
        "Net Income Including Noncontrolling Interests": -72374000000.0,
        "Net Income Continuous Operations": -72374000000.0,
        "Tax Provision": -60820000000.0,
        "Pretax Income": -133194000000.0,
        "Other Income Expense": -150513000000.0,
        "Other Non Operating Income Expenses": -168000000.0,
        "Special Income Charges": 6914000000.0,
        "Gain On Sale Of Ppe": 21966000000.0,
        "Gain On Sale Of Business": NaN,
        "Other Special Charges": 8050000000.0,
        "Impairment Of Capital Assets": 7002000000.0,
        "Earnings From Equity Interest": 8115000000.0,
        "Gain On Sale Of Security": -165374000000.0,
        "Net Non Operating Interest Income Expense": -13241000000.0,
        "Total Other Finance Cost": 1533000000.0,
        "Interest Expense Non Operating": 16418000000.0,
        "Interest Income Non Operating": 4710000000.0,
        "Operating Income": 30560000000.0,
        "Operating Expense": 35439000000.0,
        "Other Operating Expenses": -810000000.0,
        "Other Taxes": 6741000000.0,
        "Provision For Doubtful Accounts": 390000000.0,
        "Depreciation Amortization Depletion Income Statement": 956000000.0,
        "Depreciation And Amortization In Income Statement": 956000000.0,
        "Selling General And Administration": 28162000000.0,
        "Selling And Marketing Expense": 10321000000.0,
        "General And Administrative Expense": 17841000000.0,
        "Other Gand A": 2933000000.0,
        "Rent And Landing Fees": 326000000.0,
        "Salaries And Wages": 14582000000.0,
        "Gross Profit": 65999000000.0,
        "Cost Of Revenue": 160508000000.0,
        "Total Revenue": 226507000000.0,
        "Operating Revenue": 226507000000.0
    }
}