{
    "2023-06-30": {
        "Tax Effect Of Unusual Items": NaN,
        "Tax Rate For Calcs": NaN,
        "Normalized EBITDA": NaN,
        "Total Unusual Items": 0.0,
        "Total Unusual Items Excluding Goodwill": 0.0,
        "Net Income From Continuing Operation Net Minority Interest": NaN,
        "Reconciled Depreciation": NaN,
        "Reconciled Cost Of Revenue": NaN,
        "EBITDA": NaN,
        "EBIT": NaN,
        "Net Interest Income": NaN,
        "Interest Expense": NaN,
        "Interest Income": NaN,
        "Normalized Income": NaN,
        "Net Income From Continuing And Discontinued Operation": NaN,
        "Total Expenses": NaN,
        "Total Operating Income As Reported": NaN,
        "Diluted Average Shares": NaN,
        "Basic Average Shares": NaN,
        "Diluted EPS": NaN,
        "Basic EPS": NaN,
        "Diluted NI Availto Com Stockholders": NaN,
        "Net Income Common Stockholders": NaN,
        "Otherunder Preferred Stock Dividend": NaN,
        "Net Income": NaN,
        "Net Income Including Noncontrolling Interests": NaN,
        "Net Income Continuous Operations": NaN,
        "Tax Provision": NaN,
        "Pretax Income": NaN,
        "Other Income Expense": NaN,
        "Other Non Operating Income Expenses": NaN,
        "Special Income Charges": 0.0,
        "Net Non Operating Interest Income Expense": NaN,
        "Interest Expense Non Operating": NaN,
        "Interest Income Non Operating": NaN,
        "Operating Income": NaN,
        "Operating Expense": NaN,
        "Other Operating Expenses": NaN,
        "Selling General And Administration": NaN,
        "Gross Profit": NaN,
        "Cost Of Revenue": NaN,
        "Total Revenue": NaN,
        "Operating Revenue": NaN
    },
    "2023-03-31": {
        "Tax Effect Of Unusual Items": 0.0,
        "Tax Rate For Calcs": 0.245,
        "Normalized EBITDA": 73050000.0,
        "Total Unusual Items": NaN,
        "Total Unusual Items Excluding Goodwill": NaN,
        "Net Income From Continuing Operation Net Minority Interest": 35996000.0,
        "Reconciled Depreciation": 15738000.0,
        "Reconciled Cost Of Revenue": 386413000.0,
        "EBITDA": 73050000.0,
        "EBIT": 57312000.0,
        "Net Interest Income": -8944000.0,
        "Interest Expense": 9644000.0,
        "Interest Income": 700000.0,
        "Normalized Income": 35996000.0,
        "Net Income From Continuing And Discontinued Operation": 35996000.0,
        "Total Expenses": 639526000.0,
        "Total Operating Income As Reported": 56354000.0,
        "Diluted Average Shares": 37112590.0,
        "Basic Average Shares": 37104527.0,
        "Diluted EPS": 0.95,
        "Basic EPS": 0.95,
        "Diluted NI Availto Com Stockholders": 35420000.0,
        "Net Income Common Stockholders": 35420000.0,
        "Otherunder Preferred Stock Dividend": 576000.0,
        "Net Income": 35996000.0,
        "Net Income Including Noncontrolling Interests": 35996000.0,
        "Net Income Continuous Operations": 35996000.0,
        "Tax Provision": 11672000.0,
        "Pretax Income": 47668000.0,
        "Other Income Expense": 258000.0,
        "Other Non Operating Income Expenses": 258000.0,
        "Special Income Charges": NaN,
        "Other Special Charges": NaN,
        "Net Non Operating Interest Income Expense": -8944000.0,
        "Interest Expense Non Operating": 9644000.0,
        "Interest Income Non Operating": 700000.0,
        "Operating Income": 56354000.0,
        "Operating Expense": 253113000.0,
        "Other Operating Expenses": -6519000.0,
        "Selling General And Administration": 259632000.0,
        "Gross Profit": 309467000.0,
        "Cost Of Revenue": 386413000.0,
        "Total Revenue": 695880000.0,
        "Operating Revenue": 695880000.0
    },
    "2022-12-31": {
        "Tax Effect Of Unusual Items": NaN,
        "Tax Rate For Calcs": NaN,
        "Normalized EBITDA": NaN,
        "Total Unusual Items": -9000000.0,
        "Total Unusual Items Excluding Goodwill": -9000000.0,
        "Net Income From Continuing Operation Net Minority Interest": NaN,
        "Reconciled Depreciation": NaN,
        "Reconciled Cost Of Revenue": NaN,
        "EBITDA": NaN,
        "EBIT": NaN,
        "Net Interest Income": NaN,
        "Interest Expense": NaN,
        "Interest Income": NaN,
        "Normalized Income": NaN,
        "Net Income From Continuing And Discontinued Operation": NaN,
        "Total Expenses": NaN,
        "Total Operating Income As Reported": NaN,
        "Diluted Average Shares": NaN,
        "Basic Average Shares": NaN,
        "Diluted EPS": NaN,
        "Basic EPS": NaN,
        "Diluted NI Availto Com Stockholders": NaN,
        "Net Income Common Stockholders": NaN,
        "Otherunder Preferred Stock Dividend": NaN,
        "Net Income": NaN,
        "Net Income Including Noncontrolling Interests": NaN,
        "Net Income Continuous Operations": NaN,
        "Tax Provision": NaN,
        "Pretax Income": NaN,
        "Other Income Expense": NaN,
        "Other Non Operating Income Expenses": NaN,
        "Special Income Charges": -9000000.0,
        "Other Special Charges": 0.0,
        "Net Non Operating Interest Income Expense": NaN,
        "Interest Expense Non Operating": NaN,
        "Interest Income Non Operating": NaN,
        "Operating Income": NaN,
        "Operating Expense": NaN,
        "Other Operating Expenses": NaN,
        "Selling General And Administration": NaN,
        "Gross Profit": NaN,
        "Cost Of Revenue": NaN,
        "Total Revenue": NaN,
        "Operating Revenue": NaN
    },
    "2022-09-30": {
        "Tax Effect Of Unusual Items": NaN,
        "Tax Rate For Calcs": NaN,
        "Normalized EBITDA": NaN,
        "Total Unusual Items": 0.0,
        "Total Unusual Items Excluding Goodwill": 0.0,
        "Net Income From Continuing Operation Net Minority Interest": NaN,
        "Reconciled Depreciation": NaN,
        "Reconciled Cost Of Revenue": NaN,
        "EBITDA": NaN,
        "EBIT": NaN,
        "Net Interest Income": NaN,
        "Interest Expense": NaN,
        "Interest Income": NaN,
        "Normalized Income": NaN,
        "Net Income From Continuing And Discontinued Operation": NaN,
        "Total Expenses": NaN,
        "Total Operating Income As Reported": NaN,
        "Diluted Average Shares": NaN,
        "Basic Average Shares": NaN,
        "Diluted EPS": NaN,
        "Basic EPS": NaN,
        "Diluted NI Availto Com Stockholders": NaN,
        "Net Income Common Stockholders": NaN,
        "Otherunder Preferred Stock Dividend": NaN,
        "Net Income": NaN,
        "Net Income Including Noncontrolling Interests": NaN,
        "Net Income Continuous Operations": NaN,
        "Tax Provision": NaN,
        "Pretax Income": NaN,
        "Other Income Expense": NaN,
        "Other Non Operating Income Expenses": NaN,
        "Special Income Charges": 0.0,
        "Other Special Charges": NaN,
        "Net Non Operating Interest Income Expense": NaN,
        "Interest Expense Non Operating": NaN,
        "Interest Income Non Operating": NaN,
        "Operating Income": NaN,
        "Operating Expense": NaN,
        "Other Operating Expenses": NaN,
        "Selling General And Administration": NaN,
        "Gross Profit": NaN,
        "Cost Of Revenue": NaN,
        "Total Revenue": NaN,
        "Operating Revenue": NaN
    },
    "2022-06-30": {
        "Tax Effect Of Unusual Items": -4287100.0,
        "Tax Rate For Calcs": 0.215,
        "Normalized EBITDA": 93162000.0,
        "Total Unusual Items": -19940000.0,
        "Total Unusual Items Excluding Goodwill": -19940000.0,
        "Net Income From Continuing Operation Net Minority Interest": 36970000.0,
        "Reconciled Depreciation": 17489000.0,
        "Reconciled Cost Of Revenue": 369456000.0,
        "EBITDA": 73222000.0,
        "EBIT": 55733000.0,
        "Net Interest Income": -8380000.0,
        "Interest Expense": 8652000.0,
        "Interest Income": 272000.0,
        "Normalized Income": 52622900.0,
        "Net Income From Continuing And Discontinued Operation": 36970000.0,
        "Total Expenses": 625277000.0,
        "Total Operating Income As Reported": 75418000.0,
        "Diluted Average Shares": 39373987.0,
        "Basic Average Shares": 39344834.0,
        "Diluted EPS": 0.93,
        "Basic EPS": 0.93,
        "Diluted NI Availto Com Stockholders": 36434000.0,
        "Average Dilution Earnings": NaN,
        "Net Income Common Stockholders": 36434000.0,
        "Otherunder Preferred Stock Dividend": 536000.0,
        "Net Income": 36970000.0,
        "Net Income Including Noncontrolling Interests": 36970000.0,
        "Net Income Continuous Operations": 36970000.0,
        "Tax Provision": 10111000.0,
        "Pretax Income": 47081000.0,
        "Other Income Expense": -19957000.0,
        "Other Non Operating Income Expenses": -17000.0,
        "Special Income Charges": -19940000.0,
        "Other Special Charges": 19940000.0,
        "Write Off": NaN,
        "Net Non Operating Interest Income Expense": -8380000.0,
        "Interest Expense Non Operating": 8652000.0,
        "Interest Income Non Operating": 272000.0,
        "Operating Income": 75418000.0,
        "Operating Expense": 255821000.0,
        "Other Operating Expenses": -5602000.0,
        "Selling General And Administration": 261423000.0,
        "Gross Profit": 331239000.0,
        "Cost Of Revenue": 369456000.0,
        "Total Revenue": 700695000.0,
        "Operating Revenue": 700695000.0
    },
    "2022-03-31": {
        "Diluted EPS": 1.66,
        "Total Revenue": 781,
        "Gross Profit": 355,
        "Operating Income": 103,
        "EBIT": 118,
        "Net Income": 68
    },
    "2021-12-31": {
        "Diluted EPS": 2.3,
        "Total Revenue": NaN,
        "Gross Profit": 493,
        "Operating Income": 138,
        "EBIT": 165,
        "Net Income": 99
    },
    "2021-09-30": {
        "Diluted EPS": 1.93,
        "Total Revenue": 891,
        "Gross Profit": 409,
        "Operating Income": 124,
        "EBIT": 146,
        "Net Income": 85
    },
    "2021-06-30": {
        "Diluted EPS": 1.62,
        "Total Revenue": 746,
        "Gross Profit": 369,
        "Operating Income": 108,
        "EBIT": 131,
        "Net Income": 71
    },
    "2021-03-31": {
        "Diluted EPS": 1.96,
        "Total Revenue": 787,
        "Gross Profit": 392,
        "Operating Income": 127,
        "EBIT": 152,
        "Net Income": 85
    },
    "2020-12-31": {
        "Diluted EPS": 2.28,
        "Total Revenue": 990,
        "Gross Profit": 466,
        "Operating Income": 134,
        "EBIT": 132,
        "Net Income": 99
    },
    "2020-09-30": {
        "Diluted EPS": 1.85,
        "Total Revenue": 865,
        "Gross Profit": 384,
        "Operating Income": 114,
        "EBIT": 138,
        "Net Income": 81
    },
    "2020-06-30": {
        "Diluted EPS": 0.19,
        "Total Revenue": 515,
        "Gross Profit": 236,
        "Operating Income": 21,
        "EBIT": 44,
        "Net Income": 8
    },
    "2020-03-31": {
        "Diluted EPS": -1.82,
        "Total Revenue": 654,
        "Gross Profit": 228,
        "Operating Income": -78,
        "EBIT": -11,
        "Net Income": -79
    },
    "2019-12-31": {
        "Diluted EPS": 2.79,
        "Total Revenue": NaN,
        "Gross Profit": 467,
        "Operating Income": 163,
        "EBIT": 188,
        "Net Income": 125
    },
    "2019-09-30": {
        "Diluted EPS": 1.34,
        "Total Revenue": 943,
        "Gross Profit": 402,
        "Operating Income": 84,
        "EBIT": 139,
        "Net Income": 60
    },
    "2019-06-30": {
        "Diluted EPS": 0.97,
        "Total Revenue": 734,
        "Gross Profit": 323,
        "Operating Income": 64,
        "EBIT": 88,
        "Net Income": 44
    },
    "2019-03-31": {
        "Diluted EPS": 0.75,
        "Total Revenue": 741,
        "Gross Profit": 316,
        "Operating Income": 61,
        "EBIT": 85,
        "Net Income": 34
    },
    "2018-12-31": {
        "Diluted EPS": 2.79,
        "Total Revenue": NaN,
        "Gross Profit": 468,
        "Operating Income": 171,
        "EBIT": 194,
        "Net Income": 130
    },
    "2018-09-30": {
        "Diluted EPS": 1.53,
        "Total Revenue": 924,
        "Gross Profit": 387,
        "Operating Income": 104,
        "EBIT": 126,
        "Net Income": 71
    },
    "2018-06-30": {
        "Diluted EPS": 0.79,
        "Total Revenue": 696,
        "Gross Profit": 310,
        "Operating Income": 57,
        "EBIT": 79,
        "Net Income": 37
    },
    "2018-03-31": {
        "Diluted EPS": 0.89,
        "Total Revenue": 756,
        "Gross Profit": 332,
        "Operating Income": 60,
        "EBIT": 83,
        "Net Income": 42
    },
    "2017-12-31": {
        "Diluted EPS": 2.81,
        "Total Revenue": NaN,
        "Gross Profit": 461,
        "Operating Income": 146,
        "EBIT": 169,
        "Net Income": 137
    },
    "2017-09-30": {
        "Diluted EPS": 1.71,
        "Total Revenue": 948,
        "Gross Profit": 404,
        "Operating Income": 130,
        "EBIT": 152,
        "Net Income": 82
    },
    "2017-06-30": {
        "Diluted EPS": 0.77,
        "Total Revenue": 692,
        "Gross Profit": 303,
        "Operating Income": 64,
        "EBIT": 86,
        "Net Income": 38
    },
    "2017-03-31": {
        "Diluted EPS": 0.95,
        "Total Revenue": 733,
        "Gross Profit": 316,
        "Operating Income": 78,
        "EBIT": 99,
        "Net Income": 47
    },
    "2016-12-31": {
        "Diluted EPS": 1.73,
        "Total Revenue": 934,
        "Gross Profit": 410,
        "Operating Income": 139,
        "EBIT": 158,
        "Net Income": 85
    },
    "2016-09-30": {
        "Diluted EPS": 1.6,
        "Total Revenue": 901,
        "Gross Profit": 376,
        "Operating Income": 131,
        "EBIT": 149,
        "Net Income": 81
    },
    "2016-06-30": {
        "Diluted EPS": 0.71,
        "Total Revenue": 639,
        "Gross Profit": 282,
        "Operating Income": 63,
        "EBIT": 82,
        "Net Income": 36
    },
    "2016-03-31": {
        "Diluted EPS": 1.04,
        "Total Revenue": 724,
        "Gross Profit": 311,
        "Operating Income": 93,
        "EBIT": 112,
        "Net Income": 54
    },
    "2015-12-31": {
        "Diluted EPS": 1.37,
        "Total Revenue": 867,
        "Gross Profit": 364,
        "Operating Income": 116,
        "EBIT": 135,
        "Net Income": 72
    },
    "2015-09-30": {
        "Diluted EPS": 1.51,
        "Total Revenue": 850,
        "Gross Profit": 348,
        "Operating Income": 130,
        "EBIT": 145,
        "Net Income": 79
    },
    "2015-06-30": {
        "Diluted EPS": 0.68,
        "Total Revenue": 613,
        "Gross Profit": 263,
        "Operating Income": 62,
        "EBIT": 80,
        "Net Income": 36
    },
    "2015-03-31": {
        "Diluted EPS": 0.94,
        "Total Revenue": 685,
        "Gross Profit": 284,
        "Operating Income": 85,
        "EBIT": 102,
        "Net Income": 49
    },
    "2014-12-31": {
        "Diluted EPS": 1.28,
        "Total Revenue": 869,
        "Gross Profit": 356,
        "Operating Income": 114,
        "EBIT": 132,
        "Net Income": 70
    },
    "2014-09-30": {
        "Diluted EPS": 1.23,
        "Total Revenue": 799,
        "Gross Profit": 321,
        "Operating Income": 110,
        "EBIT": 126,
        "Net Income": 65
    },
    "2014-06-30": {
        "Diluted EPS": 0.48,
        "Total Revenue": 574,
        "Gross Profit": 245,
        "Operating Income": 47,
        "EBIT": 68,
        "Net Income": 26
    },
    "2014-03-31": {
        "Diluted EPS": 0.63,
        "Total Revenue": 652,
        "Gross Profit": 262,
        "Operating Income": 62,
        "EBIT": 84,
        "Net Income": 34
    },
    "2013-12-31": {
        "Diluted EPS": 0.76,
        "Total Revenue": 770,
        "Gross Profit": 322,
        "Operating Income": 73,
        "EBIT": 99,
        "Net Income": 42
    },
    "2013-09-30": {
        "Diluted EPS": 0.97,
        "Total Revenue": 760,
        "Gross Profit": 310,
        "Operating Income": 91,
        "EBIT": 109,
        "Net Income": 56
    },
    "2013-06-30": {
        "Diluted EPS": 0.33,
        "Total Revenue": 518,
        "Gross Profit": 220,
        "Operating Income": 33,
        "EBIT": 46,
        "Net Income": 19
    },
    "2013-03-31": {
        "Diluted EPS": 0.69,
        "Total Revenue": 591,
        "Gross Profit": 243,
        "Operating Income": 67,
        "EBIT": 80,
        "Net Income": 41
    },
    "2012-12-31": {
        "Diluted EPS": 0.81,
        "Total Revenue": 689,
        "Gross Profit": 290,
        "Operating Income": 78,
        "EBIT": 89,
        "Net Income": 48
    },
    "2012-09-30": {
        "Diluted EPS": 0.99,
        "Total Revenue": 669,
        "Gross Profit": 270,
        "Operating Income": 95,
        "EBIT": 107,
        "Net Income": 59
    },
    "2012-06-30": {
        "Diluted EPS": 0.35,
        "Total Revenue": 472,
        "Gross Profit": 183,
        "Operating Income": 34,
        "EBIT": 44,
        "Net Income": 21
    },
    "2012-03-31": {
        "Diluted EPS": 0.54,
        "Total Revenue": 552,
        "Gross Profit": 195,
        "Operating Income": 54,
        "EBIT": 63,
        "Net Income": 32
    },
    "2011-12-31": {
        "Diluted EPS": 0.59,
        "Total Revenue": 607,
        "Gross Profit": 207,
        "Operating Income": 55,
        "EBIT": 68,
        "Net Income": 34
    },
    "2011-09-30": {
        "Diluted EPS": 0.58,
        "Total Revenue": 640,
        "Gross Profit": 192,
        "Operating Income": 57,
        "EBIT": 70,
        "Net Income": 34
    },
    "2011-06-30": {
        "Diluted EPS": 0.22,
        "Total Revenue": 394,
        "Gross Profit": 135,
        "Operating Income": 22,
        "EBIT": 30,
        "Net Income": 13
    },
    "2011-03-31": {
        "Diluted EPS": 0.55,
        "Total Revenue": 469,
        "Gross Profit": 158,
        "Operating Income": 54,
        "EBIT": 62,
        "Net Income": 32
    },
    "2010-12-31": {
        "Diluted EPS": 0.6,
        "Total Revenue": 495,
        "Gross Profit": 185,
        "Operating Income": 59,
        "EBIT": 69,
        "Net Income": 34
    },
    "2010-09-30": {
        "Diluted EPS": 0.83,
        "Total Revenue": 518,
        "Gross Profit": 193,
        "Operating Income": 80,
        "EBIT": 87,
        "Net Income": 50
    },
    "2010-06-30": {
        "Diluted EPS": 0.32,
        "Total Revenue": 327,
        "Gross Profit": 130,
        "Operating Income": 33,
        "EBIT": 42,
        "Net Income": 19
    },
    "2010-03-31": {
        "Diluted EPS": 0.71,
        "Total Revenue": 409,
        "Gross Profit": 167,
        "Operating Income": 71,
        "EBIT": 79,
        "Net Income": 43
    },
    "2009-12-31": {
        "Diluted EPS": 0.57,
        "Total Revenue": 425,
        "Gross Profit": 166,
        "Operating Income": 56,
        "EBIT": 65,
        "Net Income": 33
    },
    "2009-09-30": {
        "Diluted EPS": 0.84,
        "Total Revenue": 482,
        "Gross Profit": 186,
        "Operating Income": 81,
        "EBIT": 89,
        "Net Income": 49
    },
    "2009-06-30": {
        "Diluted EPS": 0.28,
        "Total Revenue": 326,
        "Gross Profit": 125,
        "Operating Income": 29,
        "EBIT": 38,
        "Net Income": 17
    },
    "2009-03-31": {
        "Diluted EPS": 0.28,
        "Total Revenue": 357,
        "Gross Profit": 128,
        "Operating Income": 29,
        "EBIT": 38,
        "Net Income": 17
    },
    "2023-09-30": {
        "Tax Effect Of Unusual Items": 0.0,
        "Tax Rate For Calcs": 0.225,
        "Normalized EBITDA": 110024000.0,
        "Total Unusual Items": 0.0,
        "Total Unusual Items Excluding Goodwill": 0.0,
        "Net Income From Continuing Operation Net Minority Interest": 66127000.0,
        "Reconciled Depreciation": 16037000.0,
        "Reconciled Cost Of Revenue": 415254000.0,
        "EBITDA": 110024000.0,
        "EBIT": 93987000.0,
        "Net Interest Income": -7551000.0,
        "Interest Expense": 8615000.0,
        "Interest Income": 1064000.0,
        "Normalized Income": 66127000.0,
        "Net Income From Continuing And Discontinued Operation": 66127000.0,
        "Total Expenses": 698221000.0,
        "Total Operating Income As Reported": 93430000.0,
        "Diluted Average Shares": 36442284.0,
        "Basic Average Shares": 36438403.0,
        "Diluted EPS": 1.78,
        "Basic EPS": 1.78,
        "Diluted NI Availto Com Stockholders": 64860000.0,
        "Net Income Common Stockholders": 64860000.0,
        "Otherunder Preferred Stock Dividend": 1267000.0,
        "Net Income": 66127000.0,
        "Net Income Including Noncontrolling Interests": 66127000.0,
        "Net Income Continuous Operations": 66127000.0,
        "Tax Provision": 19245000.0,
        "Pretax Income": 85372000.0,
        "Other Income Expense": -507000.0,
        "Other Non Operating Income Expenses": -507000.0,
        "Special Income Charges": 0.0,
        "Net Non Operating Interest Income Expense": -7551000.0,
        "Interest Expense Non Operating": 8615000.0,
        "Interest Income Non Operating": 1064000.0,
        "Operating Income": 93430000.0,
        "Operating Expense": 282967000.0,
        "Other Operating Expenses": -5713000.0,
        "Selling General And Administration": 288680000.0,
        "Gross Profit": 376397000.0,
        "Cost Of Revenue": 415254000.0,
        "Total Revenue": 791651000.0,
        "Operating Revenue": 791651000.0
    },
    "2023-12-31": {
        "Tax Effect Of Unusual Items": 0.0,
        "Tax Rate For Calcs": 0.22792,
        "Normalized EBITDA": 161153000.0,
        "Total Unusual Items": 0.0,
        "Total Unusual Items Excluding Goodwill": 0.0,
        "Net Income From Continuing Operation Net Minority Interest": 106510000.0,
        "Reconciled Depreciation": 15570000.0,
        "Reconciled Cost Of Revenue": 439689000.0,
        "EBITDA": 161153000.0,
        "EBIT": 145583000.0,
        "Net Interest Income": -5624000.0,
        "Interest Expense": 7631000.0,
        "Interest Income": 2007000.0,
        "Normalized Income": 106510000.0,
        "Net Income From Continuing And Discontinued Operation": 106510000.0,
        "Total Expenses": 721804000.0,
        "Total Operating Income As Reported": 136060000.0,
        "Diluted Average Shares": 35995534.0,
        "Basic Average Shares": 35992362.0,
        "Diluted EPS": 2.9,
        "Basic EPS": 2.9,
        "Diluted NI Availto Com Stockholders": 104479000.0,
        "Net Income Common Stockholders": 104479000.0,
        "Otherunder Preferred Stock Dividend": 2031000.0,
        "Net Income": 106510000.0,
        "Net Income Including Noncontrolling Interests": 106510000.0,
        "Net Income Continuous Operations": 106510000.0,
        "Tax Provision": 31442000.0,
        "Pretax Income": 137952000.0,
        "Other Income Expense": 7516000.0,
        "Other Non Operating Income Expenses": 7516000.0,
        "Special Income Charges": 0.0,
        "Net Non Operating Interest Income Expense": -5624000.0,
        "Interest Expense Non Operating": 7631000.0,
        "Interest Income Non Operating": 2007000.0,
        "Operating Income": 136060000.0,
        "Operating Expense": 282115000.0,
        "Other Operating Expenses": -4837000.0,
        "Selling General And Administration": 286952000.0,
        "Gross Profit": 418175000.0,
        "Cost Of Revenue": 439689000.0,
        "Total Revenue": 857864000.0,
        "Operating Revenue": 857864000.0
    },
    "2024-03-31": {
        "Tax Effect Of Unusual Items": 0.0,
        "Tax Rate For Calcs": 0.239,
        "Normalized EBITDA": 72684000.0,
        "Total Unusual Items": NaN,
        "Total Unusual Items Excluding Goodwill": NaN,
        "Net Income From Continuing Operation Net Minority Interest": 38033000.0,
        "Reconciled Depreciation": 14834000.0,
        "Reconciled Cost Of Revenue": 346302000.0,
        "EBITDA": 72684000.0,
        "EBIT": 57850000.0,
        "Net Interest Income": -4816000.0,
        "Interest Expense": 7905000.0,
        "Interest Income": 3089000.0,
        "Normalized Income": 38033000.0,
        "Net Income From Continuing And Discontinued Operation": 38033000.0,
        "Total Expenses": 606457000.0,
        "Total Operating Income As Reported": 55035000.0,
        "Diluted Average Shares": 35864583.0,
        "Basic Average Shares": 35860740.0,
        "Diluted EPS": 1.04,
        "Basic EPS": 1.04,
        "Diluted NI Availto Com Stockholders": 37342000.0,
        "Net Income Common Stockholders": 37342000.0,
        "Otherunder Preferred Stock Dividend": 691000.0,
        "Net Income": 38033000.0,
        "Net Income Including Noncontrolling Interests": 38033000.0,
        "Net Income Continuous Operations": 38033000.0,
        "Tax Provision": 11912000.0,
        "Pretax Income": 49945000.0,
        "Other Income Expense": -274000.0,
        "Other Non Operating Income Expenses": -274000.0,
        "Special Income Charges": NaN,
        "Net Non Operating Interest Income Expense": -4816000.0,
        "Interest Expense Non Operating": 7905000.0,
        "Interest Income Non Operating": 3089000.0,
        "Operating Income": 55035000.0,
        "Operating Expense": 260155000.0,
        "Other Operating Expenses": -5216000.0,
        "Selling General And Administration": 265371000.0,
        "Gross Profit": 315190000.0,
        "Cost Of Revenue": 346302000.0,
        "Total Revenue": 661492000.0,
        "Operating Revenue": 661492000.0
    },
    "2024-06-30": {
        "Tax Effect Of Unusual Items": 0.0,
        "Tax Rate For Calcs": 0.196,
        "Normalized EBITDA": 56644000.0,
        "Total Unusual Items": NaN,
        "Total Unusual Items Excluding Goodwill": NaN,
        "Net Income From Continuing Operation Net Minority Interest": 27639000.0,
        "Reconciled Depreciation": 14410000.0,
        "Reconciled Cost Of Revenue": 281497000.0,
        "EBITDA": 56644000.0,
        "EBIT": 42234000.0,
        "Net Interest Income": -4684000.0,
        "Interest Expense": 7870000.0,
        "Interest Income": 3186000.0,
        "Normalized Income": 27639000.0,
        "Net Income From Continuing And Discontinued Operation": 27639000.0,
        "Total Expenses": 524982000.0,
        "Total Operating Income As Reported": 39452000.0,
        "Diluted Average Shares": 35688890.0,
        "Basic Average Shares": 35688755.0,
        "Diluted EPS": 0.76,
        "Basic EPS": 0.76,
        "Diluted NI Availto Com Stockholders": 27116000.0,
        "Net Income Common Stockholders": 27116000.0,
        "Otherunder Preferred Stock Dividend": 523000.0,
        "Net Income": 27639000.0,
        "Net Income Including Noncontrolling Interests": 27639000.0,
        "Net Income Continuous Operations": 27639000.0,
        "Tax Provision": 6725000.0,
        "Pretax Income": 34364000.0,
        "Other Income Expense": -404000.0,
        "Other Non Operating Income Expenses": -404000.0,
        "Special Income Charges": NaN,
        "Net Non Operating Interest Income Expense": -4684000.0,
        "Interest Expense Non Operating": 7870000.0,
        "Interest Income Non Operating": 3186000.0,
        "Operating Income": 39452000.0,
        "Operating Expense": 243485000.0,
        "Other Operating Expenses": -4004000.0,
        "Selling General And Administration": 247489000.0,
        "Gross Profit": 282937000.0,
        "Cost Of Revenue": 281497000.0,
        "Total Revenue": 564434000.0,
        "Operating Revenue": 564434000.0
    },
    "2024-09-30": {
        "Tax Effect Of Unusual Items": 0.0,
        "Tax Rate For Calcs": 0.175,
        "Normalized EBITDA": 92538000.0,
        "Total Unusual Items": NaN,
        "Total Unusual Items Excluding Goodwill": NaN,
        "Net Income From Continuing Operation Net Minority Interest": 58320000.0,
        "Reconciled Depreciation": 14427000.0,
        "Reconciled Cost Of Revenue": 402450000.0,
        "EBITDA": 92538000.0,
        "EBIT": 78111000.0,
        "Net Interest Income": -5011000.0,
        "Interest Expense": 7381000.0,
        "Interest Income": 2370000.0,
        "Normalized Income": 58320000.0,
        "Net Income From Continuing And Discontinued Operation": 58320000.0,
        "Total Expenses": 681424000.0,
        "Total Operating Income As Reported": 77040000.0,
        "Diluted Average Shares": 35301750.0,
        "Basic Average Shares": 35301131.0,
        "Diluted EPS": 1.62,
        "Basic EPS": 1.62,
        "Diluted NI Availto Com Stockholders": 57110000.0,
        "Net Income Common Stockholders": 57110000.0,
        "Otherunder Preferred Stock Dividend": 1210000.0,
        "Net Income": 58320000.0,
        "Net Income Including Noncontrolling Interests": 58320000.0,
        "Net Income Continuous Operations": 58320000.0,
        "Tax Provision": 12410000.0,
        "Pretax Income": 70730000.0,
        "Other Income Expense": -1299000.0,
        "Other Non Operating Income Expenses": -1299000.0,
        "Special Income Charges": NaN,
        "Net Non Operating Interest Income Expense": -5011000.0,
        "Interest Expense Non Operating": 7381000.0,
        "Interest Income Non Operating": 2370000.0,
        "Operating Income": 77040000.0,
        "Operating Expense": 278974000.0,
        "Other Operating Expenses": -5740000.0,
        "Selling General And Administration": 284714000.0,
        "Gross Profit": 356014000.0,
        "Cost Of Revenue": 402450000.0,
        "Total Revenue": 758464000.0,
        "Operating Revenue": 758464000.0
    }
}