{
    "2023-06-30": {
        "Tax Effect Of Unusual Items": -1235133.960633,
        "Tax Rate For Calcs": 0.240158,
        "Normalized EBITDA": 124356000.0,
        "Total Unusual Items": -5143000.0,
        "Total Unusual Items Excluding Goodwill": -5143000.0,
        "Net Income From Continuing Operation Net Minority Interest": -45706000.0,
        "Reconciled Depreciation": 140177000.0,
        "Reconciled Cost Of Revenue": 294592000.0,
        "EBITDA": 119213000.0,
        "EBIT": -20964000.0,
        "Net Interest Income": -39188000.0,
        "Interest Expense": 39188000.0,
        "Normalized Income": -41798133.960633,
        "Net Income From Continuing And Discontinued Operation": -45706000.0,
        "Total Expenses": 304630000.0,
        "Total Operating Income As Reported": -17067000.0,
        "Diluted Average Shares": 276669000.0,
        "Basic Average Shares": 276669000.0,
        "Diluted EPS": -0.17,
        "Basic EPS": -0.17,
        "Diluted NI Availto Com Stockholders": -45706000.0,
        "Net Income Common Stockholders": -45706000.0,
        "Otherunder Preferred Stock Dividend": NaN,
        "Preferred Stock Dividends": NaN,
        "Net Income": -45706000.0,
        "Net Income Including Noncontrolling Interests": -45706000.0,
        "Net Income Continuous Operations": -45706000.0,
        "Tax Provision": -14446000.0,
        "Pretax Income": -60152000.0,
        "Other Income Expense": -4545000.0,
        "Other Non Operating Income Expenses": 598000.0,
        "Special Income Charges": -648000.0,
        "Gain On Sale Of Ppe": -648000.0,
        "Other Special Charges": NaN,
        "Gain On Sale Of Security": -4495000.0,
        "Net Non Operating Interest Income Expense": -39188000.0,
        "Interest Expense Non Operating": 39188000.0,
        "Operating Income": -16419000.0,
        "Operating Expense": 10038000.0,
        "Other Operating Expenses": NaN,
        "Selling General And Administration": 10038000.0,
        "General And Administrative Expense": 10038000.0,
        "Other Gand A": 10038000.0,
        "Gross Profit": -6381000.0,
        "Cost Of Revenue": 294592000.0,
        "Total Revenue": 288211000.0,
        "Operating Revenue": 288211000.0
    },
    "2023-03-31": {
        "Tax Effect Of Unusual Items": 15315208.513423,
        "Tax Rate For Calcs": 0.227966,
        "Normalized EBITDA": 279290000.0,
        "Total Unusual Items": 67182000.0,
        "Total Unusual Items Excluding Goodwill": 67182000.0,
        "Net Income From Continuing Operation Net Minority Interest": 134503000.0,
        "Reconciled Depreciation": 133983000.0,
        "Reconciled Cost Of Revenue": 330588000.0,
        "EBITDA": 346472000.0,
        "EBIT": 212489000.0,
        "Net Interest Income": -38270000.0,
        "Interest Expense": 38270000.0,
        "Normalized Income": 82636208.513423,
        "Net Income From Continuing And Discontinued Operation": 134503000.0,
        "Total Expenses": 344731000.0,
        "Total Operating Income As Reported": 145620000.0,
        "Diluted Average Shares": 276551000.0,
        "Basic Average Shares": 276551000.0,
        "Diluted EPS": 0.49,
        "Basic EPS": 0.49,
        "Diluted NI Availto Com Stockholders": 134503000.0,
        "Net Income Common Stockholders": 134503000.0,
        "Otherunder Preferred Stock Dividend": NaN,
        "Preferred Stock Dividends": NaN,
        "Net Income": 134503000.0,
        "Net Income Including Noncontrolling Interests": 134503000.0,
        "Net Income Continuous Operations": 134503000.0,
        "Tax Provision": 39716000.0,
        "Pretax Income": 174219000.0,
        "Other Income Expense": 67642000.0,
        "Other Non Operating Income Expenses": 460000.0,
        "Special Income Charges": 773000.0,
        "Gain On Sale Of Ppe": 773000.0,
        "Other Special Charges": NaN,
        "Gain On Sale Of Security": 66409000.0,
        "Net Non Operating Interest Income Expense": -38270000.0,
        "Interest Expense Non Operating": 38270000.0,
        "Operating Income": 144847000.0,
        "Operating Expense": 14143000.0,
        "Other Operating Expenses": 1775000.0,
        "Selling General And Administration": 12368000.0,
        "General And Administrative Expense": 12368000.0,
        "Other Gand A": 12368000.0,
        "Gross Profit": 158990000.0,
        "Cost Of Revenue": 330588000.0,
        "Total Revenue": 489578000.0,
        "Operating Revenue": 489578000.0
    },
    "2022-12-31": {
        "Tax Effect Of Unusual Items": 16181421.659155,
        "Tax Rate For Calcs": 0.135465,
        "Normalized EBITDA": 655163000.0,
        "Total Unusual Items": 119451000.0,
        "Total Unusual Items Excluding Goodwill": 119451000.0,
        "Net Income From Continuing Operation Net Minority Interest": 519819000.0,
        "Reconciled Depreciation": 134456000.0,
        "Reconciled Cost Of Revenue": 385209000.0,
        "EBITDA": 774614000.0,
        "EBIT": 640158000.0,
        "Net Interest Income": -38888000.0,
        "Interest Expense": 38888000.0,
        "Normalized Income": 416549421.659155,
        "Net Income From Continuing And Discontinued Operation": 519819000.0,
        "Total Expenses": 402087000.0,
        "Total Operating Income As Reported": 520616000.0,
        "Diluted Average Shares": 277032000.0,
        "Basic Average Shares": 247543000.0,
        "Diluted EPS": 1.87,
        "Basic EPS": 2.08,
        "Diluted NI Availto Com Stockholders": 516894000.0,
        "Net Income Common Stockholders": 516894000.0,
        "Otherunder Preferred Stock Dividend": 1894000.0,
        "Preferred Stock Dividends": 2925000.0,
        "Net Income": 519819000.0,
        "Net Income Including Noncontrolling Interests": 519819000.0,
        "Net Income Continuous Operations": 519819000.0,
        "Tax Provision": 81451000.0,
        "Pretax Income": 601270000.0,
        "Other Income Expense": 119861000.0,
        "Other Non Operating Income Expenses": 410000.0,
        "Special Income Charges": 319000.0,
        "Gain On Sale Of Ppe": 319000.0,
        "Other Special Charges": 0.0,
        "Gain On Sale Of Security": 119132000.0,
        "Net Non Operating Interest Income Expense": -38888000.0,
        "Interest Expense Non Operating": 38888000.0,
        "Operating Income": 520297000.0,
        "Operating Expense": 16878000.0,
        "Other Operating Expenses": 4924000.0,
        "Selling General And Administration": 11954000.0,
        "General And Administrative Expense": 11954000.0,
        "Other Gand A": 11954000.0,
        "Gross Profit": 537175000.0,
        "Cost Of Revenue": 385209000.0,
        "Total Revenue": 922384000.0,
        "Operating Revenue": 922384000.0
    },
    "2022-09-30": {
        "Tax Effect Of Unusual Items": -60854245.690501,
        "Tax Rate For Calcs": 0.224277,
        "Normalized EBITDA": 900199000.0,
        "Total Unusual Items": -271335000.0,
        "Total Unusual Items Excluding Goodwill": -271335000.0,
        "Net Income From Continuing Operation Net Minority Interest": 355596000.0,
        "Reconciled Depreciation": 129065000.0,
        "Reconciled Cost Of Revenue": 408762000.0,
        "EBITDA": 628864000.0,
        "EBIT": 499799000.0,
        "Net Interest Income": -41393000.0,
        "Interest Expense": 41393000.0,
        "Normalized Income": 566076754.309499,
        "Net Income From Continuing And Discontinued Operation": 355596000.0,
        "Total Expenses": 418927000.0,
        "Total Operating Income As Reported": 771078000.0,
        "Diluted Average Shares": 277715000.0,
        "Basic Average Shares": 232482000.0,
        "Diluted EPS": 1.28,
        "Basic EPS": 1.5,
        "Diluted NI Availto Com Stockholders": 351185000.0,
        "Average Dilution Earnings": 5750000.0,
        "Net Income Common Stockholders": 351185000.0,
        "Otherunder Preferred Stock Dividend": 1339000.0,
        "Preferred Stock Dividends": 4411000.0,
        "Net Income": 355596000.0,
        "Net Income Including Noncontrolling Interests": 355596000.0,
        "Net Income Continuous Operations": 355596000.0,
        "Tax Provision": 102810000.0,
        "Pretax Income": 458406000.0,
        "Other Income Expense": -271279000.0,
        "Other Non Operating Income Expenses": 56000.0,
        "Special Income Charges": 0.0,
        "Gain On Sale Of Ppe": 0.0,
        "Other Special Charges": NaN,
        "Gain On Sale Of Security": -271335000.0,
        "Net Non Operating Interest Income Expense": -41393000.0,
        "Interest Expense Non Operating": 41393000.0,
        "Operating Income": 771078000.0,
        "Operating Expense": 10165000.0,
        "Other Operating Expenses": NaN,
        "Selling General And Administration": 10165000.0,
        "General And Administrative Expense": 10165000.0,
        "Other Gand A": 10165000.0,
        "Gross Profit": 781243000.0,
        "Cost Of Revenue": 408762000.0,
        "Total Revenue": 1190005000.0,
        "Operating Revenue": 1190005000.0
    },
    "2022-06-30": {
        "Tax Effect Of Unusual Items": -26729898.094632,
        "Tax Rate For Calcs": 0.223406,
        "Normalized EBITDA": 768481000.0,
        "Total Unusual Items": -119647000.0,
        "Total Unusual Items Excluding Goodwill": -119647000.0,
        "Net Income From Continuing Operation Net Minority Interest": 376891000.0,
        "Reconciled Depreciation": 119201000.0,
        "Reconciled Cost Of Revenue": 285751000.0,
        "EBITDA": 648834000.0,
        "EBIT": 529633000.0,
        "Net Interest Income": -44320000.0,
        "Interest Expense": 44320000.0,
        "Normalized Income": 469808101.905368,
        "Net Income From Continuing And Discontinued Operation": 376891000.0,
        "Total Expenses": 297156000.0,
        "Total Operating Income As Reported": 649117000.0,
        "Diluted Average Shares": 277614000.0,
        "Basic Average Shares": 232045000.0,
        "Diluted EPS": 1.36,
        "Basic EPS": 1.6,
        "Diluted NI Availto Com Stockholders": 372528000.0,
        "Average Dilution Earnings": NaN,
        "Net Income Common Stockholders": 372528000.0,
        "Otherunder Preferred Stock Dividend": NaN,
        "Preferred Stock Dividends": 4363000.0,
        "Net Income": 376891000.0,
        "Net Income Including Noncontrolling Interests": 376891000.0,
        "Net Income Continuous Operations": 376891000.0,
        "Tax Provision": 108422000.0,
        "Pretax Income": 485313000.0,
        "Other Income Expense": -119465000.0,
        "Other Non Operating Income Expenses": 182000.0,
        "Special Income Charges": -46821000.0,
        "Gain On Sale Of Ppe": 19000.0,
        "Other Special Charges": 46840000.0,
        "Gain On Sale Of Security": -72826000.0,
        "Net Non Operating Interest Income Expense": -44320000.0,
        "Interest Expense Non Operating": 44320000.0,
        "Operating Income": 649098000.0,
        "Operating Expense": 11405000.0,
        "Other Operating Expenses": 2342000.0,
        "Selling General And Administration": 9063000.0,
        "General And Administrative Expense": 9063000.0,
        "Other Gand A": 9063000.0,
        "Gross Profit": 660503000.0,
        "Cost Of Revenue": 285751000.0,
        "Total Revenue": 946254000.0,
        "Operating Revenue": 946254000.0
    },
    "2022-03-31": {
        "Diluted EPS": -0.5,
        "Total Revenue": 525,
        "Gross Profit": 524,
        "Operating Income": 337,
        "EBIT": 448,
        "Net Income": -116
    },
    "2021-12-31": {
        "Diluted EPS": 1.54,
        "Total Revenue": 655,
        "Gross Profit": 655,
        "Operating Income": 299,
        "EBIT": 413,
        "Net Income": 356
    },
    "2021-09-30": {
        "Diluted EPS": -1.26,
        "Total Revenue": 511,
        "Gross Profit": 511,
        "Operating Income": 296,
        "EBIT": 428,
        "Net Income": -293
    },
    "2021-06-30": {
        "Diluted EPS": -0.8,
        "Total Revenue": 344,
        "Gross Profit": 344,
        "Operating Income": 146,
        "EBIT": 273,
        "Net Income": -184
    },
    "2021-03-31": {
        "Diluted EPS": -0.6,
        "Total Revenue": 340,
        "Gross Profit": 340,
        "Operating Income": 160,
        "EBIT": 277,
        "Net Income": -138
    },
    "2020-12-31": {
        "Diluted EPS": 0.32,
        "Total Revenue": 275,
        "Gross Profit": 275,
        "Operating Income": 103,
        "EBIT": 217,
        "Net Income": 78
    },
    "2020-09-30": {
        "Diluted EPS": -0.57,
        "Total Revenue": 178,
        "Gross Profit": 178,
        "Operating Income": 12,
        "EBIT": 121,
        "Net Income": -131
    },
    "2020-06-30": {
        "Diluted EPS": -0.29,
        "Total Revenue": 180,
        "Gross Profit": 180,
        "Operating Income": 4,
        "EBIT": 115,
        "Net Income": -60
    },
    "2020-03-31": {
        "Diluted EPS": 0.15,
        "Total Revenue": 226,
        "Gross Profit": 226,
        "Operating Income": 44,
        "EBIT": 162,
        "Net Income": 30
    },
    "2019-12-31": {
        "Diluted EPS": 0.2,
        "Total Revenue": 289,
        "Gross Profit": 289,
        "Operating Income": 102,
        "EBIT": 221,
        "Net Income": 40
    },
    "2019-09-30": {
        "Diluted EPS": -0.01,
        "Total Revenue": 224,
        "Gross Profit": 224,
        "Operating Income": 76,
        "EBIT": 163,
        "Net Income": -1
    },
    "2019-06-30": {
        "Diluted EPS": 0.2,
        "Total Revenue": 128,
        "Gross Profit": 128,
        "Operating Income": 44,
        "EBIT": 92,
        "Net Income": 21
    },
    "2019-03-31": {
        "Diluted EPS": 0.13,
        "Total Revenue": 127,
        "Gross Profit": 127,
        "Operating Income": 53,
        "EBIT": 92,
        "Net Income": 14
    },
    "2018-12-31": {
        "Diluted EPS": 4.79,
        "Total Revenue": 153,
        "Gross Profit": 153,
        "Operating Income": 81,
        "EBIT": 119,
        "Net Income": 50
    },
    "2018-09-30": {
        "Diluted EPS": -0.03,
        "Total Revenue": 103,
        "Gross Profit": 103,
        "Operating Income": 43,
        "EBIT": 82,
        "Net Income": -3
    },
    "2018-06-30": {
        "Diluted EPS": -2.22,
        "Total Revenue": 61,
        "Gross Profit": 61,
        "Operating Income": 8,
        "EBIT": 47,
        "Net Income": -34
    },
    "2018-03-31": {
        "Diluted EPS": -2.78,
        "Total Revenue": 73,
        "Gross Profit": 73,
        "Operating Income": -5,
        "EBIT": 33,
        "Net Income": -42
    },
    "2017-12-31": {
        "Diluted EPS": -2.88,
        "Total Revenue": 73,
        "Gross Profit": 73,
        "Operating Income": -24,
        "EBIT": 17,
        "Net Income": -42
    },
    "2017-09-30": {
        "Diluted EPS": -1.67,
        "Total Revenue": 67,
        "Gross Profit": 67,
        "Operating Income": 11,
        "EBIT": 54,
        "Net Income": -25
    },
    "2017-06-30": {
        "Diluted EPS": -1.45,
        "Total Revenue": 61,
        "Gross Profit": 61,
        "Operating Income": 10,
        "EBIT": 50,
        "Net Income": -21
    },
    "2017-03-31": {
        "Diluted EPS": -1.61,
        "Total Revenue": 54,
        "Gross Profit": 54,
        "Operating Income": 2,
        "EBIT": 38,
        "Net Income": -23
    },
    "2016-12-31": {
        "Diluted EPS": -3.9,
        "Total Revenue": 48,
        "Gross Profit": 48,
        "Operating Income": -6,
        "EBIT": 35,
        "Net Income": -55
    },
    "2016-09-30": {
        "Diluted EPS": -2.32,
        "Total Revenue": 50,
        "Gross Profit": -26,
        "Operating Income": -99,
        "EBIT": -57,
        "Net Income": -28
    },
    "2016-06-30": {
        "Diluted EPS": 0.41,
        "Total Revenue": 41,
        "Gross Profit": 41,
        "Operating Income": -23,
        "EBIT": 15,
        "Net Income": 5
    },
    "2016-03-31": {
        "Diluted EPS": -5.71,
        "Total Revenue": 37,
        "Gross Profit": 29,
        "Operating Income": -56,
        "EBIT": -16,
        "Net Income": -57
    },
    "2015-12-31": {
        "Diluted EPS": 27.27,
        "Total Revenue": 47,
        "Gross Profit": 47,
        "Operating Income": -291,
        "EBIT": -230,
        "Net Income": -289
    },
    "2015-09-30": {
        "Diluted EPS": -59.05,
        "Total Revenue": 61,
        "Gross Profit": 56,
        "Operating Income": -596,
        "EBIT": -515,
        "Net Income": -545
    },
    "2015-06-30": {
        "Diluted EPS": -73.2,
        "Total Revenue": 77,
        "Gross Profit": 54,
        "Operating Income": -182,
        "EBIT": -90,
        "Net Income": -135
    },
    "2015-03-31": {
        "Diluted EPS": -8.55,
        "Total Revenue": 67,
        "Gross Profit": 24,
        "Operating Income": -97,
        "EBIT": -4,
        "Net Income": -79
    },
    "2014-12-31": {
        "Diluted EPS": -6.3,
        "Total Revenue": 113,
        "Gross Profit": 105,
        "Operating Income": -80,
        "EBIT": 16,
        "Net Income": -59
    },
    "2014-09-30": {
        "Diluted EPS": -0.2,
        "Total Revenue": 145,
        "Gross Profit": 134,
        "Operating Income": 0,
        "EBIT": 101,
        "Net Income": -2
    },
    "2014-06-30": {
        "Diluted EPS": 0.2,
        "Total Revenue": 156,
        "Gross Profit": 156,
        "Operating Income": 28,
        "EBIT": 123,
        "Net Income": 2
    },
    "2014-03-31": {
        "Diluted EPS": 0.1,
        "Total Revenue": 142,
        "Gross Profit": 142,
        "Operating Income": 20,
        "EBIT": 110,
        "Net Income": 1
    },
    "2013-12-31": {
        "Diluted EPS": -3.65,
        "Total Revenue": 106,
        "Gross Profit": 88,
        "Operating Income": -24,
        "EBIT": 58,
        "Net Income": -39
    },
    "2013-09-30": {
        "Diluted EPS": -2.6,
        "Total Revenue": 112,
        "Gross Profit": 109,
        "Operating Income": -9,
        "EBIT": 78,
        "Net Income": -24
    },
    "2013-06-30": {
        "Diluted EPS": 13.4,
        "Total Revenue": 108,
        "Gross Profit": 98,
        "Operating Income": -18,
        "EBIT": 69,
        "Net Income": 130
    },
    "2013-03-31": {
        "Diluted EPS": -2.9,
        "Total Revenue": 95,
        "Gross Profit": 92,
        "Operating Income": -21,
        "EBIT": 66,
        "Net Income": -27
    },
    "2012-12-31": {
        "Diluted EPS": -8.4,
        "Total Revenue": 91,
        "Gross Profit": 32,
        "Operating Income": -103,
        "EBIT": -12,
        "Net Income": -78
    },
    "2012-09-30": {
        "Diluted EPS": -3.3,
        "Total Revenue": 97,
        "Gross Profit": 96,
        "Operating Income": -29,
        "EBIT": 64,
        "Net Income": -30
    },
    "2012-06-30": {
        "Diluted EPS": 0.75,
        "Total Revenue": 111,
        "Gross Profit": 111,
        "Operating Income": -12,
        "EBIT": 75,
        "Net Income": 7
    },
    "2012-03-31": {
        "Diluted EPS": 0.15,
        "Total Revenue": 110,
        "Gross Profit": 109,
        "Operating Income": -1,
        "EBIT": 77,
        "Net Income": 1
    },
    "2011-12-31": {
        "Diluted EPS": -4.45,
        "Total Revenue": 114,
        "Gross Profit": 114,
        "Operating Income": -54,
        "EBIT": 25,
        "Net Income": -41
    },
    "2011-09-30": {
        "Diluted EPS": 0.15,
        "Total Revenue": 119,
        "Gross Profit": 119,
        "Operating Income": 12,
        "EBIT": 91,
        "Net Income": 1
    },
    "2011-06-30": {
        "Diluted EPS": 0.4,
        "Total Revenue": 112,
        "Gross Profit": 112,
        "Operating Income": 8,
        "EBIT": 84,
        "Net Income": 4
    },
    "2011-03-31": {
        "Diluted EPS": 0.25,
        "Total Revenue": 88,
        "Gross Profit": 79,
        "Operating Income": -8,
        "EBIT": 54,
        "Net Income": 2
    },
    "2010-12-31": {
        "Diluted EPS": -2.25,
        "Total Revenue": 73,
        "Gross Profit": 73,
        "Operating Income": -29,
        "EBIT": 21,
        "Net Income": -21
    },
    "2010-09-30": {
        "Diluted EPS": -0.5,
        "Total Revenue": 80,
        "Gross Profit": 78,
        "Operating Income": 2,
        "EBIT": 49,
        "Net Income": -5
    },
    "2010-06-30": {
        "Diluted EPS": -0.2,
        "Total Revenue": 91,
        "Gross Profit": 91,
        "Operating Income": 0,
        "EBIT": 58,
        "Net Income": -2
    },
    "2010-03-31": {
        "Diluted EPS": 0.8,
        "Total Revenue": 106,
        "Gross Profit": 105,
        "Operating Income": 15,
        "EBIT": 75,
        "Net Income": 7
    },
    "2009-12-31": {
        "Diluted EPS": -0.75,
        "Total Revenue": 92,
        "Gross Profit": 92,
        "Operating Income": -2,
        "EBIT": 60,
        "Net Income": -7
    },
    "2009-09-30": {
        "Diluted EPS": -1.4,
        "Total Revenue": 67,
        "Gross Profit": 67,
        "Operating Income": -12,
        "EBIT": 43,
        "Net Income": -13
    },
    "2009-06-30": {
        "Diluted EPS": -1.3,
        "Total Revenue": 65,
        "Gross Profit": 65,
        "Operating Income": -13,
        "EBIT": 38,
        "Net Income": -11
    },
    "2009-03-31": {
        "Diluted EPS": -0.6,
        "Total Revenue": 68,
        "Gross Profit": 68,
        "Operating Income": -6,
        "EBIT": 42,
        "Net Income": -6
    },
    "2023-09-30": {
        "Tax Effect Of Unusual Items": 2810334.351811,
        "Tax Rate For Calcs": 0.196857,
        "Normalized EBITDA": 195866000.0,
        "Total Unusual Items": 14276000.0,
        "Total Unusual Items Excluding Goodwill": 14276000.0,
        "Net Income From Continuing Operation Net Minority Interest": 14720000.0,
        "Reconciled Depreciation": 148190000.0,
        "Reconciled Cost Of Revenue": 319884000.0,
        "EBITDA": 210142000.0,
        "EBIT": 61952000.0,
        "Net Interest Income": -43624000.0,
        "Interest Expense": 43624000.0,
        "Normalized Income": 3254334.351811,
        "Net Income From Continuing And Discontinued Operation": 14720000.0,
        "Total Expenses": 329470000.0,
        "Total Operating Income As Reported": 47267000.0,
        "Diluted Average Shares": 276999000.0,
        "Basic Average Shares": 276999000.0,
        "Diluted EPS": 0.05,
        "Basic EPS": 0.05,
        "Diluted NI Availto Com Stockholders": 14720000.0,
        "Net Income Common Stockholders": 14720000.0,
        "Otherunder Preferred Stock Dividend": NaN,
        "Preferred Stock Dividends": NaN,
        "Net Income": 14720000.0,
        "Net Income Including Noncontrolling Interests": 14720000.0,
        "Net Income Continuous Operations": 14720000.0,
        "Tax Provision": 3608000.0,
        "Pretax Income": 18328000.0,
        "Other Income Expense": 14685000.0,
        "Other Non Operating Income Expenses": 409000.0,
        "Special Income Charges": 0.0,
        "Gain On Sale Of Ppe": 0.0,
        "Other Special Charges": NaN,
        "Gain On Sale Of Security": 14276000.0,
        "Net Non Operating Interest Income Expense": -43624000.0,
        "Interest Expense Non Operating": 43624000.0,
        "Operating Income": 47267000.0,
        "Operating Expense": 9586000.0,
        "Other Operating Expenses": NaN,
        "Selling General And Administration": 9586000.0,
        "General And Administrative Expense": 9586000.0,
        "Other Gand A": 9586000.0,
        "Gross Profit": 56853000.0,
        "Cost Of Revenue": 319884000.0,
        "Total Revenue": 376737000.0,
        "Operating Revenue": 376737000.0
    }
}