{
    "2023-03-31": {
        "Tax Effect Of Unusual Items": NaN,
        "Tax Rate For Calcs": NaN,
        "Normalized EBITDA": NaN,
        "Net Income From Continuing Operation Net Minority Interest": NaN,
        "Reconciled Depreciation": NaN,
        "Reconciled Cost Of Revenue": NaN,
        "EBITDA": NaN,
        "EBIT": NaN,
        "Net Interest Income": NaN,
        "Interest Expense": NaN,
        "Interest Income": NaN,
        "Normalized Income": NaN,
        "Net Income From Continuing And Discontinued Operation": NaN,
        "Total Expenses": NaN,
        "Total Operating Income As Reported": NaN,
        "Diluted Average Shares": 51428000.0,
        "Basic Average Shares": 51097000.0,
        "Diluted EPS": 2.01,
        "Basic EPS": 2.02,
        "Diluted NI Availto Com Stockholders": NaN,
        "Net Income Common Stockholders": NaN,
        "Net Income": NaN,
        "Minority Interests": NaN,
        "Net Income Including Noncontrolling Interests": NaN,
        "Net Income Continuous Operations": NaN,
        "Tax Provision": NaN,
        "Pretax Income": NaN,
        "Other Income Expense": NaN,
        "Other Non Operating Income Expenses": NaN,
        "Net Non Operating Interest Income Expense": NaN,
        "Interest Expense Non Operating": NaN,
        "Interest Income Non Operating": NaN,
        "Operating Income": NaN,
        "Operating Expense": NaN,
        "Depreciation Amortization Depletion Income Statement": NaN,
        "Depreciation And Amortization In Income Statement": NaN,
        "Amortization": NaN,
        "Amortization Of Intangibles Income Statement": NaN,
        "Selling General And Administration": NaN,
        "Gross Profit": NaN,
        "Cost Of Revenue": NaN,
        "Total Revenue": NaN,
        "Operating Revenue": NaN
    },
    "2022-12-31": {
        "Tax Effect Of Unusual Items": NaN,
        "Tax Rate For Calcs": NaN,
        "Normalized EBITDA": NaN,
        "Net Income From Continuing Operation Net Minority Interest": NaN,
        "Reconciled Depreciation": NaN,
        "Reconciled Cost Of Revenue": NaN,
        "EBITDA": NaN,
        "EBIT": NaN,
        "Net Interest Income": NaN,
        "Interest Expense": NaN,
        "Interest Income": NaN,
        "Normalized Income": NaN,
        "Net Income From Continuing And Discontinued Operation": NaN,
        "Total Expenses": NaN,
        "Total Operating Income As Reported": NaN,
        "Diluted Average Shares": 51377000.0,
        "Basic Average Shares": 50906000.0,
        "Diluted EPS": 3.65,
        "Basic EPS": 3.68,
        "Diluted NI Availto Com Stockholders": NaN,
        "Net Income Common Stockholders": NaN,
        "Net Income": NaN,
        "Minority Interests": NaN,
        "Net Income Including Noncontrolling Interests": NaN,
        "Net Income Continuous Operations": NaN,
        "Tax Provision": NaN,
        "Pretax Income": NaN,
        "Other Income Expense": NaN,
        "Other Non Operating Income Expenses": NaN,
        "Net Non Operating Interest Income Expense": NaN,
        "Interest Expense Non Operating": NaN,
        "Interest Income Non Operating": NaN,
        "Operating Income": NaN,
        "Operating Expense": NaN,
        "Depreciation Amortization Depletion Income Statement": NaN,
        "Depreciation And Amortization In Income Statement": NaN,
        "Amortization": NaN,
        "Amortization Of Intangibles Income Statement": NaN,
        "Selling General And Administration": NaN,
        "Gross Profit": NaN,
        "Cost Of Revenue": NaN,
        "Total Revenue": NaN,
        "Operating Revenue": NaN
    },
    "2022-09-30": {
        "Tax Effect Of Unusual Items": 0.0,
        "Tax Rate For Calcs": 0.207,
        "Normalized EBITDA": 209087000.0,
        "Net Income From Continuing Operation Net Minority Interest": 96473000.0,
        "Reconciled Depreciation": 74605000.0,
        "Reconciled Cost Of Revenue": 579862000.0,
        "EBITDA": 209087000.0,
        "EBIT": 134482000.0,
        "Net Interest Income": -11253000.0,
        "Interest Expense": 11375000.0,
        "Interest Income": 122000.0,
        "Normalized Income": 96473000.0,
        "Net Income From Continuing And Discontinued Operation": 96473000.0,
        "Total Expenses": 838181000.0,
        "Total Operating Income As Reported": 150976000.0,
        "Diluted Average Shares": 51283000.0,
        "Basic Average Shares": 50870000.0,
        "Diluted EPS": 1.88,
        "Basic EPS": 1.9,
        "Diluted NI Availto Com Stockholders": 96473000.0,
        "Net Income Common Stockholders": 96473000.0,
        "Net Income": 96473000.0,
        "Minority Interests": -1139000.0,
        "Net Income Including Noncontrolling Interests": 97612000.0,
        "Net Income Continuous Operations": 97612000.0,
        "Tax Provision": 25495000.0,
        "Pretax Income": 123107000.0,
        "Other Income Expense": -16616000.0,
        "Other Non Operating Income Expenses": -16616000.0,
        "Net Non Operating Interest Income Expense": -11253000.0,
        "Interest Expense Non Operating": 11375000.0,
        "Interest Income Non Operating": 122000.0,
        "Operating Income": 150976000.0,
        "Operating Expense": 219247000.0,
        "Depreciation Amortization Depletion Income Statement": 35533000.0,
        "Depreciation And Amortization In Income Statement": 35533000.0,
        "Amortization": 35533000.0,
        "Amortization Of Intangibles Income Statement": 35533000.0,
        "Selling General And Administration": 183714000.0,
        "Gross Profit": 370223000.0,
        "Cost Of Revenue": 618934000.0,
        "Total Revenue": 989157000.0,
        "Operating Revenue": 989157000.0
    },
    "2022-06-30": {
        "Tax Effect Of Unusual Items": 0.0,
        "Tax Rate For Calcs": 0.232103,
        "Normalized EBITDA": 185420000.0,
        "Net Income From Continuing Operation Net Minority Interest": 109321000.0,
        "Reconciled Depreciation": 37604000.0,
        "Reconciled Cost Of Revenue": 616405000.0,
        "EBITDA": 185420000.0,
        "EBIT": 147816000.0,
        "Net Interest Income": -3515000.0,
        "Interest Expense": 3703000.0,
        "Interest Income": 188000.0,
        "Normalized Income": 109321000.0,
        "Net Income From Continuing And Discontinued Operation": 109321000.0,
        "Total Expenses": 785720000.0,
        "Total Operating Income As Reported": 187411000.0,
        "Diluted Average Shares": 51283000.0,
        "Basic Average Shares": 50823000.0,
        "Diluted EPS": 2.13,
        "Basic EPS": 2.15,
        "Diluted NI Availto Com Stockholders": 109321000.0,
        "Net Income Common Stockholders": 109321000.0,
        "Net Income": 109321000.0,
        "Minority Interests": -1343000.0,
        "Net Income Including Noncontrolling Interests": 110664000.0,
        "Net Income Continuous Operations": 110664000.0,
        "Tax Provision": 33449000.0,
        "Pretax Income": 144113000.0,
        "Other Income Expense": -39783000.0,
        "Other Non Operating Income Expenses": -39783000.0,
        "Net Non Operating Interest Income Expense": -3515000.0,
        "Interest Expense Non Operating": 3703000.0,
        "Interest Income Non Operating": 188000.0,
        "Operating Income": 187411000.0,
        "Operating Expense": 169315000.0,
        "Depreciation Amortization Depletion Income Statement": 37604000.0,
        "Depreciation And Amortization In Income Statement": 37604000.0,
        "Amortization": 37604000.0,
        "Amortization Of Intangibles Income Statement": 37604000.0,
        "Selling General And Administration": 131711000.0,
        "Gross Profit": 356726000.0,
        "Cost Of Revenue": 616405000.0,
        "Total Revenue": 973131000.0,
        "Operating Revenue": 973131000.0
    },
    "2022-03-31": {
        "Diluted EPS": 1.81,
        "Total Revenue": 914,
        "Gross Profit": 337,
        "Operating Income": 149,
        "EBIT": 224,
        "Net Income": 93
    },
    "2021-12-31": {
        "Diluted EPS": 2.67,
        "Total Revenue": 905,
        "Gross Profit": 347,
        "Operating Income": 173,
        "EBIT": 240,
        "Net Income": 138
    },
    "2021-09-30": {
        "Diluted EPS": 2.01,
        "Total Revenue": 896,
        "Gross Profit": 337,
        "Operating Income": 156,
        "EBIT": 224,
        "Net Income": 103
    },
    "2021-06-30": {
        "Diluted EPS": 1.72,
        "Total Revenue": 915,
        "Gross Profit": 342,
        "Operating Income": 138,
        "EBIT": 206,
        "Net Income": 88
    },
    "2021-03-31": {
        "Diluted EPS": 1.2,
        "Total Revenue": 825,
        "Gross Profit": 308,
        "Operating Income": 124,
        "EBIT": 185,
        "Net Income": 62
    },
    "2020-12-31": {
        "Diluted EPS": 2.81,
        "Total Revenue": 791,
        "Gross Profit": 300,
        "Operating Income": 129,
        "EBIT": 190,
        "Net Income": 143
    },
    "2020-09-30": {
        "Diluted EPS": 2.03,
        "Total Revenue": 743,
        "Gross Profit": 289,
        "Operating Income": 133,
        "EBIT": 192,
        "Net Income": 103
    },
    "2020-06-30": {
        "Diluted EPS": 1.34,
        "Total Revenue": 683,
        "Gross Profit": 232,
        "Operating Income": 77,
        "EBIT": 134,
        "Net Income": 67
    },
    "2020-03-31": {
        "Diluted EPS": 1.02,
        "Total Revenue": 707,
        "Gross Profit": 252,
        "Operating Income": 94,
        "EBIT": 152,
        "Net Income": 51
    },
    "2019-12-31": {
        "Diluted EPS": 1.62,
        "Total Revenue": 691,
        "Gross Profit": 262,
        "Operating Income": 109,
        "EBIT": 161,
        "Net Income": 80
    },
    "2019-09-30": {
        "Diluted EPS": 1.46,
        "Total Revenue": 668,
        "Gross Profit": 246,
        "Operating Income": 93,
        "EBIT": 145,
        "Net Income": 73
    },
    "2019-06-30": {
        "Diluted EPS": 0.88,
        "Total Revenue": 658,
        "Gross Profit": 238,
        "Operating Income": 80,
        "EBIT": 129,
        "Net Income": 44
    },
    "2019-03-31": {
        "Diluted EPS": 1.11,
        "Total Revenue": 605,
        "Gross Profit": 212,
        "Operating Income": 70,
        "EBIT": 115,
        "Net Income": 55
    },
    "2018-12-31": {
        "Diluted EPS": 1.22,
        "Total Revenue": 602,
        "Gross Profit": 226,
        "Operating Income": 102,
        "EBIT": 144,
        "Net Income": 60
    },
    "2018-09-30": {
        "Diluted EPS": 1.22,
        "Total Revenue": 585,
        "Gross Profit": 216,
        "Operating Income": 84,
        "EBIT": 128,
        "Net Income": 60
    },
    "2018-06-30": {
        "Diluted EPS": 1.1,
        "Total Revenue": 585,
        "Gross Profit": 216,
        "Operating Income": 77,
        "EBIT": 120,
        "Net Income": 54
    },
    "2018-03-31": {
        "Diluted EPS": 1.08,
        "Total Revenue": 494,
        "Gross Profit": 181,
        "Operating Income": 68,
        "EBIT": 101,
        "Net Income": 53
    },
    "2017-12-31": {
        "Diluted EPS": -0.63,
        "Total Revenue": 478,
        "Gross Profit": 167,
        "Operating Income": 63,
        "EBIT": 96,
        "Net Income": -30
    },
    "2017-09-30": {
        "Diluted EPS": 1.08,
        "Total Revenue": 464,
        "Gross Profit": 177,
        "Operating Income": 74,
        "EBIT": 108,
        "Net Income": 52
    },
    "2017-06-30": {
        "Diluted EPS": 1.12,
        "Total Revenue": 469,
        "Gross Profit": 185,
        "Operating Income": 82,
        "EBIT": 113,
        "Net Income": 54
    },
    "2017-03-31": {
        "Diluted EPS": 0.97,
        "Total Revenue": 446,
        "Gross Profit": 171,
        "Operating Income": 70,
        "EBIT": 102,
        "Net Income": 47
    },
    "2016-12-31": {
        "Diluted EPS": 0.93,
        "Total Revenue": 467,
        "Gross Profit": 177,
        "Operating Income": 69,
        "EBIT": 105,
        "Net Income": 45
    },
    "2016-09-30": {
        "Diluted EPS": 0.79,
        "Total Revenue": 426,
        "Gross Profit": 156,
        "Operating Income": 59,
        "EBIT": 93,
        "Net Income": 38
    },
    "2016-06-30": {
        "Diluted EPS": 0.73,
        "Total Revenue": 434,
        "Gross Profit": 170,
        "Operating Income": 58,
        "EBIT": 90,
        "Net Income": 35
    },
    "2016-03-31": {
        "Diluted EPS": 0.78,
        "Total Revenue": 355,
        "Gross Profit": 141,
        "Operating Income": 51,
        "EBIT": 76,
        "Net Income": 37
    },
    "2015-12-31": {
        "Diluted EPS": 0.66,
        "Total Revenue": 354,
        "Gross Profit": 141,
        "Operating Income": 52,
        "EBIT": 76,
        "Net Income": 32
    },
    "2015-09-30": {
        "Diluted EPS": 0.79,
        "Total Revenue": 349,
        "Gross Profit": 138,
        "Operating Income": 55,
        "EBIT": 80,
        "Net Income": 37
    },
    "2015-06-30": {
        "Diluted EPS": 1.02,
        "Total Revenue": 340,
        "Gross Profit": 133,
        "Operating Income": 56,
        "EBIT": 80,
        "Net Income": 49
    },
    "2015-03-31": {
        "Diluted EPS": 0.66,
        "Total Revenue": 320,
        "Gross Profit": 120,
        "Operating Income": 43,
        "EBIT": 66,
        "Net Income": 32
    },
    "2014-12-31": {
        "Diluted EPS": 0.57,
        "Total Revenue": 330,
        "Gross Profit": 120,
        "Operating Income": 41,
        "EBIT": 67,
        "Net Income": 27
    },
    "2014-09-30": {
        "Diluted EPS": 0.68,
        "Total Revenue": 328,
        "Gross Profit": 118,
        "Operating Income": 46,
        "EBIT": 73,
        "Net Income": 32
    },
    "2014-06-30": {
        "Diluted EPS": 0.74,
        "Total Revenue": 341,
        "Gross Profit": 126,
        "Operating Income": 51,
        "EBIT": 76,
        "Net Income": 35
    },
    "2014-03-31": {
        "Diluted EPS": 0.67,
        "Total Revenue": 299,
        "Gross Profit": 109,
        "Operating Income": 40,
        "EBIT": 60,
        "Net Income": 32
    },
    "2013-12-31": {
        "Diluted EPS": 0.39,
        "Total Revenue": 289,
        "Gross Profit": 88,
        "Operating Income": 25,
        "EBIT": 54,
        "Net Income": 19
    },
    "2013-09-30": {
        "Diluted EPS": 0.64,
        "Total Revenue": 292,
        "Gross Profit": 100,
        "Operating Income": 41,
        "EBIT": 68,
        "Net Income": 31
    },
    "2013-06-30": {
        "Diluted EPS": 0.56,
        "Total Revenue": 293,
        "Gross Profit": 103,
        "Operating Income": 43,
        "EBIT": 68,
        "Net Income": 27
    },
    "2013-03-31": {
        "Diluted EPS": 0.53,
        "Total Revenue": 291,
        "Gross Profit": 104,
        "Operating Income": 43,
        "EBIT": 67,
        "Net Income": 26
    },
    "2012-12-31": {
        "Diluted EPS": 0.38,
        "Total Revenue": 280,
        "Gross Profit": 91,
        "Operating Income": 35,
        "EBIT": 60,
        "Net Income": 18
    },
    "2012-09-30": {
        "Diluted EPS": 0.46,
        "Total Revenue": 279,
        "Gross Profit": 93,
        "Operating Income": 38,
        "EBIT": 63,
        "Net Income": 22
    },
    "2012-06-30": {
        "Diluted EPS": 0.63,
        "Total Revenue": 285,
        "Gross Profit": 104,
        "Operating Income": 49,
        "EBIT": 74,
        "Net Income": 30
    },
    "2012-03-31": {
        "Diluted EPS": 0.54,
        "Total Revenue": 286,
        "Gross Profit": 104,
        "Operating Income": 44,
        "EBIT": 68,
        "Net Income": 26
    },
    "2011-12-31": {
        "Diluted EPS": 0.57,
        "Total Revenue": 291,
        "Gross Profit": 101,
        "Operating Income": 42,
        "EBIT": 67,
        "Net Income": 27
    },
    "2011-09-30": {
        "Diluted EPS": 0.37,
        "Total Revenue": 278,
        "Gross Profit": 93,
        "Operating Income": 37,
        "EBIT": 65,
        "Net Income": 19
    },
    "2011-06-30": {
        "Diluted EPS": 0.63,
        "Total Revenue": 288,
        "Gross Profit": 106,
        "Operating Income": 53,
        "EBIT": 80,
        "Net Income": 32
    },
    "2011-03-31": {
        "Diluted EPS": 0.57,
        "Total Revenue": 286,
        "Gross Profit": 103,
        "Operating Income": 42,
        "EBIT": 68,
        "Net Income": 31
    },
    "2010-12-31": {
        "Diluted EPS": -5.46,
        "Total Revenue": 282,
        "Gross Profit": 94,
        "Operating Income": -365,
        "EBIT": -32,
        "Net Income": -344
    },
    "2010-09-30": {
        "Diluted EPS": -0.4,
        "Total Revenue": 271,
        "Gross Profit": 91,
        "Operating Income": 6,
        "EBIT": 39,
        "Net Income": -25
    },
    "2010-06-30": {
        "Diluted EPS": 0.22,
        "Total Revenue": 289,
        "Gross Profit": 101,
        "Operating Income": 30,
        "EBIT": 60,
        "Net Income": 14
    },
    "2010-03-31": {
        "Diluted EPS": 0.26,
        "Total Revenue": 292,
        "Gross Profit": 99,
        "Operating Income": 30,
        "EBIT": 54,
        "Net Income": 17
    },
    "2009-12-31": {
        "Diluted EPS": 0.27,
        "Total Revenue": 264,
        "Gross Profit": 94,
        "Operating Income": 35,
        "EBIT": 69,
        "Net Income": 18
    },
    "2009-09-30": {
        "Diluted EPS": 0.57,
        "Total Revenue": 297,
        "Gross Profit": 107,
        "Operating Income": 44,
        "EBIT": 69,
        "Net Income": 37
    },
    "2009-06-30": {
        "Diluted EPS": 0.52,
        "Total Revenue": 308,
        "Gross Profit": 114,
        "Operating Income": 51,
        "EBIT": 74,
        "Net Income": 34
    },
    "2009-03-31": {
        "Diluted EPS": 0.38,
        "Total Revenue": 302,
        "Gross Profit": 108,
        "Operating Income": 40,
        "EBIT": 62,
        "Net Income": 25
    },
    "2023-06-30": {
        "Tax Effect Of Unusual Items": 0.0,
        "Tax Rate For Calcs": 0.227,
        "Normalized EBITDA": 241379000.0,
        "Net Income From Continuing Operation Net Minority Interest": 97020000.0,
        "Reconciled Depreciation": 77671000.0,
        "Reconciled Cost Of Revenue": 617563000.0,
        "EBITDA": 241379000.0,
        "EBIT": 163708000.0,
        "Net Interest Income": -33618000.0,
        "Interest Expense": 35044000.0,
        "Interest Income": 1426000.0,
        "Normalized Income": 97020000.0,
        "Net Income From Continuing And Discontinued Operation": 97020000.0,
        "Total Expenses": 894992000.0,
        "Total Operating Income As Reported": 164945000.0,
        "Diluted Average Shares": 51467000.0,
        "Basic Average Shares": 51216000.0,
        "Diluted EPS": 1.89,
        "Basic EPS": 1.89,
        "Diluted NI Availto Com Stockholders": 97020000.0,
        "Net Income Common Stockholders": 97020000.0,
        "Net Income": 97020000.0,
        "Minority Interests": -2423000.0,
        "Net Income Including Noncontrolling Interests": 99443000.0,
        "Net Income Continuous Operations": 99443000.0,
        "Tax Provision": 29221000.0,
        "Pretax Income": 128664000.0,
        "Other Income Expense": -2663000.0,
        "Other Non Operating Income Expenses": -2663000.0,
        "Net Non Operating Interest Income Expense": -33618000.0,
        "Interest Expense Non Operating": 35044000.0,
        "Interest Income Non Operating": 1426000.0,
        "Operating Income": 164945000.0,
        "Operating Expense": 234032000.0,
        "Depreciation Amortization Depletion Income Statement": 34274000.0,
        "Depreciation And Amortization In Income Statement": 34274000.0,
        "Amortization": 34274000.0,
        "Amortization Of Intangibles Income Statement": 34274000.0,
        "Selling General And Administration": 199758000.0,
        "Gross Profit": 398977000.0,
        "Cost Of Revenue": 660960000.0,
        "Total Revenue": 1059937000.0,
        "Operating Revenue": 1059937000.0
    },
    "2023-09-30": {
        "Tax Effect Of Unusual Items": 0.0,
        "Tax Rate For Calcs": 0.22,
        "Normalized EBITDA": 225485000.0,
        "Net Income From Continuing Operation Net Minority Interest": 87389000.0,
        "Reconciled Depreciation": 78870000.0,
        "Reconciled Cost Of Revenue": 620142000.0,
        "EBITDA": 225485000.0,
        "EBIT": 146615000.0,
        "Net Interest Income": -32369000.0,
        "Interest Expense": 33742000.0,
        "Interest Income": 1373000.0,
        "Normalized Income": 87389000.0,
        "Net Income From Continuing And Discontinued Operation": 87389000.0,
        "Total Expenses": 875121000.0,
        "Total Operating Income As Reported": 151502000.0,
        "Diluted Average Shares": 51607000.0,
        "Basic Average Shares": 51283000.0,
        "Diluted EPS": 1.69,
        "Basic EPS": 1.7,
        "Diluted NI Availto Com Stockholders": 87389000.0,
        "Net Income Common Stockholders": 87389000.0,
        "Net Income": 87389000.0,
        "Minority Interests": -632000.0,
        "Net Income Including Noncontrolling Interests": 88021000.0,
        "Net Income Continuous Operations": 88021000.0,
        "Tax Provision": 24852000.0,
        "Pretax Income": 112873000.0,
        "Other Income Expense": -6260000.0,
        "Other Non Operating Income Expenses": -6260000.0,
        "Net Non Operating Interest Income Expense": -32369000.0,
        "Interest Expense Non Operating": 33742000.0,
        "Interest Income Non Operating": 1373000.0,
        "Operating Income": 151502000.0,
        "Operating Expense": 210338000.0,
        "Depreciation Amortization Depletion Income Statement": 34229000.0,
        "Depreciation And Amortization In Income Statement": 34229000.0,
        "Amortization": 34229000.0,
        "Amortization Of Intangibles Income Statement": 34229000.0,
        "Selling General And Administration": 176109000.0,
        "Gross Profit": 361840000.0,
        "Cost Of Revenue": 664783000.0,
        "Total Revenue": 1026623000.0,
        "Operating Revenue": 1026623000.0
    },
    "2023-12-31": {
        "Tax Effect Of Unusual Items": 0.0,
        "Tax Rate For Calcs": 0.09465,
        "Normalized EBITDA": 322764000.0,
        "Net Income From Continuing Operation Net Minority Interest": 187084000.0,
        "Reconciled Depreciation": 80514000.0,
        "Reconciled Cost Of Revenue": 602898000.0,
        "EBITDA": 322764000.0,
        "EBIT": 242250000.0,
        "Net Interest Income": -31953000.0,
        "Interest Expense": 33544000.0,
        "Interest Income": 1591000.0,
        "Normalized Income": 187084000.0,
        "Net Income From Continuing And Discontinued Operation": 187084000.0,
        "Total Expenses": 880554000.0,
        "Total Operating Income As Reported": 132922000.0,
        "Diluted Average Shares": NaN,
        "Basic Average Shares": NaN,
        "Diluted EPS": NaN,
        "Basic EPS": NaN,
        "Diluted NI Availto Com Stockholders": 187084000.0,
        "Net Income Common Stockholders": 187084000.0,
        "Net Income": 187084000.0,
        "Minority Interests": -1868000.0,
        "Net Income Including Noncontrolling Interests": 188952000.0,
        "Net Income Continuous Operations": 188952000.0,
        "Tax Provision": 19754000.0,
        "Pretax Income": 208706000.0,
        "Other Income Expense": 107737000.0,
        "Other Non Operating Income Expenses": 107737000.0,
        "Net Non Operating Interest Income Expense": -31953000.0,
        "Interest Expense Non Operating": 33544000.0,
        "Interest Income Non Operating": 1591000.0,
        "Operating Income": 132922000.0,
        "Operating Expense": 231163000.0,
        "Depreciation Amortization Depletion Income Statement": 34021000.0,
        "Depreciation And Amortization In Income Statement": 34021000.0,
        "Amortization": 34021000.0,
        "Amortization Of Intangibles Income Statement": 34021000.0,
        "Selling General And Administration": 197142000.0,
        "Gross Profit": 364085000.0,
        "Cost Of Revenue": 649391000.0,
        "Total Revenue": 1013476000.0,
        "Operating Revenue": 1013476000.0
    },
    "2024-03-31": {
        "Tax Effect Of Unusual Items": 0.0,
        "Tax Rate For Calcs": 0.248,
        "Normalized EBITDA": 219369000.0,
        "Net Income From Continuing Operation Net Minority Interest": 67329000.0,
        "Reconciled Depreciation": 85357000.0,
        "Reconciled Cost Of Revenue": 613935000.0,
        "EBITDA": 219369000.0,
        "EBIT": 134012000.0,
        "Net Interest Income": -32799000.0,
        "Interest Expense": 35001000.0,
        "Interest Income": 2202000.0,
        "Normalized Income": 67329000.0,
        "Net Income From Continuing And Discontinued Operation": 67329000.0,
        "Total Expenses": 885583000.0,
        "Total Operating Income As Reported": 125977000.0,
        "Diluted Average Shares": 51842000.0,
        "Basic Average Shares": 51437000.0,
        "Diluted EPS": 1.3,
        "Basic EPS": 1.31,
        "Diluted NI Availto Com Stockholders": 67329000.0,
        "Net Income Common Stockholders": 67329000.0,
        "Net Income": 67329000.0,
        "Minority Interests": -7153000.0,
        "Net Income Including Noncontrolling Interests": 74482000.0,
        "Net Income Continuous Operations": 74482000.0,
        "Tax Provision": 24529000.0,
        "Pretax Income": 99011000.0,
        "Other Income Expense": 5833000.0,
        "Other Non Operating Income Expenses": 5833000.0,
        "Net Non Operating Interest Income Expense": -32799000.0,
        "Interest Expense Non Operating": 35001000.0,
        "Interest Income Non Operating": 2202000.0,
        "Operating Income": 125977000.0,
        "Operating Expense": 218866000.0,
        "Depreciation Amortization Depletion Income Statement": 32575000.0,
        "Depreciation And Amortization In Income Statement": 32575000.0,
        "Amortization": 32575000.0,
        "Amortization Of Intangibles Income Statement": 32575000.0,
        "Selling General And Administration": 186291000.0,
        "Gross Profit": 344843000.0,
        "Cost Of Revenue": 666717000.0,
        "Total Revenue": 1011560000.0,
        "Operating Revenue": 1011560000.0
    },
    "2024-06-30": {
        "Tax Effect Of Unusual Items": 0.0,
        "Tax Rate For Calcs": 0.212,
        "Normalized EBITDA": 238504000.0,
        "Net Income From Continuing Operation Net Minority Interest": 89988000.0,
        "Reconciled Depreciation": 86082000.0,
        "Reconciled Cost Of Revenue": 618592000.0,
        "EBITDA": 238504000.0,
        "EBIT": 152422000.0,
        "Net Interest Income": -29759000.0,
        "Interest Expense": 32769000.0,
        "Interest Income": 3010000.0,
        "Normalized Income": 89988000.0,
        "Net Income From Continuing And Discontinued Operation": 89988000.0,
        "Total Expenses": 874465000.0,
        "Total Operating Income As Reported": 151652000.0,
        "Diluted Average Shares": 51846000.0,
        "Basic Average Shares": 51551000.0,
        "Diluted EPS": 1.74,
        "Basic EPS": 1.75,
        "Diluted NI Availto Com Stockholders": 89988000.0,
        "Net Income Common Stockholders": 89988000.0,
        "Net Income": 89988000.0,
        "Minority Interests": -4273000.0,
        "Net Income Including Noncontrolling Interests": 94261000.0,
        "Net Income Continuous Operations": 94261000.0,
        "Tax Provision": 25392000.0,
        "Pretax Income": 119653000.0,
        "Other Income Expense": -2240000.0,
        "Other Non Operating Income Expenses": -2240000.0,
        "Net Non Operating Interest Income Expense": -29759000.0,
        "Interest Expense Non Operating": 32769000.0,
        "Interest Income Non Operating": 3010000.0,
        "Operating Income": 151652000.0,
        "Operating Expense": 202061000.0,
        "Depreciation Amortization Depletion Income Statement": 32270000.0,
        "Depreciation And Amortization In Income Statement": 32270000.0,
        "Amortization": 32270000.0,
        "Amortization Of Intangibles Income Statement": 32270000.0,
        "Selling General And Administration": 169791000.0,
        "Gross Profit": 353713000.0,
        "Cost Of Revenue": 672404000.0,
        "Total Revenue": 1026117000.0,
        "Operating Revenue": 1026117000.0
    }
}