{
    "2023-04-30": {
        "Tax Effect Of Unusual Items": -331914110.429448,
        "Tax Rate For Calcs": 0.389571,
        "Normalized EBITDA": 3229000000.0,
        "Total Unusual Items": -852000000.0,
        "Total Unusual Items Excluding Goodwill": -852000000.0,
        "Net Income From Continuing Operation Net Minority Interest": 199000000.0,
        "Reconciled Depreciation": 1254000000.0,
        "Reconciled Cost Of Revenue": 2125000000.0,
        "EBITDA": 2377000000.0,
        "EBIT": 1123000000.0,
        "Normalized Income": 719085889.570552,
        "Net Income From Continuing And Discontinued Operation": 199000000.0,
        "Total Expenses": 7124000000.0,
        "Total Operating Income As Reported": 412000000.0,
        "Diluted Average Shares": 988000000.0,
        "Basic Average Shares": 980000000.0,
        "Diluted EPS": 0.2,
        "Basic EPS": 0.2,
        "Diluted NI Availto Com Stockholders": 199000000.0,
        "Net Income Common Stockholders": 199000000.0,
        "Net Income": 199000000.0,
        "Net Income Including Noncontrolling Interests": 199000000.0,
        "Net Income Continuous Operations": 199000000.0,
        "Tax Provision": 127000000.0,
        "Pretax Income": 326000000.0,
        "Other Income Expense": -797000000.0,
        "Other Non Operating Income Expenses": 55000000.0,
        "Special Income Charges": -711000000.0,
        "Write Off": 177000000.0,
        "Restructuring And Mergern Acquisition": 711000000.0,
        "Gain On Sale Of Security": -141000000.0,
        "Operating Income": 1123000000.0,
        "Operating Expense": 4999000000.0,
        "Depreciation Amortization Depletion Income Statement": NaN,
        "Depreciation And Amortization In Income Statement": NaN,
        "Amortization": NaN,
        "Amortization Of Intangibles Income Statement": NaN,
        "Research And Development": 1207000000.0,
        "Selling General And Administration": 3792000000.0,
        "Selling And Marketing Expense": 3154000000.0,
        "General And Administrative Expense": 638000000.0,
        "Other Gand A": 638000000.0,
        "Salaries And Wages": NaN,
        "Gross Profit": 6122000000.0,
        "Cost Of Revenue": 2125000000.0,
        "Total Revenue": 8247000000.0,
        "Operating Revenue": 8247000000.0
    },
    "2023-01-31": {
        "Tax Effect Of Unusual Items": -456800000.0,
        "Tax Rate For Calcs": 0.4,
        "Normalized EBITDA": 3359000000.0,
        "Total Unusual Items": -1142000000.0,
        "Total Unusual Items Excluding Goodwill": -1142000000.0,
        "Net Income From Continuing Operation Net Minority Interest": -98000000.0,
        "Reconciled Depreciation": 1032000000.0,
        "Reconciled Cost Of Revenue": 2100000000.0,
        "EBITDA": 2217000000.0,
        "EBIT": 1185000000.0,
        "Normalized Income": 587200000.0,
        "Net Income From Continuing And Discontinued Operation": -98000000.0,
        "Total Expenses": 7199000000.0,
        "Total Operating Income As Reported": 357000000.0,
        "Diluted Average Shares": 984000000.0,
        "Basic Average Shares": 984000000.0,
        "Diluted EPS": -0.1,
        "Basic EPS": -0.1,
        "Diluted NI Availto Com Stockholders": -98000000.0,
        "Net Income Common Stockholders": -98000000.0,
        "Net Income": -98000000.0,
        "Net Income Including Noncontrolling Interests": -98000000.0,
        "Net Income Continuous Operations": -98000000.0,
        "Tax Provision": 131000000.0,
        "Pretax Income": 33000000.0,
        "Other Income Expense": -1152000000.0,
        "Other Non Operating Income Expenses": -10000000.0,
        "Special Income Charges": -828000000.0,
        "Write Off": 370000000.0,
        "Restructuring And Mergern Acquisition": 828000000.0,
        "Gain On Sale Of Security": -314000000.0,
        "Operating Income": 1185000000.0,
        "Operating Expense": 5099000000.0,
        "Depreciation Amortization Depletion Income Statement": NaN,
        "Depreciation And Amortization In Income Statement": NaN,
        "Amortization": NaN,
        "Amortization Of Intangibles Income Statement": NaN,
        "Research And Development": 1128000000.0,
        "Selling General And Administration": 3971000000.0,
        "Selling And Marketing Expense": 3385000000.0,
        "General And Administrative Expense": 586000000.0,
        "Other Gand A": 586000000.0,
        "Salaries And Wages": NaN,
        "Gross Profit": 6284000000.0,
        "Cost Of Revenue": 2100000000.0,
        "Total Revenue": 8384000000.0,
        "Operating Revenue": 8384000000.0
    },
    "2022-10-31": {
        "Tax Effect Of Unusual Items": 9200000.0,
        "Tax Rate For Calcs": 0.4,
        "Normalized EBITDA": 1378000000.0,
        "Total Unusual Items": 23000000.0,
        "Total Unusual Items Excluding Goodwill": 23000000.0,
        "Net Income From Continuing Operation Net Minority Interest": 210000000.0,
        "Reconciled Depreciation": 941000000.0,
        "Reconciled Cost Of Revenue": 2088000000.0,
        "EBITDA": 1401000000.0,
        "EBIT": 460000000.0,
        "Normalized Income": 196200000.0,
        "Net Income From Continuing And Discontinued Operation": 210000000.0,
        "Total Expenses": 7377000000.0,
        "Total Operating Income As Reported": 460000000.0,
        "Diluted Average Shares": 1000000000.0,
        "Basic Average Shares": 997000000.0,
        "Diluted EPS": 0.21,
        "Basic EPS": 0.21,
        "Diluted NI Availto Com Stockholders": 210000000.0,
        "Net Income Common Stockholders": 210000000.0,
        "Net Income": 210000000.0,
        "Net Income Including Noncontrolling Interests": 210000000.0,
        "Net Income Continuous Operations": 210000000.0,
        "Tax Provision": 265000000.0,
        "Pretax Income": 475000000.0,
        "Other Income Expense": 15000000.0,
        "Other Non Operating Income Expenses": -8000000.0,
        "Special Income Charges": -68000000.0,
        "Write Off": 68000000.0,
        "Restructuring And Mergern Acquisition": NaN,
        "Gain On Sale Of Security": 23000000.0,
        "Operating Income": 460000000.0,
        "Operating Expense": 5289000000.0,
        "Depreciation Amortization Depletion Income Statement": NaN,
        "Depreciation And Amortization In Income Statement": NaN,
        "Amortization": NaN,
        "Amortization Of Intangibles Income Statement": NaN,
        "Research And Development": 1280000000.0,
        "Selling General And Administration": 4009000000.0,
        "Selling And Marketing Expense": 3345000000.0,
        "General And Administrative Expense": 664000000.0,
        "Other Gand A": 664000000.0,
        "Salaries And Wages": NaN,
        "Gross Profit": 5749000000.0,
        "Cost Of Revenue": 2088000000.0,
        "Total Revenue": 7837000000.0,
        "Operating Revenue": 7837000000.0
    },
    "2022-07-31": {
        "Tax Effect Of Unusual Items": 18000000.0,
        "Tax Rate For Calcs": 0.4,
        "Normalized EBITDA": 1055000000.0,
        "Total Unusual Items": 45000000.0,
        "Total Unusual Items Excluding Goodwill": 45000000.0,
        "Net Income From Continuing Operation Net Minority Interest": 68000000.0,
        "Reconciled Depreciation": 907000000.0,
        "Reconciled Cost Of Revenue": 2127000000.0,
        "EBITDA": 1100000000.0,
        "EBIT": 193000000.0,
        "Normalized Income": 41000000.0,
        "Net Income From Continuing And Discontinued Operation": 68000000.0,
        "Total Expenses": 7527000000.0,
        "Total Operating Income As Reported": 193000000.0,
        "Diluted Average Shares": 1001000000.0,
        "Basic Average Shares": 997000000.0,
        "Diluted EPS": 0.07,
        "Basic EPS": 0.07,
        "Diluted NI Availto Com Stockholders": 68000000.0,
        "Net Income Common Stockholders": 68000000.0,
        "Net Income": 68000000.0,
        "Net Income Including Noncontrolling Interests": 68000000.0,
        "Net Income Continuous Operations": 68000000.0,
        "Tax Provision": 113000000.0,
        "Pretax Income": 181000000.0,
        "Other Income Expense": -12000000.0,
        "Other Non Operating Income Expenses": -57000000.0,
        "Special Income Charges": -42000000.0,
        "Write Off": 42000000.0,
        "Restructuring And Mergern Acquisition": NaN,
        "Gain On Sale Of Security": 45000000.0,
        "Operating Income": 193000000.0,
        "Operating Expense": 5400000000.0,
        "Depreciation Amortization Depletion Income Statement": NaN,
        "Depreciation And Amortization In Income Statement": NaN,
        "Amortization": NaN,
        "Amortization Of Intangibles Income Statement": NaN,
        "Research And Development": 1329000000.0,
        "Selling General And Administration": 4071000000.0,
        "Selling And Marketing Expense": 3424000000.0,
        "General And Administrative Expense": 647000000.0,
        "Other Gand A": 647000000.0,
        "Salaries And Wages": NaN,
        "Gross Profit": 5593000000.0,
        "Cost Of Revenue": 2127000000.0,
        "Total Revenue": 7720000000.0,
        "Operating Revenue": 7720000000.0
    },
    "2022-04-30": {
        "Diluted EPS": 0.03,
        "Total Revenue": NaN,
        "Gross Profit": NaN,
        "Operating Income": 20,
        "EBIT": NaN,
        "Net Income": 28
    },
    "2022-01-31": {
        "Diluted EPS": -0.05,
        "Total Revenue": NaN,
        "Gross Profit": NaN,
        "Operating Income": -176,
        "EBIT": NaN,
        "Net Income": -28
    },
    "2021-10-31": {
        "Diluted EPS": 0.47,
        "Total Revenue": NaN,
        "Gross Profit": NaN,
        "Operating Income": 38,
        "EBIT": NaN,
        "Net Income": 468
    },
    "2021-07-31": {
        "Diluted EPS": 0.56,
        "Total Revenue": NaN,
        "Gross Profit": NaN,
        "Operating Income": 332,
        "EBIT": NaN,
        "Net Income": 535
    },
    "2021-04-30": {
        "Diluted EPS": 0.5,
        "Total Revenue": NaN,
        "Gross Profit": NaN,
        "Operating Income": 354,
        "EBIT": NaN,
        "Net Income": 469
    },
    "2021-01-31": {
        "Diluted EPS": 0.27,
        "Total Revenue": NaN,
        "Gross Profit": NaN,
        "Operating Income": 193,
        "EBIT": NaN,
        "Net Income": 267
    },
    "2020-10-31": {
        "Diluted EPS": 1.15,
        "Total Revenue": NaN,
        "Gross Profit": NaN,
        "Operating Income": 224,
        "EBIT": NaN,
        "Net Income": NaN
    },
    "2020-07-31": {
        "Diluted EPS": 2.85,
        "Total Revenue": NaN,
        "Gross Profit": NaN,
        "Operating Income": 178,
        "EBIT": NaN,
        "Net Income": NaN
    },
    "2020-04-30": {
        "Diluted EPS": 0.11,
        "Total Revenue": NaN,
        "Gross Profit": NaN,
        "Operating Income": -140,
        "EBIT": 765,
        "Net Income": 99
    },
    "2020-01-31": {
        "Diluted EPS": -0.33,
        "Total Revenue": NaN,
        "Gross Profit": NaN,
        "Operating Income": -36,
        "EBIT": 826,
        "Net Income": -248
    },
    "2019-10-31": {
        "Diluted EPS": -0.12,
        "Total Revenue": NaN,
        "Gross Profit": NaN,
        "Operating Income": 65,
        "EBIT": 894,
        "Net Income": -109
    },
    "2019-07-31": {
        "Diluted EPS": 0.11,
        "Total Revenue": NaN,
        "Gross Profit": NaN,
        "Operating Income": 58,
        "EBIT": 732,
        "Net Income": 91
    },
    "2019-04-30": {
        "Diluted EPS": 0.49,
        "Total Revenue": NaN,
        "Gross Profit": NaN,
        "Operating Income": 210,
        "EBIT": 856,
        "Net Income": 392
    },
    "2019-01-31": {
        "Diluted EPS": 0.45,
        "Total Revenue": NaN,
        "Gross Profit": NaN,
        "Operating Income": 137,
        "EBIT": 588,
        "Net Income": 362
    },
    "2018-10-31": {
        "Diluted EPS": 0.13,
        "Total Revenue": NaN,
        "Gross Profit": NaN,
        "Operating Income": 92,
        "EBIT": 539,
        "Net Income": 105
    },
    "2018-07-31": {
        "Diluted EPS": 0.39,
        "Total Revenue": NaN,
        "Gross Profit": NaN,
        "Operating Income": 115,
        "EBIT": 551,
        "Net Income": 299
    },
    "2018-04-30": {
        "Diluted EPS": 0.46,
        "Total Revenue": NaN,
        "Gross Profit": NaN,
        "Operating Income": 191,
        "EBIT": 576,
        "Net Income": 344
    },
    "2018-01-31": {
        "Diluted EPS": 0.29,
        "Total Revenue": NaN,
        "Gross Profit": NaN,
        "Operating Income": 211,
        "EBIT": 548,
        "Net Income": 206
    },
    "2017-10-31": {
        "Diluted EPS": 0.14,
        "Total Revenue": NaN,
        "Gross Profit": NaN,
        "Operating Income": 155,
        "EBIT": 513,
        "Net Income": 107
    },
    "2017-07-31": {
        "Diluted EPS": 0.06,
        "Total Revenue": NaN,
        "Gross Profit": NaN,
        "Operating Income": 84,
        "EBIT": 431,
        "Net Income": 46
    },
    "2017-04-30": {
        "Diluted EPS": 0.0,
        "Total Revenue": NaN,
        "Gross Profit": NaN,
        "Operating Income": 4,
        "EBIT": 338,
        "Net Income": 1
    },
    "2017-01-31": {
        "Diluted EPS": 0.12,
        "Total Revenue": NaN,
        "Gross Profit": NaN,
        "Operating Income": 130,
        "EBIT": 520,
        "Net Income": 92
    },
    "2016-10-31": {
        "Diluted EPS": -0.05,
        "Total Revenue": NaN,
        "Gross Profit": NaN,
        "Operating Income": 3,
        "EBIT": 273,
        "Net Income": -37
    },
    "2016-07-31": {
        "Diluted EPS": 0.33,
        "Total Revenue": NaN,
        "Gross Profit": NaN,
        "Operating Income": 33,
        "EBIT": 278,
        "Net Income": 230
    },
    "2016-04-30": {
        "Diluted EPS": 0.06,
        "Total Revenue": NaN,
        "Gross Profit": NaN,
        "Operating Income": 52,
        "EBIT": 280,
        "Net Income": 39
    },
    "2016-01-31": {
        "Diluted EPS": -0.04,
        "Total Revenue": NaN,
        "Gross Profit": NaN,
        "Operating Income": 21,
        "EBIT": 246,
        "Net Income": -26
    },
    "2015-10-31": {
        "Diluted EPS": -0.04,
        "Total Revenue": NaN,
        "Gross Profit": NaN,
        "Operating Income": 43,
        "EBIT": 264,
        "Net Income": -25
    },
    "2015-07-31": {
        "Diluted EPS": 0.0,
        "Total Revenue": NaN,
        "Gross Profit": NaN,
        "Operating Income": 20,
        "EBIT": 235,
        "Net Income": -1
    },
    "2015-04-30": {
        "Diluted EPS": 0.01,
        "Total Revenue": NaN,
        "Gross Profit": NaN,
        "Operating Income": 31,
        "EBIT": 242,
        "Net Income": 4
    },
    "2015-01-31": {
        "Diluted EPS": -0.1,
        "Total Revenue": NaN,
        "Gross Profit": NaN,
        "Operating Income": -35,
        "EBIT": 163,
        "Net Income": -66
    },
    "2014-10-31": {
        "Diluted EPS": -0.06,
        "Total Revenue": NaN,
        "Gross Profit": NaN,
        "Operating Income": -22,
        "EBIT": 165,
        "Net Income": -39
    },
    "2014-07-31": {
        "Diluted EPS": -0.1,
        "Total Revenue": NaN,
        "Gross Profit": NaN,
        "Operating Income": -33,
        "EBIT": 145,
        "Net Income": -61
    },
    "2014-04-30": {
        "Diluted EPS": -0.16,
        "Total Revenue": NaN,
        "Gross Profit": 934,
        "Operating Income": -55,
        "EBIT": 127,
        "Net Income": -97
    },
    "2014-01-31": {
        "Diluted EPS": -0.18,
        "Total Revenue": NaN,
        "Gross Profit": 872,
        "Operating Income": -104,
        "EBIT": 79,
        "Net Income": -117
    },
    "2013-10-31": {
        "Diluted EPS": -0.21,
        "Total Revenue": NaN,
        "Gross Profit": 808,
        "Operating Income": -98,
        "EBIT": 78,
        "Net Income": -124
    },
    "2013-07-31": {
        "Diluted EPS": 0.12,
        "Total Revenue": 957,
        "Gross Profit": 739,
        "Operating Income": -40,
        "EBIT": 97,
        "Net Income": 77
    },
    "2013-04-30": {
        "Diluted EPS": -0.12,
        "Total Revenue": 893,
        "Gross Profit": 684,
        "Operating Income": -45,
        "EBIT": 73,
        "Net Income": -68
    },
    "2013-01-31": {
        "Diluted EPS": -0.03,
        "Total Revenue": 835,
        "Gross Profit": 651,
        "Operating Income": -21,
        "EBIT": 87,
        "Net Income": -21
    },
    "2012-10-31": {
        "Diluted EPS": -0.39,
        "Total Revenue": 788,
        "Gross Profit": 602,
        "Operating Income": -54,
        "EBIT": 51,
        "Net Income": -220
    },
    "2012-07-31": {
        "Diluted EPS": -0.02,
        "Total Revenue": 732,
        "Gross Profit": 569,
        "Operating Income": -13,
        "EBIT": 79,
        "Net Income": -10
    },
    "2012-04-30": {
        "Diluted EPS": -0.04,
        "Total Revenue": 695,
        "Gross Profit": 544,
        "Operating Income": -22,
        "EBIT": 68,
        "Net Income": -19
    },
    "2012-01-31": {
        "Diluted EPS": -0.01,
        "Total Revenue": 632,
        "Gross Profit": 496,
        "Operating Income": -6,
        "EBIT": 74,
        "Net Income": -4
    },
    "2011-10-31": {
        "Diluted EPS": -0.01,
        "Total Revenue": 584,
        "Gross Profit": 456,
        "Operating Income": -10,
        "EBIT": 60,
        "Net Income": -4
    },
    "2011-07-31": {
        "Diluted EPS": -0.01,
        "Total Revenue": 546,
        "Gross Profit": 425,
        "Operating Income": -16,
        "EBIT": 51,
        "Net Income": -4
    },
    "2011-04-30": {
        "Diluted EPS": 0.0,
        "Total Revenue": 504,
        "Gross Profit": 401,
        "Operating Income": -3,
        "EBIT": 54,
        "Net Income": 1
    },
    "2011-01-31": {
        "Diluted EPS": 0.02,
        "Total Revenue": 457,
        "Gross Profit": 365,
        "Operating Income": 0,
        "EBIT": 48,
        "Net Income": 11
    },
    "2010-10-31": {
        "Diluted EPS": 0.04,
        "Total Revenue": 429,
        "Gross Profit": 347,
        "Operating Income": 35,
        "EBIT": 81,
        "Net Income": 21
    },
    "2010-07-31": {
        "Diluted EPS": 0.03,
        "Total Revenue": 394,
        "Gross Profit": 317,
        "Operating Income": 30,
        "EBIT": 71,
        "Net Income": 15
    },
    "2010-04-30": {
        "Diluted EPS": 0.03,
        "Total Revenue": 377,
        "Gross Profit": 305,
        "Operating Income": 33,
        "EBIT": 72,
        "Net Income": 18
    },
    "2010-01-31": {
        "Diluted EPS": 0.04,
        "Total Revenue": 354,
        "Gross Profit": 286,
        "Operating Income": 26,
        "EBIT": 59,
        "Net Income": 20
    },
    "2009-10-31": {
        "Diluted EPS": 0.04,
        "Total Revenue": 331,
        "Gross Profit": 265,
        "Operating Income": 30,
        "EBIT": 59,
        "Net Income": 21
    },
    "2009-07-31": {
        "Diluted EPS": 0.04,
        "Total Revenue": 316,
        "Gross Profit": 254,
        "Operating Income": 29,
        "EBIT": 57,
        "Net Income": 21
    },
    "2009-04-30": {
        "Diluted EPS": 0.04,
        "Total Revenue": 305,
        "Gross Profit": 243,
        "Operating Income": 30,
        "EBIT": 57,
        "Net Income": 18
    },
    "2009-01-31": {
        "Diluted EPS": 0.03,
        "Total Revenue": 290,
        "Gross Profit": 231,
        "Operating Income": 16,
        "EBIT": 42,
        "Net Income": 14
    },
    "2023-07-31": {
        "Tax Effect Of Unusual Items": -11762734.58445,
        "Tax Rate For Calcs": 0.150804,
        "Normalized EBITDA": 2493000000.0,
        "Total Unusual Items": -78000000.0,
        "Total Unusual Items Excluding Goodwill": -78000000.0,
        "Net Income From Continuing Operation Net Minority Interest": 1267000000.0,
        "Reconciled Depreciation": 890000000.0,
        "Reconciled Cost Of Revenue": 1445000000.0,
        "EBITDA": 2415000000.0,
        "EBIT": 1525000000.0,
        "Normalized Income": 1333237265.41555,
        "Net Income From Continuing And Discontinued Operation": 1267000000.0,
        "Total Expenses": 7078000000.0,
        "Total Operating Income As Reported": 1476000000.0,
        "Diluted Average Shares": 986000000.0,
        "Basic Average Shares": 975000000.0,
        "Diluted EPS": 1.28,
        "Basic EPS": 1.3,
        "Diluted NI Availto Com Stockholders": 1267000000.0,
        "Net Income Common Stockholders": 1267000000.0,
        "Net Income": 1267000000.0,
        "Net Income Including Noncontrolling Interests": 1267000000.0,
        "Net Income Continuous Operations": 1267000000.0,
        "Tax Provision": 225000000.0,
        "Pretax Income": 1492000000.0,
        "Other Income Expense": -33000000.0,
        "Other Non Operating Income Expenses": 45000000.0,
        "Special Income Charges": -49000000.0,
        "Write Off": 80000000.0,
        "Restructuring And Mergern Acquisition": 49000000.0,
        "Gain On Sale Of Security": -29000000.0,
        "Operating Income": 1525000000.0,
        "Operating Expense": 4965000000.0,
        "Depreciation Amortization Depletion Income Statement": 222000000.0,
        "Depreciation And Amortization In Income Statement": 222000000.0,
        "Amortization": 222000000.0,
        "Amortization Of Intangibles Income Statement": 222000000.0,
        "Research And Development": 1220000000.0,
        "Selling General And Administration": 3523000000.0,
        "Selling And Marketing Expense": 2614000000.0,
        "General And Administrative Expense": 909000000.0,
        "Other Gand A": 553000000.0,
        "Salaries And Wages": 356000000.0,
        "Gross Profit": 6490000000.0,
        "Cost Of Revenue": 2113000000.0,
        "Total Revenue": 8603000000.0,
        "Operating Revenue": 8603000000.0
    }
}