{
    "2023-03-31": {
        "Tax Effect Of Unusual Items": 0.0,
        "Tax Rate For Calcs": 0.396319,
        "Normalized EBITDA": 7271000.0,
        "Total Unusual Items": 0.0,
        "Total Unusual Items Excluding Goodwill": 0.0,
        "Net Income From Continuing Operation Net Minority Interest": 1968000.0,
        "Reconciled Depreciation": 2553000.0,
        "Reconciled Cost Of Revenue": 55233000.0,
        "EBITDA": 7271000.0,
        "EBIT": 4718000.0,
        "Net Interest Income": -1458000.0,
        "Interest Expense": 1458000.0,
        "Normalized Income": 1968000.0,
        "Net Income From Continuing And Discontinued Operation": 1968000.0,
        "Total Expenses": 78691000.0,
        "Total Operating Income As Reported": 4718000.0,
        "Diluted Average Shares": 84992254.0,
        "Basic Average Shares": 84354297.0,
        "Diluted EPS": 0.02,
        "Basic EPS": 0.02,
        "Diluted NI Availto Com Stockholders": 1968000.0,
        "Net Income Common Stockholders": 1968000.0,
        "Net Income": 1968000.0,
        "Net Income Including Noncontrolling Interests": 1968000.0,
        "Net Income Continuous Operations": 1968000.0,
        "Tax Provision": 1292000.0,
        "Pretax Income": 3260000.0,
        "Other Income Expense": NaN,
        "Special Income Charges": 0.0,
        "Restructuring And Mergern Acquisition": 0.0,
        "Net Non Operating Interest Income Expense": -1458000.0,
        "Interest Expense Non Operating": 1458000.0,
        "Operating Income": 4718000.0,
        "Operating Expense": 23458000.0,
        "Research And Development": 7938000.0,
        "Selling General And Administration": 15520000.0,
        "Selling And Marketing Expense": 10196000.0,
        "General And Administrative Expense": 5324000.0,
        "Other Gand A": 5324000.0,
        "Gross Profit": 28176000.0,
        "Cost Of Revenue": 55233000.0,
        "Total Revenue": 83409000.0,
        "Operating Revenue": 83409000.0
    },
    "2022-12-31": {
        "Tax Effect Of Unusual Items": NaN,
        "Tax Rate For Calcs": NaN,
        "Normalized EBITDA": NaN,
        "Total Unusual Items": NaN,
        "Total Unusual Items Excluding Goodwill": NaN,
        "Net Income From Continuing Operation Net Minority Interest": NaN,
        "Reconciled Depreciation": NaN,
        "Reconciled Cost Of Revenue": NaN,
        "EBITDA": NaN,
        "EBIT": NaN,
        "Net Interest Income": NaN,
        "Interest Expense": NaN,
        "Normalized Income": NaN,
        "Net Income From Continuing And Discontinued Operation": NaN,
        "Total Expenses": NaN,
        "Total Operating Income As Reported": NaN,
        "Diluted Average Shares": NaN,
        "Basic Average Shares": NaN,
        "Diluted EPS": NaN,
        "Basic EPS": NaN,
        "Diluted NI Availto Com Stockholders": NaN,
        "Net Income Common Stockholders": NaN,
        "Net Income": NaN,
        "Net Income Including Noncontrolling Interests": NaN,
        "Net Income Continuous Operations": NaN,
        "Tax Provision": NaN,
        "Pretax Income": NaN,
        "Other Income Expense": -1646000.0,
        "Special Income Charges": NaN,
        "Restructuring And Mergern Acquisition": NaN,
        "Net Non Operating Interest Income Expense": NaN,
        "Interest Expense Non Operating": NaN,
        "Operating Income": NaN,
        "Operating Expense": NaN,
        "Research And Development": NaN,
        "Selling General And Administration": NaN,
        "Selling And Marketing Expense": NaN,
        "General And Administrative Expense": NaN,
        "Other Gand A": NaN,
        "Gross Profit": NaN,
        "Cost Of Revenue": NaN,
        "Total Revenue": NaN,
        "Operating Revenue": NaN
    },
    "2022-09-30": {
        "Tax Effect Of Unusual Items": -1588400.0,
        "Tax Rate For Calcs": 0.4,
        "Normalized EBITDA": 7879000.0,
        "Total Unusual Items": -3971000.0,
        "Total Unusual Items Excluding Goodwill": -3971000.0,
        "Net Income From Continuing Operation Net Minority Interest": -863000.0,
        "Reconciled Depreciation": 2643000.0,
        "Reconciled Cost Of Revenue": 50861000.0,
        "EBITDA": 3908000.0,
        "EBIT": 1265000.0,
        "Net Interest Income": -1778000.0,
        "Interest Expense": 1778000.0,
        "Normalized Income": 1519600.0,
        "Net Income From Continuing And Discontinued Operation": -863000.0,
        "Total Expenses": 73413000.0,
        "Total Operating Income As Reported": 1265000.0,
        "Diluted Average Shares": 84200177.0,
        "Basic Average Shares": 84200177.0,
        "Diluted EPS": -0.01,
        "Basic EPS": -0.01,
        "Diluted NI Availto Com Stockholders": -863000.0,
        "Net Income Common Stockholders": -863000.0,
        "Net Income": -863000.0,
        "Net Income Including Noncontrolling Interests": -863000.0,
        "Net Income Continuous Operations": -863000.0,
        "Tax Provision": 350000.0,
        "Pretax Income": -513000.0,
        "Other Income Expense": -3971000.0,
        "Special Income Charges": -3971000.0,
        "Restructuring And Mergern Acquisition": 3971000.0,
        "Net Non Operating Interest Income Expense": -1778000.0,
        "Interest Expense Non Operating": 1778000.0,
        "Operating Income": 5236000.0,
        "Operating Expense": 22552000.0,
        "Other Operating Expenses": NaN,
        "Research And Development": 7318000.0,
        "Selling General And Administration": 15234000.0,
        "Selling And Marketing Expense": 8663000.0,
        "General And Administrative Expense": 6571000.0,
        "Other Gand A": 6571000.0,
        "Gross Profit": 27788000.0,
        "Cost Of Revenue": 50861000.0,
        "Total Revenue": 78649000.0,
        "Operating Revenue": 78649000.0
    },
    "2022-06-30": {
        "Tax Effect Of Unusual Items": 0.0,
        "Tax Rate For Calcs": 0.4,
        "Normalized EBITDA": 2511000.0,
        "Total Unusual Items": 0.0,
        "Total Unusual Items Excluding Goodwill": 0.0,
        "Net Income From Continuing Operation Net Minority Interest": -1520000.0,
        "Reconciled Depreciation": 2834000.0,
        "Reconciled Cost Of Revenue": 49268000.0,
        "EBITDA": 2511000.0,
        "EBIT": -323000.0,
        "Net Interest Income": -757000.0,
        "Interest Expense": 757000.0,
        "Normalized Income": -1520000.0,
        "Net Income From Continuing And Discontinued Operation": -1520000.0,
        "Total Expenses": 70997000.0,
        "Total Operating Income As Reported": -323000.0,
        "Diluted Average Shares": 84019188.0,
        "Basic Average Shares": 84019188.0,
        "Diluted EPS": -0.02,
        "Basic EPS": -0.02,
        "Diluted NI Availto Com Stockholders": -1520000.0,
        "Net Income Common Stockholders": -1520000.0,
        "Net Income": -1520000.0,
        "Net Income Including Noncontrolling Interests": -1520000.0,
        "Net Income Continuous Operations": -1520000.0,
        "Tax Provision": 440000.0,
        "Pretax Income": -1080000.0,
        "Other Income Expense": NaN,
        "Special Income Charges": 0.0,
        "Restructuring And Mergern Acquisition": 0.0,
        "Net Non Operating Interest Income Expense": -757000.0,
        "Interest Expense Non Operating": 757000.0,
        "Operating Income": -323000.0,
        "Operating Expense": 21729000.0,
        "Other Operating Expenses": NaN,
        "Research And Development": 7527000.0,
        "Selling General And Administration": 14202000.0,
        "Selling And Marketing Expense": 9362000.0,
        "General And Administrative Expense": 4840000.0,
        "Other Gand A": 4840000.0,
        "Gross Profit": 21406000.0,
        "Cost Of Revenue": 49268000.0,
        "Total Revenue": 70674000.0,
        "Operating Revenue": 70674000.0
    },
    "2023-06-30": {
        "Tax Effect Of Unusual Items": NaN,
        "Tax Rate For Calcs": NaN,
        "Normalized EBITDA": NaN,
        "Total Unusual Items": NaN,
        "Total Unusual Items Excluding Goodwill": NaN,
        "Net Income From Continuing Operation Net Minority Interest": NaN,
        "Reconciled Depreciation": NaN,
        "Reconciled Cost Of Revenue": NaN,
        "EBITDA": NaN,
        "EBIT": NaN,
        "Net Interest Income": NaN,
        "Interest Expense": NaN,
        "Normalized Income": NaN,
        "Net Income From Continuing And Discontinued Operation": NaN,
        "Total Expenses": NaN,
        "Total Operating Income As Reported": NaN,
        "Diluted Average Shares": NaN,
        "Basic Average Shares": NaN,
        "Diluted EPS": NaN,
        "Basic EPS": NaN,
        "Diluted NI Availto Com Stockholders": NaN,
        "Net Income Common Stockholders": NaN,
        "Net Income": NaN,
        "Net Income Including Noncontrolling Interests": NaN,
        "Net Income Continuous Operations": NaN,
        "Tax Provision": NaN,
        "Pretax Income": NaN,
        "Other Income Expense": -897000.0,
        "Special Income Charges": NaN,
        "Restructuring And Mergern Acquisition": NaN,
        "Net Non Operating Interest Income Expense": NaN,
        "Interest Expense Non Operating": NaN,
        "Operating Income": NaN,
        "Operating Expense": NaN,
        "Research And Development": NaN,
        "Selling General And Administration": NaN,
        "Selling And Marketing Expense": NaN,
        "General And Administrative Expense": NaN,
        "Other Gand A": NaN,
        "Gross Profit": NaN,
        "Cost Of Revenue": NaN,
        "Total Revenue": NaN,
        "Operating Revenue": NaN
    },
    "2022-03-31": {
        "Diluted EPS": -0.03,
        "Total Revenue": 70,
        "Gross Profit": 19,
        "Operating Income": -1,
        "EBIT": 2,
        "Net Income": -2
    },
    "2021-12-31": {
        "Diluted EPS": -0.15,
        "Total Revenue": 78,
        "Gross Profit": 23,
        "Operating Income": 1,
        "EBIT": 4,
        "Net Income": -12
    },
    "2021-09-30": {
        "Diluted EPS": 0.0,
        "Total Revenue": 76,
        "Gross Profit": 24,
        "Operating Income": 3,
        "EBIT": 6,
        "Net Income": 0
    },
    "2021-06-30": {
        "Diluted EPS": -0.02,
        "Total Revenue": 69,
        "Gross Profit": 22,
        "Operating Income": 0,
        "EBIT": 3,
        "Net Income": -2
    },
    "2021-03-31": {
        "Diluted EPS": -0.01,
        "Total Revenue": 68,
        "Gross Profit": 20,
        "Operating Income": 0,
        "EBIT": 3,
        "Net Income": -1
    },
    "2020-12-31": {
        "Diluted EPS": -0.07,
        "Total Revenue": 74,
        "Gross Profit": 22,
        "Operating Income": -1,
        "EBIT": 3,
        "Net Income": -6
    },
    "2020-09-30": {
        "Diluted EPS": 0.02,
        "Total Revenue": 71,
        "Gross Profit": 24,
        "Operating Income": 3,
        "EBIT": 6,
        "Net Income": 2
    },
    "2020-06-30": {
        "Diluted EPS": -0.07,
        "Total Revenue": 62,
        "Gross Profit": 17,
        "Operating Income": -3,
        "EBIT": -1,
        "Net Income": -5
    },
    "2020-03-31": {
        "Diluted EPS": -0.09,
        "Total Revenue": 56,
        "Gross Profit": 14,
        "Operating Income": -6,
        "EBIT": -3,
        "Net Income": -7
    },
    "2019-12-31": {
        "Diluted EPS": -0.05,
        "Total Revenue": 71,
        "Gross Profit": 23,
        "Operating Income": -2,
        "EBIT": 0,
        "Net Income": -4
    },
    "2019-09-30": {
        "Diluted EPS": 0.0,
        "Total Revenue": 72,
        "Gross Profit": 23,
        "Operating Income": 2,
        "EBIT": 5,
        "Net Income": 0
    },
    "2019-06-30": {
        "Diluted EPS": 0.01,
        "Total Revenue": 73,
        "Gross Profit": 26,
        "Operating Income": 4,
        "EBIT": 6,
        "Net Income": 1
    },
    "2019-03-31": {
        "Diluted EPS": 0.01,
        "Total Revenue": 69,
        "Gross Profit": 25,
        "Operating Income": 3,
        "EBIT": 5,
        "Net Income": 1
    },
    "2018-12-31": {
        "Diluted EPS": 0.13,
        "Total Revenue": 86,
        "Gross Profit": 30,
        "Operating Income": 7,
        "EBIT": 9,
        "Net Income": 12
    },
    "2018-09-30": {
        "Diluted EPS": 0.08,
        "Total Revenue": 87,
        "Gross Profit": 30,
        "Operating Income": 8,
        "EBIT": 10,
        "Net Income": 6
    },
    "2018-06-30": {
        "Diluted EPS": 0.04,
        "Total Revenue": 88,
        "Gross Profit": 29,
        "Operating Income": 6,
        "EBIT": 8,
        "Net Income": 3
    },
    "2018-03-31": {
        "Diluted EPS": 0.03,
        "Total Revenue": 83,
        "Gross Profit": 28,
        "Operating Income": 5,
        "EBIT": 7,
        "Net Income": 2
    },
    "2017-12-31": {
        "Diluted EPS": 0.09,
        "Total Revenue": 87,
        "Gross Profit": 29,
        "Operating Income": 8,
        "EBIT": 10,
        "Net Income": 7
    },
    "2017-09-30": {
        "Diluted EPS": 0.04,
        "Total Revenue": 76,
        "Gross Profit": 27,
        "Operating Income": 6,
        "EBIT": 8,
        "Net Income": 3
    },
    "2017-06-30": {
        "Diluted EPS": 0.06,
        "Total Revenue": 93,
        "Gross Profit": 29,
        "Operating Income": 8,
        "EBIT": 10,
        "Net Income": 5
    },
    "2017-03-31": {
        "Diluted EPS": 0.0,
        "Total Revenue": 76,
        "Gross Profit": 22,
        "Operating Income": 2,
        "EBIT": 4,
        "Net Income": 0
    },
    "2016-12-31": {
        "Diluted EPS": 0.12,
        "Total Revenue": 85,
        "Gross Profit": 28,
        "Operating Income": 8,
        "EBIT": 11,
        "Net Income": 8
    },
    "2016-09-30": {
        "Diluted EPS": 0.04,
        "Total Revenue": 79,
        "Gross Profit": 26,
        "Operating Income": 6,
        "EBIT": 8,
        "Net Income": 3
    },
    "2016-06-30": {
        "Diluted EPS": 0.0,
        "Total Revenue": 70,
        "Gross Profit": 24,
        "Operating Income": 4,
        "EBIT": 7,
        "Net Income": 0
    },
    "2016-03-31": {
        "Diluted EPS": -0.01,
        "Total Revenue": 60,
        "Gross Profit": 21,
        "Operating Income": 1,
        "EBIT": 4,
        "Net Income": 0
    },
    "2015-12-31": {
        "Diluted EPS": 0.06,
        "Total Revenue": 76,
        "Gross Profit": 25,
        "Operating Income": 9,
        "EBIT": 12,
        "Net Income": 5
    },
    "2015-09-30": {
        "Diluted EPS": 0.02,
        "Total Revenue": 85,
        "Gross Profit": 27,
        "Operating Income": 6,
        "EBIT": 9,
        "Net Income": 1
    },
    "2015-06-30": {
        "Diluted EPS": 0.02,
        "Total Revenue": 95,
        "Gross Profit": 27,
        "Operating Income": 6,
        "EBIT": 9,
        "Net Income": 1
    },
    "2015-03-31": {
        "Diluted EPS": -0.09,
        "Total Revenue": 94,
        "Gross Profit": 24,
        "Operating Income": 1,
        "EBIT": 4,
        "Net Income": -7
    },
    "2014-12-31": {
        "Diluted EPS": -0.78,
        "Total Revenue": 111,
        "Gross Profit": 20,
        "Operating Income": -26,
        "EBIT": -8,
        "Net Income": -52
    },
    "2014-09-30": {
        "Diluted EPS": -0.08,
        "Total Revenue": 99,
        "Gross Profit": 25,
        "Operating Income": -1,
        "EBIT": 3,
        "Net Income": -6
    },
    "2014-06-30": {
        "Diluted EPS": 0.15,
        "Total Revenue": 90,
        "Gross Profit": 24,
        "Operating Income": 12,
        "EBIT": 15,
        "Net Income": 8
    },
    "2014-03-31": {
        "Diluted EPS": -0.51,
        "Total Revenue": 71,
        "Gross Profit": 16,
        "Operating Income": -17,
        "EBIT": -14,
        "Net Income": -27
    },
    "2013-12-31": {
        "Diluted EPS": -0.37,
        "Total Revenue": 89,
        "Gross Profit": 28,
        "Operating Income": -10,
        "EBIT": -6,
        "Net Income": -15
    },
    "2013-09-30": {
        "Diluted EPS": -0.28,
        "Total Revenue": 92,
        "Gross Profit": 28,
        "Operating Income": -4,
        "EBIT": 0,
        "Net Income": -10
    },
    "2013-06-30": {
        "Diluted EPS": -0.2,
        "Total Revenue": 90,
        "Gross Profit": 29,
        "Operating Income": -5,
        "EBIT": -1,
        "Net Income": -8
    },
    "2013-03-31": {
        "Diluted EPS": -0.38,
        "Total Revenue": 90,
        "Gross Profit": 27,
        "Operating Income": -9,
        "EBIT": -5,
        "Net Income": -14
    },
    "2012-12-31": {
        "Diluted EPS": -0.23,
        "Total Revenue": 107,
        "Gross Profit": 35,
        "Operating Income": -7,
        "EBIT": -4,
        "Net Income": -8
    },
    "2012-09-30": {
        "Diluted EPS": -0.13,
        "Total Revenue": 117,
        "Gross Profit": 35,
        "Operating Income": -3,
        "EBIT": 1,
        "Net Income": -5
    },
    "2012-06-30": {
        "Diluted EPS": -0.08,
        "Total Revenue": 113,
        "Gross Profit": 36,
        "Operating Income": -2,
        "EBIT": 2,
        "Net Income": -3
    },
    "2012-03-31": {
        "Diluted EPS": -0.2,
        "Total Revenue": 110,
        "Gross Profit": 33,
        "Operating Income": -6,
        "EBIT": -2,
        "Net Income": -7
    },
    "2011-12-31": {
        "Diluted EPS": -0.22,
        "Total Revenue": 118,
        "Gross Profit": 34,
        "Operating Income": -7,
        "EBIT": -2,
        "Net Income": -8
    },
    "2011-09-30": {
        "Diluted EPS": -0.19,
        "Total Revenue": 116,
        "Gross Profit": 34,
        "Operating Income": -6,
        "EBIT": -2,
        "Net Income": -7
    },
    "2011-06-30": {
        "Diluted EPS": -0.48,
        "Total Revenue": 110,
        "Gross Profit": 24,
        "Operating Income": -16,
        "EBIT": -13,
        "Net Income": -17
    },
    "2011-03-31": {
        "Diluted EPS": -0.6,
        "Total Revenue": 100,
        "Gross Profit": 30,
        "Operating Income": -20,
        "EBIT": -17,
        "Net Income": -21
    },
    "2010-12-31": {
        "Diluted EPS": 0.1,
        "Total Revenue": 67,
        "Gross Profit": 25,
        "Operating Income": 4,
        "EBIT": 5,
        "Net Income": 4
    },
    "2010-09-30": {
        "Diluted EPS": 0.13,
        "Total Revenue": 62,
        "Gross Profit": 23,
        "Operating Income": 4,
        "EBIT": 5,
        "Net Income": 5
    },
    "2010-06-30": {
        "Diluted EPS": 0.07,
        "Total Revenue": 61,
        "Gross Profit": 21,
        "Operating Income": 3,
        "EBIT": 4,
        "Net Income": 3
    },
    "2010-03-31": {
        "Diluted EPS": 0.08,
        "Total Revenue": 60,
        "Gross Profit": 20,
        "Operating Income": 3,
        "EBIT": 4,
        "Net Income": 3
    },
    "2009-12-31": {
        "Diluted EPS": 0.05,
        "Total Revenue": 53,
        "Gross Profit": 18,
        "Operating Income": 2,
        "EBIT": 3,
        "Net Income": 2
    },
    "2009-09-30": {
        "Diluted EPS": 0.03,
        "Total Revenue": 45,
        "Gross Profit": 14,
        "Operating Income": 1,
        "EBIT": 2,
        "Net Income": 1
    },
    "2009-06-30": {
        "Diluted EPS": 0.01,
        "Total Revenue": 42,
        "Gross Profit": 14,
        "Operating Income": 0,
        "EBIT": 1,
        "Net Income": 0
    },
    "2009-03-31": {
        "Diluted EPS": 0.01,
        "Total Revenue": 44,
        "Gross Profit": 15,
        "Operating Income": 0,
        "EBIT": 1,
        "Net Income": 0
    },
    "2023-09-30": {
        "Tax Effect Of Unusual Items": -90502.828283,
        "Tax Rate For Calcs": 0.319798,
        "Normalized EBITDA": 9321000.0,
        "Total Unusual Items": -283000.0,
        "Total Unusual Items Excluding Goodwill": -283000.0,
        "Net Income From Continuing Operation Net Minority Interest": 3367000.0,
        "Reconciled Depreciation": 2366000.0,
        "Reconciled Cost Of Revenue": 56986000.0,
        "EBITDA": 9038000.0,
        "EBIT": 6672000.0,
        "Net Interest Income": -1722000.0,
        "Interest Expense": 1722000.0,
        "Normalized Income": 3559497.171717,
        "Net Income From Continuing And Discontinued Operation": 3367000.0,
        "Total Expenses": 80305000.0,
        "Total Operating Income As Reported": 6672000.0,
        "Diluted Average Shares": 85488113.0,
        "Basic Average Shares": 84688985.0,
        "Diluted EPS": 0.04,
        "Basic EPS": 0.04,
        "Diluted NI Availto Com Stockholders": 3367000.0,
        "Net Income Common Stockholders": 3367000.0,
        "Net Income": 3367000.0,
        "Net Income Including Noncontrolling Interests": 3367000.0,
        "Net Income Continuous Operations": 3367000.0,
        "Tax Provision": 1583000.0,
        "Pretax Income": 4950000.0,
        "Other Income Expense": -283000.0,
        "Special Income Charges": -283000.0,
        "Restructuring And Mergern Acquisition": 283000.0,
        "Net Non Operating Interest Income Expense": -1722000.0,
        "Interest Expense Non Operating": 1722000.0,
        "Operating Income": 6955000.0,
        "Operating Expense": 23319000.0,
        "Research And Development": 7454000.0,
        "Selling General And Administration": 15865000.0,
        "Selling And Marketing Expense": 10059000.0,
        "General And Administrative Expense": 5806000.0,
        "Other Gand A": 5806000.0,
        "Gross Profit": 30274000.0,
        "Cost Of Revenue": 56986000.0,
        "Total Revenue": 87260000.0,
        "Operating Revenue": 87260000.0
    },
    "2023-12-31": {
        "Tax Effect Of Unusual Items": -365240.0,
        "Tax Rate For Calcs": 0.23,
        "Normalized EBITDA": 7293000.0,
        "Total Unusual Items": -1588000.0,
        "Total Unusual Items Excluding Goodwill": -1588000.0,
        "Net Income From Continuing Operation Net Minority Interest": -1203000.0,
        "Reconciled Depreciation": 2466000.0,
        "Reconciled Cost Of Revenue": 59296000.0,
        "EBITDA": 5705000.0,
        "EBIT": 3239000.0,
        "Net Interest Income": -2649000.0,
        "Interest Expense": 2472000.0,
        "Normalized Income": 19760.0,
        "Net Income From Continuing And Discontinued Operation": -1203000.0,
        "Total Expenses": 85355000.0,
        "Total Operating Income As Reported": 4169000.0,
        "Diluted Average Shares": 85054173.0,
        "Basic Average Shares": 85054173.0,
        "Diluted EPS": -0.01,
        "Basic EPS": -0.01,
        "Diluted NI Availto Com Stockholders": -1203000.0,
        "Net Income Common Stockholders": -1203000.0,
        "Net Income": -1203000.0,
        "Net Income Including Noncontrolling Interests": -1203000.0,
        "Net Income Continuous Operations": -1203000.0,
        "Tax Provision": 1970000.0,
        "Pretax Income": 767000.0,
        "Other Income Expense": -1588000.0,
        "Special Income Charges": -835000.0,
        "Restructuring And Mergern Acquisition": 835000.0,
        "Net Non Operating Interest Income Expense": -2649000.0,
        "Interest Expense Non Operating": 2472000.0,
        "Operating Income": 5004000.0,
        "Operating Expense": 26059000.0,
        "Research And Development": 9070000.0,
        "Selling General And Administration": 16989000.0,
        "Selling And Marketing Expense": 10544000.0,
        "General And Administrative Expense": 6445000.0,
        "Other Gand A": 6445000.0,
        "Gross Profit": 31063000.0,
        "Cost Of Revenue": 59296000.0,
        "Total Revenue": 90359000.0,
        "Operating Revenue": 90359000.0
    },
    "2024-03-31": {
        "Tax Effect Of Unusual Items": -431940.0,
        "Tax Rate For Calcs": 0.23,
        "Normalized EBITDA": 9036000.0,
        "Total Unusual Items": -1878000.0,
        "Total Unusual Items Excluding Goodwill": -1878000.0,
        "Net Income From Continuing Operation Net Minority Interest": 403000.0,
        "Reconciled Depreciation": 2939000.0,
        "Reconciled Cost Of Revenue": 56430000.0,
        "EBITDA": 7158000.0,
        "EBIT": 4219000.0,
        "Net Interest Income": -2861000.0,
        "Interest Expense": 2861000.0,
        "Normalized Income": 1849060.0,
        "Net Income From Continuing And Discontinued Operation": 403000.0,
        "Total Expenses": 82401000.0,
        "Total Operating Income As Reported": 4219000.0,
        "Diluted Average Shares": 87584818.0,
        "Basic Average Shares": 85520712.0,
        "Diluted EPS": 0.004601,
        "Basic EPS": 0.004712,
        "Diluted NI Availto Com Stockholders": 403000.0,
        "Net Income Common Stockholders": 403000.0,
        "Net Income": 403000.0,
        "Net Income Including Noncontrolling Interests": 403000.0,
        "Net Income Continuous Operations": 403000.0,
        "Tax Provision": 955000.0,
        "Pretax Income": 1358000.0,
        "Other Income Expense": -1878000.0,
        "Special Income Charges": -1878000.0,
        "Restructuring And Mergern Acquisition": 1878000.0,
        "Net Non Operating Interest Income Expense": -2861000.0,
        "Interest Expense Non Operating": 2861000.0,
        "Operating Income": 6097000.0,
        "Operating Expense": 25971000.0,
        "Research And Development": 8847000.0,
        "Selling General And Administration": 17124000.0,
        "Selling And Marketing Expense": 11261000.0,
        "General And Administrative Expense": 5863000.0,
        "Other Gand A": 5863000.0,
        "Gross Profit": 32068000.0,
        "Cost Of Revenue": 56430000.0,
        "Total Revenue": 88498000.0,
        "Operating Revenue": 88498000.0
    },
    "2024-06-30": {
        "Tax Effect Of Unusual Items": -66007.462687,
        "Tax Rate For Calcs": 0.072139,
        "Normalized EBITDA": 14214000.0,
        "Total Unusual Items": -915000.0,
        "Total Unusual Items Excluding Goodwill": -915000.0,
        "Net Income From Continuing Operation Net Minority Interest": 7833000.0,
        "Reconciled Depreciation": 2941000.0,
        "Reconciled Cost Of Revenue": 62627000.0,
        "EBITDA": 13299000.0,
        "EBIT": 10358000.0,
        "Net Interest Income": -1916000.0,
        "Interest Expense": 1916000.0,
        "Normalized Income": 8681992.537313,
        "Net Income From Continuing And Discontinued Operation": 7833000.0,
        "Total Expenses": 84815000.0,
        "Total Operating Income As Reported": 10358000.0,
        "Diluted Average Shares": 87921507.0,
        "Basic Average Shares": 85743770.0,
        "Diluted EPS": 0.09,
        "Basic EPS": 0.09,
        "Diluted NI Availto Com Stockholders": 7833000.0,
        "Net Income Common Stockholders": 7833000.0,
        "Net Income": 7833000.0,
        "Net Income Including Noncontrolling Interests": 7833000.0,
        "Net Income Continuous Operations": 7833000.0,
        "Tax Provision": 609000.0,
        "Pretax Income": 8442000.0,
        "Other Income Expense": -915000.0,
        "Special Income Charges": -915000.0,
        "Restructuring And Mergern Acquisition": 915000.0,
        "Net Non Operating Interest Income Expense": -1916000.0,
        "Interest Expense Non Operating": 1916000.0,
        "Operating Income": 11273000.0,
        "Operating Expense": 22188000.0,
        "Research And Development": 8385000.0,
        "Selling General And Administration": 13803000.0,
        "Selling And Marketing Expense": 11508000.0,
        "General And Administrative Expense": 2295000.0,
        "Other Gand A": 2295000.0,
        "Gross Profit": 33461000.0,
        "Cost Of Revenue": 62627000.0,
        "Total Revenue": 96088000.0,
        "Operating Revenue": 96088000.0
    },
    "2024-09-30": {
        "Tax Effect Of Unusual Items": 0.0,
        "Tax Rate For Calcs": 0.045323,
        "Normalized EBITDA": 17612000.0,
        "Total Unusual Items": 0.0,
        "Total Unusual Items Excluding Goodwill": 0.0,
        "Net Income From Continuing Operation Net Minority Interest": 12217000.0,
        "Reconciled Depreciation": 2981000.0,
        "Reconciled Cost Of Revenue": 67732000.0,
        "EBITDA": 17612000.0,
        "EBIT": 14631000.0,
        "Net Interest Income": -1834000.0,
        "Interest Expense": 1834000.0,
        "Normalized Income": 12217000.0,
        "Net Income From Continuing And Discontinued Operation": 12217000.0,
        "Total Expenses": 88041000.0,
        "Total Operating Income As Reported": 14631000.0,
        "Diluted Average Shares": 88333970.0,
        "Basic Average Shares": 86280444.0,
        "Diluted EPS": 0.14,
        "Basic EPS": 0.14,
        "Diluted NI Availto Com Stockholders": 12217000.0,
        "Net Income Common Stockholders": 12217000.0,
        "Net Income": 12217000.0,
        "Net Income Including Noncontrolling Interests": 12217000.0,
        "Net Income Continuous Operations": 12217000.0,
        "Tax Provision": 580000.0,
        "Pretax Income": 12797000.0,
        "Other Income Expense": NaN,
        "Special Income Charges": 0.0,
        "Restructuring And Mergern Acquisition": 0.0,
        "Net Non Operating Interest Income Expense": -1834000.0,
        "Interest Expense Non Operating": 1834000.0,
        "Operating Income": 14631000.0,
        "Operating Expense": 20309000.0,
        "Research And Development": 8750000.0,
        "Selling General And Administration": 11559000.0,
        "Selling And Marketing Expense": 10871000.0,
        "General And Administrative Expense": 688000.0,
        "Other Gand A": 688000.0,
        "Gross Profit": 34940000.0,
        "Cost Of Revenue": 67732000.0,
        "Total Revenue": 102672000.0,
        "Operating Revenue": 102672000.0
    }
}