{
    "2023-06-30": {
        "Tax Effect Of Unusual Items": 128845.304824,
        "Tax Rate For Calcs": 0.233839,
        "Normalized EBITDA": 332398000.0,
        "Total Unusual Items": 551000.0,
        "Total Unusual Items Excluding Goodwill": 551000.0,
        "Net Income From Continuing Operation Net Minority Interest": 212412000.0,
        "Reconciled Depreciation": 12644000.0,
        "Reconciled Cost Of Revenue": 451060000.0,
        "EBIT": 320305000.0,
        "Net Interest Income": -42515000.0,
        "Interest Expense": 43063000.0,
        "Interest Income": 548000.0,
        "Normalized Income": 211989845.304824,
        "Net Income From Continuing And Discontinued Operation": 212412000.0,
        "Total Expenses": 753878000.0,
        "Total Operating Income As Reported": 318489000.0,
        "Diluted Average Shares": 62603000.0,
        "Basic Average Shares": 62037000.0,
        "Diluted EPS": 3.39,
        "Basic EPS": 3.42,
        "Diluted NI Availto Com Stockholders": 212412000.0,
        "Net Income Common Stockholders": 212412000.0,
        "Net Income": 212412000.0,
        "Net Income Including Noncontrolling Interests": 212412000.0,
        "Net Income Continuous Operations": 212412000.0,
        "Tax Provision": 64830000.0,
        "Pretax Income": 277242000.0,
        "Other Income Expense": 1268000.0,
        "Other Non Operating Income Expenses": 717000.0,
        "Gain On Sale Of Security": 551000.0,
        "Net Non Operating Interest Income Expense": -42515000.0,
        "Interest Expense Non Operating": 43063000.0,
        "Interest Income Non Operating": 548000.0,
        "Operating Income": 318489000.0,
        "Operating Expense": 302818000.0,
        "Selling General And Administration": 302818000.0,
        "Gross Profit": 621307000.0,
        "Cost Of Revenue": 451060000.0,
        "Total Revenue": 1072367000.0,
        "Operating Revenue": 1072367000.0
    },
    "2023-03-31": {
        "Tax Effect Of Unusual Items": -88660.0,
        "Tax Rate For Calcs": 0.22,
        "Normalized EBITDA": 247942000.0,
        "Total Unusual Items": -403000.0,
        "Total Unusual Items Excluding Goodwill": -403000.0,
        "Net Income From Continuing Operation Net Minority Interest": 149543000.0,
        "Reconciled Depreciation": 13136000.0,
        "Reconciled Cost Of Revenue": 407796000.0,
        "EBIT": 234403000.0,
        "Net Interest Income": -42466000.0,
        "Interest Expense": 42637000.0,
        "Interest Income": 171000.0,
        "Normalized Income": 149857340.0,
        "Net Income From Continuing And Discontinued Operation": 149543000.0,
        "Total Expenses": 649238000.0,
        "Total Operating Income As Reported": 234928000.0,
        "Diluted Average Shares": 62629000.0,
        "Basic Average Shares": 61836000.0,
        "Diluted EPS": 2.39,
        "Basic EPS": 2.42,
        "Diluted NI Availto Com Stockholders": 149543000.0,
        "Net Income Common Stockholders": 149543000.0,
        "Net Income": 149543000.0,
        "Net Income Including Noncontrolling Interests": 149543000.0,
        "Net Income Continuous Operations": 149543000.0,
        "Tax Provision": 42223000.0,
        "Pretax Income": 191766000.0,
        "Other Income Expense": -696000.0,
        "Other Non Operating Income Expenses": -293000.0,
        "Gain On Sale Of Security": -403000.0,
        "Net Non Operating Interest Income Expense": -42466000.0,
        "Interest Expense Non Operating": 42637000.0,
        "Interest Income Non Operating": 171000.0,
        "Operating Income": 234928000.0,
        "Operating Expense": 241442000.0,
        "Selling General And Administration": 241442000.0,
        "Gross Profit": 476370000.0,
        "Cost Of Revenue": 407796000.0,
        "Total Revenue": 884166000.0,
        "Operating Revenue": 884166000.0
    },
    "2022-12-31": {
        "Tax Effect Of Unusual Items": 933745.0,
        "Tax Rate For Calcs": 0.215,
        "Normalized EBITDA": 221027000.0,
        "Total Unusual Items": 4343000.0,
        "Total Unusual Items Excluding Goodwill": 4343000.0,
        "Net Income From Continuing Operation Net Minority Interest": 137735000.0,
        "Reconciled Depreciation": 12731000.0,
        "Reconciled Cost Of Revenue": 448839000.0,
        "EBIT": 225370000.0,
        "Net Interest Income": -49000000.0,
        "Interest Expense": 49801000.0,
        "Interest Income": 801000.0,
        "Normalized Income": 134325745.0,
        "Net Income From Continuing And Discontinued Operation": 137735000.0,
        "Total Expenses": 725110000.0,
        "Total Operating Income As Reported": 220052000.0,
        "Diluted Average Shares": 62501000.0,
        "Basic Average Shares": 61747000.0,
        "Diluted EPS": 2.2,
        "Basic EPS": 2.23,
        "Diluted NI Availto Com Stockholders": 137735000.0,
        "Net Income Common Stockholders": 137735000.0,
        "Net Income": 137735000.0,
        "Net Income Including Noncontrolling Interests": 137735000.0,
        "Net Income Continuous Operations": 137735000.0,
        "Tax Provision": 37834000.0,
        "Pretax Income": 175569000.0,
        "Other Income Expense": 4517000.0,
        "Other Non Operating Income Expenses": 174000.0,
        "Gain On Sale Of Security": 4343000.0,
        "Net Non Operating Interest Income Expense": -49000000.0,
        "Interest Expense Non Operating": 49801000.0,
        "Interest Income Non Operating": 801000.0,
        "Operating Income": 220052000.0,
        "Operating Expense": 276271000.0,
        "Selling General And Administration": 276271000.0,
        "Gross Profit": 496323000.0,
        "Cost Of Revenue": 448839000.0,
        "Total Revenue": 945162000.0,
        "Operating Revenue": 945162000.0
    },
    "2022-09-30": {
        "Tax Effect Of Unusual Items": -102966.0,
        "Tax Rate For Calcs": 0.262,
        "Normalized EBITDA": 273854000.0,
        "Total Unusual Items": -393000.0,
        "Total Unusual Items Excluding Goodwill": -393000.0,
        "Net Income From Continuing Operation Net Minority Interest": 169349000.0,
        "Reconciled Depreciation": 9744000.0,
        "Reconciled Cost Of Revenue": 443792000.0,
        "EBIT": 263717000.0,
        "Net Interest Income": -34111000.0,
        "Interest Expense": 34142000.0,
        "Interest Income": 31000.0,
        "Normalized Income": 169639034.0,
        "Net Income From Continuing And Discontinued Operation": 169349000.0,
        "Total Expenses": 721031000.0,
        "Total Operating Income As Reported": 264063000.0,
        "Diluted Average Shares": 62367000.0,
        "Basic Average Shares": 61693000.0,
        "Diluted EPS": 2.72,
        "Basic EPS": 2.75,
        "Diluted NI Availto Com Stockholders": 169349000.0,
        "Net Income Common Stockholders": 169349000.0,
        "Net Income": 169349000.0,
        "Net Income Including Noncontrolling Interests": 169349000.0,
        "Net Income Continuous Operations": 169349000.0,
        "Tax Provision": 60226000.0,
        "Pretax Income": 229575000.0,
        "Other Income Expense": -377000.0,
        "Other Non Operating Income Expenses": 16000.0,
        "Gain On Sale Of Security": -393000.0,
        "Net Non Operating Interest Income Expense": -34111000.0,
        "Interest Expense Non Operating": 34142000.0,
        "Interest Income Non Operating": 31000.0,
        "Operating Income": 264063000.0,
        "Operating Expense": 277239000.0,
        "Selling General And Administration": 277239000.0,
        "Gross Profit": 541302000.0,
        "Cost Of Revenue": 443792000.0,
        "Total Revenue": 985094000.0,
        "Operating Revenue": 985094000.0
    },
    "2022-06-30": {
        "Tax Effect Of Unusual Items": -302904.0,
        "Tax Rate For Calcs": 0.252,
        "Normalized EBITDA": 257328000.0,
        "Total Unusual Items": -1202000.0,
        "Total Unusual Items Excluding Goodwill": -1202000.0,
        "Net Income From Continuing Operation Net Minority Interest": 160315000.0,
        "Reconciled Depreciation": 8859000.0,
        "Reconciled Cost Of Revenue": 466848000.0,
        "EBIT": 247267000.0,
        "Net Interest Income": -32877000.0,
        "Interest Expense": 32963000.0,
        "Interest Income": 86000.0,
        "Normalized Income": 161214096.0,
        "Net Income From Continuing And Discontinued Operation": 160315000.0,
        "Total Expenses": 716617000.0,
        "Total Operating Income As Reported": 247964000.0,
        "Diluted Average Shares": 62236000.0,
        "Basic Average Shares": 61590000.0,
        "Diluted EPS": 2.58,
        "Basic EPS": 2.6,
        "Diluted NI Availto Com Stockholders": 160315000.0,
        "Net Income Common Stockholders": 160315000.0,
        "Net Income": 160315000.0,
        "Net Income Including Noncontrolling Interests": 160315000.0,
        "Net Income Continuous Operations": 160315000.0,
        "Tax Provision": 53989000.0,
        "Pretax Income": 214304000.0,
        "Other Income Expense": -783000.0,
        "Other Non Operating Income Expenses": 419000.0,
        "Gain On Sale Of Security": -1202000.0,
        "Net Non Operating Interest Income Expense": -32877000.0,
        "Interest Expense Non Operating": 32963000.0,
        "Interest Income Non Operating": 86000.0,
        "Operating Income": 247964000.0,
        "Operating Expense": 249769000.0,
        "Selling General And Administration": 249769000.0,
        "Gross Profit": 497733000.0,
        "Cost Of Revenue": 466848000.0,
        "Total Revenue": 964581000.0,
        "Operating Revenue": 964581000.0
    },
    "2022-03-31": {
        "Diluted EPS": 1.19,
        "Total Revenue": 660,
        "Gross Profit": 325,
        "Operating Income": 119,
        "EBIT": 127,
        "Net Income": 73
    },
    "2021-12-31": {
        "Diluted EPS": 2.57,
        "Total Revenue": 587,
        "Gross Profit": 372,
        "Operating Income": 160,
        "EBIT": 168,
        "Net Income": 155
    },
    "2021-09-30": {
        "Diluted EPS": 2.42,
        "Total Revenue": 626,
        "Gross Profit": 400,
        "Operating Income": 203,
        "EBIT": 211,
        "Net Income": 153
    },
    "2021-06-30": {
        "Diluted EPS": 4.93,
        "Total Revenue": 641,
        "Gross Profit": 395,
        "Operating Income": 195,
        "EBIT": 203,
        "Net Income": 319
    },
    "2021-03-31": {
        "Diluted EPS": 1.47,
        "Total Revenue": 460,
        "Gross Profit": 253,
        "Operating Income": 125,
        "EBIT": 133,
        "Net Income": 98
    },
    "2020-12-31": {
        "Diluted EPS": 2.66,
        "Total Revenue": 412,
        "Gross Profit": 229,
        "Operating Income": 65,
        "EBIT": 72,
        "Net Income": 183
    },
    "2020-09-30": {
        "Diluted EPS": 0.91,
        "Total Revenue": 362,
        "Gross Profit": 207,
        "Operating Income": 72,
        "EBIT": 79,
        "Net Income": 62
    },
    "2020-06-30": {
        "Diluted EPS": 0.83,
        "Total Revenue": 332,
        "Gross Profit": 180,
        "Operating Income": 57,
        "EBIT": 63,
        "Net Income": 57
    },
    "2020-03-31": {
        "Diluted EPS": 0.16,
        "Total Revenue": 281,
        "Gross Profit": 134,
        "Operating Income": 21,
        "EBIT": 28,
        "Net Income": 11
    },
    "2019-12-31": {
        "Diluted EPS": 0.27,
        "Total Revenue": 263,
        "Gross Profit": 126,
        "Operating Income": 8,
        "EBIT": 15,
        "Net Income": 20
    },
    "2019-09-30": {
        "Diluted EPS": 0.51,
        "Total Revenue": 313,
        "Gross Profit": 164,
        "Operating Income": 40,
        "EBIT": 46,
        "Net Income": 36
    },
    "2019-06-30": {
        "Diluted EPS": 0.55,
        "Total Revenue": 359,
        "Gross Profit": 189,
        "Operating Income": 48,
        "EBIT": 54,
        "Net Income": 39
    },
    "2019-03-31": {
        "Diluted EPS": 0.33,
        "Total Revenue": 296,
        "Gross Profit": 138,
        "Operating Income": 33,
        "EBIT": 39,
        "Net Income": 25
    },
    "2018-12-31": {
        "Diluted EPS": -1.58,
        "Total Revenue": 216,
        "Gross Profit": 100,
        "Operating Income": -14,
        "EBIT": -6,
        "Net Income": -111
    },
    "2018-09-30": {
        "Diluted EPS": 0.07,
        "Total Revenue": 261,
        "Gross Profit": 139,
        "Operating Income": 14,
        "EBIT": 21,
        "Net Income": 7
    },
    "2018-06-30": {
        "Diluted EPS": 0.35,
        "Total Revenue": 328,
        "Gross Profit": 181,
        "Operating Income": 37,
        "EBIT": 44,
        "Net Income": 25
    },
    "2018-03-31": {
        "Diluted EPS": 0.15,
        "Total Revenue": 283,
        "Gross Profit": 140,
        "Operating Income": 26,
        "EBIT": 34,
        "Net Income": 10
    },
    "2017-12-31": {
        "Diluted EPS": -0.32,
        "Total Revenue": 199,
        "Gross Profit": 90,
        "Operating Income": -30,
        "EBIT": -22,
        "Net Income": -25
    },
    "2017-09-30": {
        "Diluted EPS": -0.03,
        "Total Revenue": 243,
        "Gross Profit": 123,
        "Operating Income": 3,
        "EBIT": 11,
        "Net Income": -2
    },
    "2017-06-30": {
        "Diluted EPS": 0.2,
        "Total Revenue": 313,
        "Gross Profit": 170,
        "Operating Income": 29,
        "EBIT": 38,
        "Net Income": 15
    },
    "2017-03-31": {
        "Diluted EPS": 0.08,
        "Total Revenue": 268,
        "Gross Profit": 134,
        "Operating Income": 16,
        "EBIT": 24,
        "Net Income": 7
    },
    "2016-12-31": {
        "Diluted EPS": -0.56,
        "Total Revenue": 187,
        "Gross Profit": 79,
        "Operating Income": -40,
        "EBIT": -31,
        "Net Income": -44
    },
    "2016-09-30": {
        "Diluted EPS": -0.07,
        "Total Revenue": 246,
        "Gross Profit": 122,
        "Operating Income": -1,
        "EBIT": 7,
        "Net Income": -5
    },
    "2016-06-30": {
        "Diluted EPS": 0.13,
        "Total Revenue": 324,
        "Gross Profit": 170,
        "Operating Income": 21,
        "EBIT": 29,
        "Net Income": 12
    },
    "2016-03-31": {
        "Diluted EPS": 0.07,
        "Total Revenue": 279,
        "Gross Profit": 129,
        "Operating Income": 14,
        "EBIT": 23,
        "Net Income": 6
    },
    "2015-12-31": {
        "Diluted EPS": -0.96,
        "Total Revenue": 209,
        "Gross Profit": 73,
        "Operating Income": -66,
        "EBIT": -58,
        "Net Income": -74
    },
    "2015-09-30": {
        "Diluted EPS": -0.37,
        "Total Revenue": 274,
        "Gross Profit": 121,
        "Operating Income": -21,
        "EBIT": -12,
        "Net Income": -28
    },
    "2015-06-30": {
        "Diluted EPS": 0.11,
        "Total Revenue": 346,
        "Gross Profit": 190,
        "Operating Income": 16,
        "EBIT": 26,
        "Net Income": 10
    },
    "2015-03-31": {
        "Diluted EPS": -0.08,
        "Total Revenue": 262,
        "Gross Profit": 127,
        "Operating Income": -2,
        "EBIT": 7,
        "Net Income": -6
    },
    "2014-12-31": {
        "Diluted EPS": -0.59,
        "Total Revenue": 206,
        "Gross Profit": 77,
        "Operating Income": -65,
        "EBIT": -59,
        "Net Income": -57
    },
    "2014-09-30": {
        "Diluted EPS": 0.12,
        "Total Revenue": 302,
        "Gross Profit": 155,
        "Operating Income": 1,
        "EBIT": 12,
        "Net Income": 12
    },
    "2014-06-30": {
        "Diluted EPS": 0.19,
        "Total Revenue": 377,
        "Gross Profit": 203,
        "Operating Income": 42,
        "EBIT": 53,
        "Net Income": 20
    },
    "2014-03-31": {
        "Diluted EPS": 0.06,
        "Total Revenue": 312,
        "Gross Profit": 156,
        "Operating Income": 17,
        "EBIT": 26,
        "Net Income": 6
    },
    "2013-12-31": {
        "Diluted EPS": -0.76,
        "Total Revenue": 229,
        "Gross Profit": 103,
        "Operating Income": -43,
        "EBIT": -33,
        "Net Income": -67
    },
    "2013-09-30": {
        "Diluted EPS": 0.15,
        "Total Revenue": 289,
        "Gross Profit": 154,
        "Operating Income": 18,
        "EBIT": 29,
        "Net Income": 13
    },
    "2013-06-30": {
        "Diluted EPS": 0.4,
        "Total Revenue": 364,
        "Gross Profit": 201,
        "Operating Income": 50,
        "EBIT": 61,
        "Net Income": 35
    },
    "2013-03-31": {
        "Diluted EPS": 0.33,
        "Total Revenue": 312,
        "Gross Profit": 166,
        "Operating Income": 38,
        "EBIT": 48,
        "Net Income": 29
    },
    "2012-12-31": {
        "Diluted EPS": -0.04,
        "Total Revenue": 225,
        "Gross Profit": 106,
        "Operating Income": -5,
        "EBIT": 5,
        "Net Income": -3
    },
    "2012-09-30": {
        "Diluted EPS": 0.49,
        "Total Revenue": 296,
        "Gross Profit": 161,
        "Operating Income": 40,
        "EBIT": 50,
        "Net Income": 45
    },
    "2012-06-30": {
        "Diluted EPS": 0.68,
        "Total Revenue": 331,
        "Gross Profit": 196,
        "Operating Income": 71,
        "EBIT": 80,
        "Net Income": 62
    },
    "2012-03-31": {
        "Diluted EPS": 0.31,
        "Total Revenue": 272,
        "Gross Profit": 145,
        "Operating Income": 40,
        "EBIT": 48,
        "Net Income": 28
    },
    "2011-12-31": {
        "Diluted EPS": 0.06,
        "Total Revenue": 204,
        "Gross Profit": 100,
        "Operating Income": 6,
        "EBIT": 15,
        "Net Income": 5
    },
    "2011-09-30": {
        "Diluted EPS": 0.33,
        "Total Revenue": 275,
        "Gross Profit": 147,
        "Operating Income": 35,
        "EBIT": 44,
        "Net Income": 30
    },
    "2011-06-30": {
        "Diluted EPS": 0.61,
        "Total Revenue": 296,
        "Gross Profit": 170,
        "Operating Income": 62,
        "EBIT": 71,
        "Net Income": 55
    },
    "2011-03-31": {
        "Diluted EPS": 0.24,
        "Total Revenue": 227,
        "Gross Profit": 119,
        "Operating Income": 28,
        "EBIT": 38,
        "Net Income": 22
    },
    "2010-12-31": {
        "Diluted EPS": 0.04,
        "Total Revenue": 179,
        "Gross Profit": 86,
        "Operating Income": 3,
        "EBIT": 13,
        "Net Income": 4
    },
    "2010-09-30": {
        "Diluted EPS": 0.28,
        "Total Revenue": 216,
        "Gross Profit": 119,
        "Operating Income": 27,
        "EBIT": 37,
        "Net Income": 25
    },
    "2010-06-30": {
        "Diluted EPS": 0.37,
        "Total Revenue": 228,
        "Gross Profit": 132,
        "Operating Income": 39,
        "EBIT": 48,
        "Net Income": 32
    },
    "2010-03-31": {
        "Diluted EPS": 0.07,
        "Total Revenue": 167,
        "Gross Profit": 87,
        "Operating Income": 9,
        "EBIT": 18,
        "Net Income": 6
    },
    "2009-12-31": {
        "Diluted EPS": -0.11,
        "Total Revenue": 136,
        "Gross Profit": 60,
        "Operating Income": -39,
        "EBIT": -30,
        "Net Income": -11
    },
    "2009-09-30": {
        "Diluted EPS": 0.25,
        "Total Revenue": 177,
        "Gross Profit": 90,
        "Operating Income": 11,
        "EBIT": 20,
        "Net Income": 22
    },
    "2009-06-30": {
        "Diluted EPS": -0.36,
        "Total Revenue": 198,
        "Gross Profit": 101,
        "Operating Income": -1,
        "EBIT": 9,
        "Net Income": -30
    },
    "2009-03-31": {
        "Diluted EPS": -0.27,
        "Total Revenue": 135,
        "Gross Profit": 50,
        "Operating Income": -22,
        "EBIT": -13,
        "Net Income": -22
    }
}