{
    "2023-06-30": {
        "Tax Effect Of Unusual Items": 398765.432099,
        "Tax Rate For Calcs": 0.209877,
        "Normalized EBITDA": 104200000.0,
        "Total Unusual Items": 1900000.0,
        "Total Unusual Items Excluding Goodwill": 1900000.0,
        "Net Income From Continuing Operation Net Minority Interest": 38400000.0,
        "Reconciled Depreciation": 33500000.0,
        "Reconciled Cost Of Revenue": 639100000.0,
        "EBITDA": 106100000.0,
        "EBIT": 72600000.0,
        "Net Interest Income": -23600000.0,
        "Interest Expense": 24000000.0,
        "Interest Income": 400000.0,
        "Normalized Income": 36898765.432099,
        "Net Income From Continuing And Discontinued Operation": 38400000.0,
        "Total Expenses": 695300000.0,
        "Total Operating Income As Reported": 62900000.0,
        "Diluted Average Shares": 49400000.0,
        "Basic Average Shares": 48900000.0,
        "Diluted EPS": 0.78,
        "Basic EPS": 0.78,
        "Diluted NI Availto Com Stockholders": 38000000.0,
        "Net Income Common Stockholders": 38000000.0,
        "Net Income": 38400000.0,
        "Net Income Including Noncontrolling Interests": 38400000.0,
        "Net Income Continuous Operations": 38400000.0,
        "Tax Provision": 10200000.0,
        "Pretax Income": 48600000.0,
        "Other Income Expense": 9300000.0,
        "Other Non Operating Income Expenses": -2600000.0,
        "Gain On Sale Of Security": 1900000.0,
        "Net Non Operating Interest Income Expense": -23600000.0,
        "Interest Expense Non Operating": 24000000.0,
        "Interest Income Non Operating": 400000.0,
        "Operating Income": 62900000.0,
        "Operating Expense": 56200000.0,
        "Selling General And Administration": 56200000.0,
        "Gross Profit": 119100000.0,
        "Cost Of Revenue": 639100000.0,
        "Total Revenue": 758200000.0,
        "Operating Revenue": 758200000.0
    },
    "2023-03-31": {
        "Tax Effect Of Unusual Items": 360000.0,
        "Tax Rate For Calcs": 0.225,
        "Normalized EBITDA": 69600000.0,
        "Total Unusual Items": 1600000.0,
        "Total Unusual Items Excluding Goodwill": 1600000.0,
        "Net Income From Continuing Operation Net Minority Interest": 18600000.0,
        "Reconciled Depreciation": 32700000.0,
        "Reconciled Cost Of Revenue": 596600000.0,
        "EBITDA": 71200000.0,
        "EBIT": 38500000.0,
        "Net Interest Income": -14400000.0,
        "Interest Expense": 14500000.0,
        "Interest Income": 100000.0,
        "Normalized Income": 17360000.0,
        "Net Income From Continuing And Discontinued Operation": 18600000.0,
        "Total Expenses": 650800000.0,
        "Total Operating Income As Reported": 39300000.0,
        "Diluted Average Shares": 49200000.0,
        "Basic Average Shares": 48800000.0,
        "Diluted EPS": 0.38,
        "Basic EPS": 0.38,
        "Diluted NI Availto Com Stockholders": 18600000.0,
        "Net Income Common Stockholders": 18600000.0,
        "Net Income": 18600000.0,
        "Net Income Including Noncontrolling Interests": 18600000.0,
        "Net Income Continuous Operations": 18600000.0,
        "Tax Provision": 5400000.0,
        "Pretax Income": 24000000.0,
        "Other Income Expense": -900000.0,
        "Other Non Operating Income Expenses": -2500000.0,
        "Gain On Sale Of Security": 1600000.0,
        "Net Non Operating Interest Income Expense": -14400000.0,
        "Interest Expense Non Operating": 14500000.0,
        "Interest Income Non Operating": 100000.0,
        "Operating Income": 39300000.0,
        "Operating Expense": 54200000.0,
        "Selling General And Administration": 54200000.0,
        "Gross Profit": 93500000.0,
        "Cost Of Revenue": 596600000.0,
        "Total Revenue": 690100000.0,
        "Operating Revenue": 690100000.0
    },
    "2022-12-31": {
        "Tax Effect Of Unusual Items": 78000.0,
        "Tax Rate For Calcs": 0.195,
        "Normalized EBITDA": 55300000.0,
        "Total Unusual Items": 400000.0,
        "Total Unusual Items Excluding Goodwill": 400000.0,
        "Net Income From Continuing Operation Net Minority Interest": 6200000.0,
        "Reconciled Depreciation": 32500000.0,
        "Reconciled Cost Of Revenue": 509100000.0,
        "EBITDA": 55700000.0,
        "EBIT": 23200000.0,
        "Net Interest Income": -15400000.0,
        "Interest Expense": 15500000.0,
        "Interest Income": 100000.0,
        "Normalized Income": 5878000.0,
        "Net Income From Continuing And Discontinued Operation": 6200000.0,
        "Total Expenses": 556500000.0,
        "Total Operating Income As Reported": 22600000.0,
        "Diluted Average Shares": 49000000.0,
        "Basic Average Shares": 48800000.0,
        "Diluted EPS": 0.13,
        "Basic EPS": 0.13,
        "Diluted NI Availto Com Stockholders": 6200000.0,
        "Net Income Common Stockholders": 6200000.0,
        "Otherunder Preferred Stock Dividend": 100000.0,
        "Net Income": 6200000.0,
        "Net Income Including Noncontrolling Interests": 6200000.0,
        "Net Income Continuous Operations": 6200000.0,
        "Tax Provision": 1500000.0,
        "Pretax Income": 7700000.0,
        "Other Income Expense": 500000.0,
        "Other Non Operating Income Expenses": 100000.0,
        "Gain On Sale Of Security": 400000.0,
        "Net Non Operating Interest Income Expense": -15400000.0,
        "Interest Expense Non Operating": 15500000.0,
        "Interest Income Non Operating": 100000.0,
        "Operating Income": 22600000.0,
        "Operating Expense": 47400000.0,
        "Selling General And Administration": 47400000.0,
        "Gross Profit": 70000000.0,
        "Cost Of Revenue": 509100000.0,
        "Total Revenue": 579100000.0,
        "Operating Revenue": 579100000.0
    },
    "2022-09-30": {
        "Tax Effect Of Unusual Items": -126500.0,
        "Tax Rate For Calcs": 0.115,
        "Normalized EBITDA": 38200000.0,
        "Total Unusual Items": -1100000.0,
        "Total Unusual Items Excluding Goodwill": -1100000.0,
        "Net Income From Continuing Operation Net Minority Interest": -6900000.0,
        "Reconciled Depreciation": 32300000.0,
        "Reconciled Cost Of Revenue": 468100000.0,
        "EBITDA": 37100000.0,
        "EBIT": 4800000.0,
        "Net Interest Income": -12500000.0,
        "Interest Expense": 12600000.0,
        "Interest Income": 100000.0,
        "Normalized Income": -5926500.0,
        "Net Income From Continuing And Discontinued Operation": -6900000.0,
        "Total Expenses": 514600000.0,
        "Total Operating Income As Reported": 8300000.0,
        "Diluted Average Shares": 48700000.0,
        "Basic Average Shares": 48700000.0,
        "Diluted EPS": -0.14,
        "Basic EPS": -0.14,
        "Diluted NI Availto Com Stockholders": -6900000.0,
        "Net Income Common Stockholders": -6900000.0,
        "Otherunder Preferred Stock Dividend": NaN,
        "Net Income": -6900000.0,
        "Net Income Including Noncontrolling Interests": -6900000.0,
        "Net Income Continuous Operations": -6900000.0,
        "Tax Provision": -900000.0,
        "Pretax Income": -7800000.0,
        "Other Income Expense": -3600000.0,
        "Other Non Operating Income Expenses": -2500000.0,
        "Special Income Charges": NaN,
        "Gain On Sale Of Security": -1100000.0,
        "Net Non Operating Interest Income Expense": -12500000.0,
        "Interest Expense Non Operating": 12600000.0,
        "Interest Income Non Operating": 100000.0,
        "Operating Income": 8300000.0,
        "Operating Expense": 46500000.0,
        "Selling General And Administration": 46500000.0,
        "Gross Profit": 54800000.0,
        "Cost Of Revenue": 468100000.0,
        "Total Revenue": 522900000.0,
        "Operating Revenue": 522900000.0
    },
    "2022-06-30": {
        "Tax Effect Of Unusual Items": -2400000.0,
        "Tax Rate For Calcs": 0.4,
        "Normalized EBITDA": 24800000.0,
        "Total Unusual Items": -6000000.0,
        "Total Unusual Items Excluding Goodwill": -6000000.0,
        "Net Income From Continuing Operation Net Minority Interest": 2600000.0,
        "Reconciled Depreciation": 32900000.0,
        "Reconciled Cost Of Revenue": 491800000.0,
        "EBITDA": 18800000.0,
        "EBIT": 18800000.0,
        "Net Interest Income": -13400000.0,
        "Interest Expense": 13400000.0,
        "Interest Income": NaN,
        "Normalized Income": 6200000.0,
        "Net Income From Continuing And Discontinued Operation": 2600000.0,
        "Total Expenses": 539200000.0,
        "Total Operating Income As Reported": 24600000.0,
        "Diluted Average Shares": 48500000.0,
        "Basic Average Shares": 48500000.0,
        "Diluted EPS": 0.05,
        "Basic EPS": 0.05,
        "Diluted NI Availto Com Stockholders": 2600000.0,
        "Net Income Common Stockholders": 2600000.0,
        "Otherunder Preferred Stock Dividend": NaN,
        "Net Income": 2600000.0,
        "Net Income Including Noncontrolling Interests": 2600000.0,
        "Net Income Continuous Operations": 2600000.0,
        "Tax Provision": 2800000.0,
        "Pretax Income": 5400000.0,
        "Other Income Expense": -5800000.0,
        "Other Non Operating Income Expenses": 200000.0,
        "Special Income Charges": -6000000.0,
        "Other Special Charges": 6000000.0,
        "Impairment Of Capital Assets": 0.0,
        "Restructuring And Mergern Acquisition": 0.0,
        "Gain On Sale Of Security": -4800000.0,
        "Net Non Operating Interest Income Expense": -13400000.0,
        "Interest Expense Non Operating": 13400000.0,
        "Interest Income Non Operating": NaN,
        "Operating Income": 24600000.0,
        "Operating Expense": 47400000.0,
        "Selling General And Administration": 47400000.0,
        "Gross Profit": 72000000.0,
        "Cost Of Revenue": 491800000.0,
        "Total Revenue": 563800000.0,
        "Operating Revenue": 563800000.0
    },
    "2022-03-31": {
        "Diluted EPS": -0.16,
        "Total Revenue": 489,
        "Gross Profit": 40,
        "Operating Income": 1,
        "EBIT": 34,
        "Net Income": -8
    },
    "2021-12-31": {
        "Diluted EPS": -0.61,
        "Total Revenue": 396,
        "Gross Profit": 13,
        "Operating Income": -32,
        "EBIT": 1,
        "Net Income": -29
    },
    "2021-09-30": {
        "Diluted EPS": -0.31,
        "Total Revenue": 388,
        "Gross Profit": 25,
        "Operating Income": -19,
        "EBIT": 13,
        "Net Income": -15
    },
    "2021-06-30": {
        "Diluted EPS": -1.18,
        "Total Revenue": 422,
        "Gross Profit": -21,
        "Operating Income": -71,
        "EBIT": -39,
        "Net Income": -58
    },
    "2021-03-31": {
        "Diluted EPS": -0.84,
        "Total Revenue": 352,
        "Gross Profit": 13,
        "Operating Income": -40,
        "EBIT": -8,
        "Net Income": -41
    },
    "2020-12-31": {
        "Diluted EPS": -1.76,
        "Total Revenue": 349,
        "Gross Profit": 6,
        "Operating Income": -89,
        "EBIT": -8,
        "Net Income": -85
    },
    "2020-09-30": {
        "Diluted EPS": -0.98,
        "Total Revenue": 353,
        "Gross Profit": 4,
        "Operating Income": -49,
        "EBIT": -18,
        "Net Income": -47
    },
    "2020-06-30": {
        "Diluted EPS": -2.44,
        "Total Revenue": 437,
        "Gross Profit": -5,
        "Operating Income": -148,
        "EBIT": -82,
        "Net Income": -118
    },
    "2020-03-31": {
        "Diluted EPS": 0.82,
        "Total Revenue": 585,
        "Gross Profit": 110,
        "Operating Income": 59,
        "EBIT": 90,
        "Net Income": 40
    },
    "2019-12-31": {
        "Diluted EPS": 0.79,
        "Total Revenue": 573,
        "Gross Profit": 113,
        "Operating Income": 55,
        "EBIT": 85,
        "Net Income": 38
    },
    "2019-09-30": {
        "Diluted EPS": 0.85,
        "Total Revenue": 585,
        "Gross Profit": 113,
        "Operating Income": 60,
        "EBIT": 90,
        "Net Income": 41
    },
    "2019-06-30": {
        "Diluted EPS": 1.0,
        "Total Revenue": 641,
        "Gross Profit": 123,
        "Operating Income": 68,
        "EBIT": 98,
        "Net Income": 48
    },
    "2019-03-31": {
        "Diluted EPS": 1.05,
        "Total Revenue": 610,
        "Gross Profit": 123,
        "Operating Income": 73,
        "EBIT": 104,
        "Net Income": 51
    },
    "2018-12-31": {
        "Diluted EPS": 0.73,
        "Total Revenue": 557,
        "Gross Profit": 107,
        "Operating Income": 55,
        "EBIT": 86,
        "Net Income": 35
    },
    "2018-09-30": {
        "Diluted EPS": 0.65,
        "Total Revenue": 572,
        "Gross Profit": 92,
        "Operating Income": 45,
        "EBIT": 75,
        "Net Income": 31
    },
    "2018-06-30": {
        "Diluted EPS": 0.88,
        "Total Revenue": 618,
        "Gross Profit": 115,
        "Operating Income": 60,
        "EBIT": 89,
        "Net Income": 42
    },
    "2018-03-31": {
        "Diluted EPS": 0.63,
        "Total Revenue": 572,
        "Gross Profit": 96,
        "Operating Income": 46,
        "EBIT": 75,
        "Net Income": 30
    },
    "2017-12-31": {
        "Diluted EPS": 1.92,
        "Total Revenue": 488,
        "Gross Profit": 86,
        "Operating Income": 41,
        "EBIT": 71,
        "Net Income": 91
    },
    "2017-09-30": {
        "Diluted EPS": 0.49,
        "Total Revenue": 480,
        "Gross Profit": 86,
        "Operating Income": 42,
        "EBIT": 71,
        "Net Income": 23
    },
    "2017-06-30": {
        "Diluted EPS": 0.53,
        "Total Revenue": 508,
        "Gross Profit": 109,
        "Operating Income": 69,
        "EBIT": 98,
        "Net Income": 25
    },
    "2017-03-31": {
        "Diluted EPS": 0.44,
        "Total Revenue": 474,
        "Gross Profit": 83,
        "Operating Income": 36,
        "EBIT": 66,
        "Net Income": 21
    },
    "2016-12-31": {
        "Diluted EPS": 0.15,
        "Total Revenue": 427,
        "Gross Profit": 63,
        "Operating Income": 15,
        "EBIT": 45,
        "Net Income": 7
    },
    "2016-09-30": {
        "Diluted EPS": -0.13,
        "Total Revenue": 389,
        "Gross Profit": 46,
        "Operating Income": 1,
        "EBIT": 30,
        "Net Income": -6
    },
    "2016-06-30": {
        "Diluted EPS": 0.33,
        "Total Revenue": 458,
        "Gross Profit": 74,
        "Operating Income": 29,
        "EBIT": 59,
        "Net Income": 15
    },
    "2016-03-31": {
        "Diluted EPS": -0.51,
        "Total Revenue": 456,
        "Gross Profit": 48,
        "Operating Income": -24,
        "EBIT": 18,
        "Net Income": -24
    },
    "2015-12-31": {
        "Diluted EPS": 0.23,
        "Total Revenue": 444,
        "Gross Profit": 66,
        "Operating Income": 22,
        "EBIT": 52,
        "Net Income": 12
    },
    "2015-09-30": {
        "Diluted EPS": 0.18,
        "Total Revenue": 456,
        "Gross Profit": 69,
        "Operating Income": 25,
        "EBIT": 55,
        "Net Income": 9
    },
    "2015-06-30": {
        "Diluted EPS": 0.44,
        "Total Revenue": 558,
        "Gross Profit": 88,
        "Operating Income": 40,
        "EBIT": 71,
        "Net Income": 23
    },
    "2015-03-31": {
        "Diluted EPS": -0.03,
        "Total Revenue": 571,
        "Gross Profit": 76,
        "Operating Income": 5,
        "EBIT": 35,
        "Net Income": -1
    },
    "2014-12-31": {
        "Diluted EPS": 0.45,
        "Total Revenue": 548,
        "Gross Profit": 85,
        "Operating Income": 45,
        "EBIT": 75,
        "Net Income": 24
    },
    "2014-09-30": {
        "Diluted EPS": 0.25,
        "Total Revenue": 550,
        "Gross Profit": 69,
        "Operating Income": 22,
        "EBIT": 52,
        "Net Income": 14
    },
    "2014-06-30": {
        "Diluted EPS": 0.7,
        "Total Revenue": 605,
        "Gross Profit": 106,
        "Operating Income": 59,
        "EBIT": 90,
        "Net Income": 38
    },
    "2014-03-31": {
        "Diluted EPS": 0.57,
        "Total Revenue": 566,
        "Gross Profit": 95,
        "Operating Income": 50,
        "EBIT": 77,
        "Net Income": 31
    },
    "2013-12-31": {
        "Diluted EPS": 0.55,
        "Total Revenue": 504,
        "Gross Profit": 95,
        "Operating Income": 48,
        "EBIT": 74,
        "Net Income": 30
    },
    "2013-09-30": {
        "Diluted EPS": 0.65,
        "Total Revenue": 499,
        "Gross Profit": 103,
        "Operating Income": 56,
        "EBIT": 83,
        "Net Income": 35
    },
    "2013-06-30": {
        "Diluted EPS": 0.75,
        "Total Revenue": 612,
        "Gross Profit": 121,
        "Operating Income": 65,
        "EBIT": 92,
        "Net Income": 42
    },
    "2013-03-31": {
        "Diluted EPS": 0.62,
        "Total Revenue": 581,
        "Gross Profit": 101,
        "Operating Income": 53,
        "EBIT": 79,
        "Net Income": 33
    },
    "2012-12-31": {
        "Diluted EPS": 0.62,
        "Total Revenue": 534,
        "Gross Profit": 103,
        "Operating Income": 53,
        "EBIT": 78,
        "Net Income": 33
    },
    "2012-09-30": {
        "Diluted EPS": 0.74,
        "Total Revenue": 545,
        "Gross Profit": 109,
        "Operating Income": 62,
        "EBIT": 87,
        "Net Income": 39
    },
    "2012-06-30": {
        "Diluted EPS": 0.79,
        "Total Revenue": 644,
        "Gross Profit": 121,
        "Operating Income": 67,
        "EBIT": 92,
        "Net Income": 42
    },
    "2012-03-31": {
        "Diluted EPS": 0.69,
        "Total Revenue": 540,
        "Gross Profit": 105,
        "Operating Income": 56,
        "EBIT": 77,
        "Net Income": 33
    },
    "2011-12-31": {
        "Diluted EPS": 0.52,
        "Total Revenue": 431,
        "Gross Profit": 84,
        "Operating Income": 44,
        "EBIT": 63,
        "Net Income": 23
    },
    "2011-09-30": {
        "Diluted EPS": 0.53,
        "Total Revenue": 414,
        "Gross Profit": 81,
        "Operating Income": 44,
        "EBIT": 63,
        "Net Income": 24
    },
    "2011-06-30": {
        "Diluted EPS": 0.57,
        "Total Revenue": 484,
        "Gross Profit": 77,
        "Operating Income": 35,
        "EBIT": 54,
        "Net Income": 25
    },
    "2011-03-31": {
        "Diluted EPS": 0.64,
        "Total Revenue": 464,
        "Gross Profit": 73,
        "Operating Income": 35,
        "EBIT": 53,
        "Net Income": 28
    },
    "2010-12-31": {
        "Diluted EPS": 0.21,
        "Total Revenue": 376,
        "Gross Profit": 49,
        "Operating Income": 12,
        "EBIT": 27,
        "Net Income": 9
    },
    "2010-09-30": {
        "Diluted EPS": 0.17,
        "Total Revenue": 352,
        "Gross Profit": 50,
        "Operating Income": 14,
        "EBIT": 29,
        "Net Income": 8
    },
    "2010-06-30": {
        "Diluted EPS": 0.12,
        "Total Revenue": 364,
        "Gross Profit": 44,
        "Operating Income": 10,
        "EBIT": 25,
        "Net Income": 6
    },
    "2010-03-31": {
        "Diluted EPS": 0.05,
        "Total Revenue": 337,
        "Gross Profit": 46,
        "Operating Income": 13,
        "EBIT": 28,
        "Net Income": 2
    },
    "2009-12-31": {
        "Diluted EPS": 0.08,
        "Total Revenue": 264,
        "Gross Profit": 36,
        "Operating Income": 2,
        "EBIT": 17,
        "Net Income": 3
    },
    "2009-09-30": {
        "Diluted EPS": -0.21,
        "Total Revenue": 234,
        "Gross Profit": 19,
        "Operating Income": -13,
        "EBIT": 1,
        "Net Income": -9
    },
    "2009-06-30": {
        "Diluted EPS": -0.48,
        "Total Revenue": 257,
        "Gross Profit": 8,
        "Operating Income": -23,
        "EBIT": -8,
        "Net Income": -21
    },
    "2009-03-31": {
        "Diluted EPS": 0.3,
        "Total Revenue": 330,
        "Gross Profit": 49,
        "Operating Income": 16,
        "EBIT": 29,
        "Net Income": 13
    },
    "2023-09-30": {
        "Tax Effect Of Unusual Items": -112428.298279,
        "Tax Rate For Calcs": 0.160612,
        "Normalized EBITDA": 98800000.0,
        "Total Unusual Items": -700000.0,
        "Total Unusual Items Excluding Goodwill": -700000.0,
        "Net Income From Continuing Operation Net Minority Interest": 43900000.0,
        "Reconciled Depreciation": 33100000.0,
        "Reconciled Cost Of Revenue": 527800000.0,
        "EBITDA": 98100000.0,
        "EBIT": 65000000.0,
        "Net Interest Income": -12500000.0,
        "Interest Expense": 12700000.0,
        "Interest Income": 200000.0,
        "Normalized Income": 44487571.701721,
        "Net Income From Continuing And Discontinued Operation": 43900000.0,
        "Total Expenses": 582900000.0,
        "Total Operating Income As Reported": 69000000.0,
        "Diluted Average Shares": 49900000.0,
        "Basic Average Shares": 49200000.0,
        "Diluted EPS": 0.88,
        "Basic EPS": 0.89,
        "Diluted NI Availto Com Stockholders": 43900000.0,
        "Net Income Common Stockholders": 43900000.0,
        "Net Income": 43900000.0,
        "Net Income Including Noncontrolling Interests": 43900000.0,
        "Net Income Continuous Operations": 43900000.0,
        "Tax Provision": 8400000.0,
        "Pretax Income": 52300000.0,
        "Other Income Expense": -4200000.0,
        "Other Non Operating Income Expenses": -3500000.0,
        "Gain On Sale Of Security": -700000.0,
        "Net Non Operating Interest Income Expense": -12500000.0,
        "Interest Expense Non Operating": 12700000.0,
        "Interest Income Non Operating": 200000.0,
        "Operating Income": 69000000.0,
        "Operating Expense": 55100000.0,
        "Selling General And Administration": 55100000.0,
        "Gross Profit": 124100000.0,
        "Cost Of Revenue": 527800000.0,
        "Total Revenue": 651900000.0,
        "Operating Revenue": 651900000.0
    },
    "2023-12-31": {
        "Tax Effect Of Unusual Items": 384200.0,
        "Tax Rate For Calcs": 0.226,
        "Normalized EBITDA": 103600000.0,
        "Total Unusual Items": 1700000.0,
        "Total Unusual Items Excluding Goodwill": 1700000.0,
        "Net Income From Continuing Operation Net Minority Interest": 42700000.0,
        "Reconciled Depreciation": 33600000.0,
        "Reconciled Cost Of Revenue": 501600000.0,
        "EBITDA": 105300000.0,
        "EBIT": 71700000.0,
        "Net Interest Income": -16300000.0,
        "Interest Expense": 16500000.0,
        "Interest Income": 200000.0,
        "Normalized Income": 41384200.0,
        "Net Income From Continuing And Discontinued Operation": 42700000.0,
        "Total Expenses": 554400000.0,
        "Total Operating Income As Reported": 69800000.0,
        "Diluted Average Shares": 50200000.0,
        "Basic Average Shares": 49700000.0,
        "Diluted EPS": 0.85,
        "Basic EPS": 0.86,
        "Diluted NI Availto Com Stockholders": 42700000.0,
        "Net Income Common Stockholders": 42700000.0,
        "Net Income": 42700000.0,
        "Net Income Including Noncontrolling Interests": 42700000.0,
        "Net Income Continuous Operations": 42700000.0,
        "Tax Provision": 12500000.0,
        "Pretax Income": 55200000.0,
        "Other Income Expense": 1700000.0,
        "Other Non Operating Income Expenses": NaN,
        "Gain On Sale Of Security": 1700000.0,
        "Net Non Operating Interest Income Expense": -16300000.0,
        "Interest Expense Non Operating": 16500000.0,
        "Interest Income Non Operating": 200000.0,
        "Operating Income": 69800000.0,
        "Operating Expense": 52800000.0,
        "Selling General And Administration": 52800000.0,
        "Gross Profit": 122600000.0,
        "Cost Of Revenue": 501600000.0,
        "Total Revenue": 624200000.0,
        "Operating Revenue": 624200000.0
    }
}