{
    "2023-03-31": {
        "Tax Effect Of Unusual Items": 0.0,
        "Tax Rate For Calcs": 0.083928,
        "Normalized EBITDA": -39524000.0,
        "Total Unusual Items": NaN,
        "Total Unusual Items Excluding Goodwill": NaN,
        "Net Income From Continuing Operation Net Minority Interest": -53669000.0,
        "Reconciled Depreciation": 18844000.0,
        "Reconciled Cost Of Revenue": 186468000.0,
        "EBITDA": -39524000.0,
        "EBIT": -58368000.0,
        "Net Interest Income": 4720000.0,
        "Interest Expense": 218000.0,
        "Interest Income": 4938000.0,
        "Normalized Income": -53669000.0,
        "Net Income From Continuing And Discontinued Operation": -53669000.0,
        "Total Expenses": 339272000.0,
        "Total Operating Income As Reported": -62842000.0,
        "Diluted NI Availto Com Stockholders": -53669000.0,
        "Net Income Common Stockholders": -53669000.0,
        "Net Income": -53669000.0,
        "Net Income Including Noncontrolling Interests": -53669000.0,
        "Net Income Continuous Operations": -53669000.0,
        "Tax Provision": -4917000.0,
        "Pretax Income": -58586000.0,
        "Other Income Expense": -96856000.0,
        "Other Non Operating Income Expenses": -464000.0,
        "Special Income Charges": NaN,
        "Restructuring And Mergern Acquisition": NaN,
        "Net Non Operating Interest Income Expense": 4720000.0,
        "Interest Expense Non Operating": 218000.0,
        "Interest Income Non Operating": 4938000.0,
        "Operating Income": 33550000.0,
        "Operating Expense": 152804000.0,
        "Research And Development": 115162000.0,
        "Selling General And Administration": 37642000.0,
        "Gross Profit": 186354000.0,
        "Cost Of Revenue": 186468000.0,
        "Total Revenue": 372822000.0,
        "Operating Revenue": 372822000.0
    },
    "2022-12-31": {
        "Tax Effect Of Unusual Items": 0.0,
        "Tax Rate For Calcs": 0.263,
        "Normalized EBITDA": 159283000.0,
        "Total Unusual Items": NaN,
        "Total Unusual Items Excluding Goodwill": NaN,
        "Net Income From Continuing Operation Net Minority Interest": 103477000.0,
        "Reconciled Depreciation": 18624000.0,
        "Reconciled Cost Of Revenue": 293877000.0,
        "EBITDA": 159283000.0,
        "EBIT": 140659000.0,
        "Net Interest Income": 2777000.0,
        "Interest Expense": 218000.0,
        "Interest Income": 2995000.0,
        "Normalized Income": 103477000.0,
        "Net Income From Continuing And Discontinued Operation": 103477000.0,
        "Total Expenses": 449202000.0,
        "Total Operating Income As Reported": 141380000.0,
        "Diluted NI Availto Com Stockholders": 103477000.0,
        "Net Income Common Stockholders": 103477000.0,
        "Net Income": 103477000.0,
        "Net Income Including Noncontrolling Interests": 103477000.0,
        "Net Income Continuous Operations": 103477000.0,
        "Tax Provision": 36964000.0,
        "Pretax Income": 140441000.0,
        "Other Income Expense": -3716000.0,
        "Other Non Operating Income Expenses": -3716000.0,
        "Special Income Charges": NaN,
        "Restructuring And Mergern Acquisition": NaN,
        "Net Non Operating Interest Income Expense": 2777000.0,
        "Interest Expense Non Operating": 218000.0,
        "Interest Income Non Operating": 2995000.0,
        "Operating Income": 141380000.0,
        "Operating Expense": 155325000.0,
        "Research And Development": 118063000.0,
        "Selling General And Administration": 37262000.0,
        "Gross Profit": 296705000.0,
        "Cost Of Revenue": 293877000.0,
        "Total Revenue": 590582000.0,
        "Operating Revenue": 590582000.0
    },
    "2022-09-30": {
        "Tax Effect Of Unusual Items": 0.0,
        "Tax Rate For Calcs": 0.26,
        "Normalized EBITDA": 135259000.0,
        "Total Unusual Items": NaN,
        "Total Unusual Items Excluding Goodwill": NaN,
        "Net Income From Continuing Operation Net Minority Interest": 87188000.0,
        "Reconciled Depreciation": 17219000.0,
        "Reconciled Cost Of Revenue": 269288000.0,
        "EBITDA": 135259000.0,
        "EBIT": 118040000.0,
        "Net Interest Income": 1285000.0,
        "Interest Expense": 243000.0,
        "Interest Income": 1528000.0,
        "Normalized Income": 87188000.0,
        "Net Income From Continuing And Discontinued Operation": 87188000.0,
        "Total Expenses": 424357000.0,
        "Total Operating Income As Reported": 116217000.0,
        "Diluted Average Shares": 57418000.0,
        "Basic Average Shares": 55726000.0,
        "Diluted EPS": 1.52,
        "Basic EPS": 1.56,
        "Diluted NI Availto Com Stockholders": 87188000.0,
        "Net Income Common Stockholders": 87188000.0,
        "Net Income": 87188000.0,
        "Net Income Including Noncontrolling Interests": 87188000.0,
        "Net Income Continuous Operations": 87188000.0,
        "Tax Provision": 30609000.0,
        "Pretax Income": 117797000.0,
        "Other Income Expense": 295000.0,
        "Other Non Operating Income Expenses": 295000.0,
        "Special Income Charges": NaN,
        "Impairment Of Capital Assets": NaN,
        "Restructuring And Mergern Acquisition": NaN,
        "Net Non Operating Interest Income Expense": 1285000.0,
        "Interest Expense Non Operating": 243000.0,
        "Interest Income Non Operating": 1528000.0,
        "Operating Income": 116217000.0,
        "Operating Expense": 155069000.0,
        "Research And Development": 115471000.0,
        "Selling General And Administration": 39598000.0,
        "Gross Profit": 271286000.0,
        "Cost Of Revenue": 269288000.0,
        "Total Revenue": 540574000.0,
        "Operating Revenue": 540574000.0
    },
    "2022-06-30": {
        "Tax Effect Of Unusual Items": 0.0,
        "Tax Rate For Calcs": 0.279,
        "Normalized EBITDA": 71820000.0,
        "Total Unusual Items": NaN,
        "Total Unusual Items Excluding Goodwill": NaN,
        "Net Income From Continuing Operation Net Minority Interest": 39707000.0,
        "Reconciled Depreciation": 16515000.0,
        "Reconciled Cost Of Revenue": 191005000.0,
        "EBITDA": 71820000.0,
        "EBIT": 55305000.0,
        "Net Interest Income": 305000.0,
        "Interest Expense": 218000.0,
        "Interest Income": 523000.0,
        "Normalized Income": 39707000.0,
        "Net Income From Continuing And Discontinued Operation": 39707000.0,
        "Total Expenses": 339363000.0,
        "Total Operating Income As Reported": 54276000.0,
        "Diluted Average Shares": 57804000.0,
        "Basic Average Shares": 56277000.0,
        "Diluted EPS": 0.69,
        "Basic EPS": 0.71,
        "Diluted NI Availto Com Stockholders": 39707000.0,
        "Net Income Common Stockholders": 39707000.0,
        "Net Income": 39707000.0,
        "Net Income Including Noncontrolling Interests": 39707000.0,
        "Net Income Continuous Operations": 39707000.0,
        "Tax Provision": 15380000.0,
        "Pretax Income": 55087000.0,
        "Other Income Expense": 506000.0,
        "Other Non Operating Income Expenses": 506000.0,
        "Special Income Charges": NaN,
        "Impairment Of Capital Assets": NaN,
        "Net Non Operating Interest Income Expense": 305000.0,
        "Interest Expense Non Operating": 218000.0,
        "Interest Income Non Operating": 523000.0,
        "Operating Income": 54276000.0,
        "Operating Expense": 148358000.0,
        "Research And Development": 109716000.0,
        "Selling General And Administration": 38642000.0,
        "Gross Profit": 202634000.0,
        "Cost Of Revenue": 191005000.0,
        "Total Revenue": 393639000.0,
        "Operating Revenue": 393639000.0
    },
    "2023-06-30": {
        "Tax Effect Of Unusual Items": 0.0,
        "Tax Rate For Calcs": 0.315,
        "Normalized EBITDA": 34929000.0,
        "Total Unusual Items": NaN,
        "Total Unusual Items Excluding Goodwill": NaN,
        "Net Income From Continuing Operation Net Minority Interest": 15600000.0,
        "Reconciled Depreciation": 11941000.0,
        "Reconciled Cost Of Revenue": 157629000.0,
        "EBITDA": 34929000.0,
        "EBIT": 22988000.0,
        "Net Interest Income": 4600000.0,
        "Interest Expense": 218000.0,
        "Interest Income": 4818000.0,
        "Normalized Income": 15600000.0,
        "Net Income From Continuing And Discontinued Operation": 15600000.0,
        "Total Expenses": 299223000.0,
        "Total Operating Income As Reported": 17793000.0,
        "Diluted NI Availto Com Stockholders": 15600000.0,
        "Net Income Common Stockholders": 15600000.0,
        "Net Income": 15600000.0,
        "Net Income Including Noncontrolling Interests": 15600000.0,
        "Net Income Continuous Operations": 15600000.0,
        "Tax Provision": 7170000.0,
        "Pretax Income": 22770000.0,
        "Other Income Expense": 377000.0,
        "Other Non Operating Income Expenses": 377000.0,
        "Special Income Charges": NaN,
        "Restructuring And Mergern Acquisition": NaN,
        "Net Non Operating Interest Income Expense": 4600000.0,
        "Interest Expense Non Operating": 218000.0,
        "Interest Income Non Operating": 4818000.0,
        "Operating Income": 17793000.0,
        "Operating Expense": 141594000.0,
        "Research And Development": 106215000.0,
        "Selling General And Administration": 35379000.0,
        "Gross Profit": 159387000.0,
        "Cost Of Revenue": 157629000.0,
        "Total Revenue": 317016000.0,
        "Operating Revenue": 317016000.0
    },
    "2022-03-31": {
        "Diluted EPS": 1.64,
        "Total Revenue": 490,
        "Gross Profit": 259,
        "Operating Income": 108,
        "EBIT": 125,
        "Net Income": 96
    },
    "2021-12-31": {
        "Diluted EPS": 2.16,
        "Total Revenue": 548,
        "Gross Profit": 290,
        "Operating Income": 144,
        "EBIT": 162,
        "Net Income": 128
    },
    "2021-09-30": {
        "Diluted EPS": 1.43,
        "Total Revenue": 466,
        "Gross Profit": 235,
        "Operating Income": 95,
        "EBIT": 111,
        "Net Income": 85
    },
    "2021-06-30": {
        "Diluted EPS": 0.29,
        "Total Revenue": 277,
        "Gross Profit": 140,
        "Operating Income": 19,
        "EBIT": 31,
        "Net Income": 17
    },
    "2021-03-31": {
        "Diluted EPS": 0.42,
        "Total Revenue": 294,
        "Gross Profit": 148,
        "Operating Income": 25,
        "EBIT": 36,
        "Net Income": 25
    },
    "2020-12-31": {
        "Diluted EPS": 1.91,
        "Total Revenue": 486,
        "Gross Profit": 252,
        "Operating Income": 130,
        "EBIT": 141,
        "Net Income": 114
    },
    "2020-09-30": {
        "Diluted EPS": 0.99,
        "Total Revenue": 347,
        "Gross Profit": 180,
        "Operating Income": 64,
        "EBIT": 76,
        "Net Income": 59
    },
    "2020-06-30": {
        "Diluted EPS": 0.3,
        "Total Revenue": 243,
        "Gross Profit": 127,
        "Operating Income": 19,
        "EBIT": 30,
        "Net Income": 18
    },
    "2020-03-31": {
        "Diluted EPS": 0.16,
        "Total Revenue": 279,
        "Gross Profit": 146,
        "Operating Income": 10,
        "EBIT": 23,
        "Net Income": 10
    },
    "2019-12-31": {
        "Diluted EPS": 1.13,
        "Total Revenue": 375,
        "Gross Profit": 198,
        "Operating Income": 73,
        "EBIT": 90,
        "Net Income": 69
    },
    "2019-09-30": {
        "Diluted EPS": 1.27,
        "Total Revenue": 389,
        "Gross Profit": 208,
        "Operating Income": 87,
        "EBIT": 105,
        "Net Income": 76
    },
    "2019-06-30": {
        "Diluted EPS": 0.08,
        "Total Revenue": 238,
        "Gross Profit": 122,
        "Operating Income": 4,
        "EBIT": 24,
        "Net Income": 5
    },
    "2019-03-31": {
        "Diluted EPS": 0.11,
        "Total Revenue": 240,
        "Gross Profit": 125,
        "Operating Income": 7,
        "EBIT": 24,
        "Net Income": 6
    },
    "2018-12-31": {
        "Diluted EPS": 0.49,
        "Total Revenue": 324,
        "Gross Profit": 163,
        "Operating Income": 44,
        "EBIT": 62,
        "Net Income": 30
    },
    "2018-09-30": {
        "Diluted EPS": 0.93,
        "Total Revenue": 366,
        "Gross Profit": 185,
        "Operating Income": 56,
        "EBIT": 78,
        "Net Income": 58
    },
    "2018-06-30": {
        "Diluted EPS": -0.07,
        "Total Revenue": 254,
        "Gross Profit": 125,
        "Operating Income": -6,
        "EBIT": 16,
        "Net Income": -4
    },
    "2018-03-31": {
        "Diluted EPS": 0.2,
        "Total Revenue": 303,
        "Gross Profit": 153,
        "Operating Income": 21,
        "EBIT": 43,
        "Net Income": 12
    },
    "2017-12-31": {
        "Diluted EPS": 0.52,
        "Total Revenue": 483,
        "Gross Profit": 235,
        "Operating Income": 104,
        "EBIT": 124,
        "Net Income": 34
    },
    "2017-09-30": {
        "Diluted EPS": 1.1,
        "Total Revenue": 426,
        "Gross Profit": 211,
        "Operating Income": 91,
        "EBIT": 110,
        "Net Income": 73
    },
    "2017-06-30": {
        "Diluted EPS": 0.64,
        "Total Revenue": 321,
        "Gross Profit": 162,
        "Operating Income": 47,
        "EBIT": 67,
        "Net Income": 43
    },
    "2017-03-31": {
        "Diluted EPS": 0.52,
        "Total Revenue": 328,
        "Gross Profit": 164,
        "Operating Income": 45,
        "EBIT": 60,
        "Net Income": 35
    },
    "2016-12-31": {
        "Diluted EPS": 1.83,
        "Total Revenue": 523,
        "Gross Profit": 255,
        "Operating Income": 146,
        "EBIT": 161,
        "Net Income": 122
    },
    "2016-09-30": {
        "Diluted EPS": 1.3,
        "Total Revenue": 429,
        "Gross Profit": 212,
        "Operating Income": 104,
        "EBIT": 119,
        "Net Income": 86
    },
    "2016-06-30": {
        "Diluted EPS": 0.27,
        "Total Revenue": 259,
        "Gross Profit": 127,
        "Operating Income": 22,
        "EBIT": 40,
        "Net Income": 18
    },
    "2016-03-31": {
        "Diluted EPS": 0.21,
        "Total Revenue": 232,
        "Gross Profit": 115,
        "Operating Income": 22,
        "EBIT": 37,
        "Net Income": 14
    },
    "2015-12-31": {
        "Diluted EPS": 0.63,
        "Total Revenue": 348,
        "Gross Profit": 165,
        "Operating Income": 64,
        "EBIT": 79,
        "Net Income": 41
    },
    "2015-09-30": {
        "Diluted EPS": 0.53,
        "Total Revenue": 307,
        "Gross Profit": 142,
        "Operating Income": 44,
        "EBIT": 59,
        "Net Income": 35
    },
    "2015-06-30": {
        "Diluted EPS": 0.5,
        "Total Revenue": 283,
        "Gross Profit": 132,
        "Operating Income": 50,
        "EBIT": 63,
        "Net Income": 33
    },
    "2015-03-31": {
        "Diluted EPS": 0.33,
        "Total Revenue": 255,
        "Gross Profit": 119,
        "Operating Income": 30,
        "EBIT": 43,
        "Net Income": 21
    },
    "2014-12-31": {
        "Diluted EPS": 0.35,
        "Total Revenue": 299,
        "Gross Profit": 131,
        "Operating Income": 44,
        "EBIT": 55,
        "Net Income": 23
    },
    "2014-09-30": {
        "Diluted EPS": 0.01,
        "Total Revenue": 210,
        "Gross Profit": 101,
        "Operating Income": 18,
        "EBIT": 25,
        "Net Income": 1
    },
    "2014-06-30": {
        "Diluted EPS": 0.16,
        "Total Revenue": 153,
        "Gross Profit": 75,
        "Operating Income": 16,
        "EBIT": 20,
        "Net Income": 10
    },
    "2014-03-31": {
        "Diluted EPS": 0.21,
        "Total Revenue": 150,
        "Gross Profit": 73,
        "Operating Income": 20,
        "EBIT": 24,
        "Net Income": 13
    },
    "2013-12-31": {
        "Diluted EPS": 0.63,
        "Total Revenue": 219,
        "Gross Profit": 104,
        "Operating Income": 53,
        "EBIT": 57,
        "Net Income": 42
    },
    "2013-09-30": {
        "Diluted EPS": 0.5,
        "Total Revenue": 191,
        "Gross Profit": 99,
        "Operating Income": 51,
        "EBIT": 54,
        "Net Income": 33
    },
    "2013-06-30": {
        "Diluted EPS": 0.31,
        "Total Revenue": 155,
        "Gross Profit": 79,
        "Operating Income": 32,
        "EBIT": 35,
        "Net Income": 21
    },
    "2013-03-31": {
        "Diluted EPS": 0.4,
        "Total Revenue": 207,
        "Gross Profit": 84,
        "Operating Income": 34,
        "EBIT": 37,
        "Net Income": 26
    },
    "2012-12-31": {
        "Diluted EPS": 0.99,
        "Total Revenue": 310,
        "Gross Profit": 158,
        "Operating Income": 106,
        "EBIT": 109,
        "Net Income": 68
    },
    "2012-09-30": {
        "Diluted EPS": 0.51,
        "Total Revenue": 194,
        "Gross Profit": 100,
        "Operating Income": 50,
        "EBIT": 55,
        "Net Income": 35
    },
    "2012-06-30": {
        "Diluted EPS": 0.1,
        "Total Revenue": 99,
        "Gross Profit": 53,
        "Operating Income": 10,
        "EBIT": 13,
        "Net Income": 7
    },
    "2012-03-31": {
        "Diluted EPS": 0.74,
        "Total Revenue": 111,
        "Gross Profit": 62,
        "Operating Income": 21,
        "EBIT": 24,
        "Net Income": 51
    },
    "2011-12-31": {
        "Diluted EPS": 0.25,
        "Total Revenue": 122,
        "Gross Profit": 66,
        "Operating Income": 26,
        "EBIT": 29,
        "Net Income": 17
    },
    "2011-09-30": {
        "Diluted EPS": 0.17,
        "Total Revenue": 102,
        "Gross Profit": 54,
        "Operating Income": 18,
        "EBIT": 20,
        "Net Income": 11
    },
    "2011-06-30": {
        "Diluted EPS": 0.13,
        "Total Revenue": 92,
        "Gross Profit": 48,
        "Operating Income": 14,
        "EBIT": 17,
        "Net Income": 9
    },
    "2011-03-31": {
        "Diluted EPS": 1.81,
        "Total Revenue": 91,
        "Gross Profit": 46,
        "Operating Income": 17,
        "EBIT": 19,
        "Net Income": 130
    },
    "2010-12-31": {
        "Diluted EPS": 0.34,
        "Total Revenue": 96,
        "Gross Profit": 52,
        "Operating Income": 23,
        "EBIT": 25,
        "Net Income": 25
    },
    "2010-09-30": {
        "Diluted EPS": 0.42,
        "Total Revenue": 101,
        "Gross Profit": 57,
        "Operating Income": 26,
        "EBIT": 28,
        "Net Income": 31
    },
    "2010-06-30": {
        "Diluted EPS": 0.25,
        "Total Revenue": 82,
        "Gross Profit": 47,
        "Operating Income": 17,
        "EBIT": 19,
        "Net Income": 18
    },
    "2010-03-31": {
        "Diluted EPS": 0.32,
        "Total Revenue": 63,
        "Gross Profit": 35,
        "Operating Income": 10,
        "EBIT": 12,
        "Net Income": 20
    },
    "2009-12-31": {
        "Diluted EPS": 0.17,
        "Total Revenue": 65,
        "Gross Profit": 35,
        "Operating Income": 10,
        "EBIT": 12,
        "Net Income": 11
    },
    "2009-09-30": {
        "Diluted EPS": 0.1,
        "Total Revenue": 56,
        "Gross Profit": 29,
        "Operating Income": 5,
        "EBIT": 7,
        "Net Income": 7
    },
    "2009-06-30": {
        "Diluted EPS": 0.0,
        "Total Revenue": 38,
        "Gross Profit": 20,
        "Operating Income": 0,
        "EBIT": 2,
        "Net Income": 0
    },
    "2009-03-31": {
        "Diluted EPS": -0.12,
        "Total Revenue": 34,
        "Gross Profit": 18,
        "Operating Income": -5,
        "EBIT": -2,
        "Net Income": -8
    },
    "2023-09-30": {
        "Tax Effect Of Unusual Items": -721209.0,
        "Tax Rate For Calcs": 0.311,
        "Normalized EBITDA": 123580000.0,
        "Total Unusual Items": -2319000.0,
        "Total Unusual Items Excluding Goodwill": -2319000.0,
        "Net Income From Continuing Operation Net Minority Interest": 75407000.0,
        "Reconciled Depreciation": 11610000.0,
        "Reconciled Cost Of Revenue": 234467000.0,
        "EBITDA": 121261000.0,
        "EBIT": 109651000.0,
        "Net Interest Income": 3729000.0,
        "Interest Expense": 243000.0,
        "Interest Income": 3972000.0,
        "Normalized Income": 77004791.0,
        "Net Income From Continuing And Discontinued Operation": 75407000.0,
        "Total Expenses": 372995000.0,
        "Total Operating Income As Reported": 105749000.0,
        "Diluted NI Availto Com Stockholders": 75407000.0,
        "Net Income Common Stockholders": 75407000.0,
        "Net Income": 75407000.0,
        "Net Income Including Noncontrolling Interests": 75407000.0,
        "Net Income Continuous Operations": 75407000.0,
        "Tax Provision": 34001000.0,
        "Pretax Income": 109408000.0,
        "Other Income Expense": -2389000.0,
        "Other Non Operating Income Expenses": -70000.0,
        "Special Income Charges": -2319000.0,
        "Restructuring And Mergern Acquisition": 2319000.0,
        "Net Non Operating Interest Income Expense": 3729000.0,
        "Interest Expense Non Operating": 243000.0,
        "Interest Income Non Operating": 3972000.0,
        "Operating Income": 108068000.0,
        "Operating Expense": 138528000.0,
        "Research And Development": 104205000.0,
        "Selling General And Administration": 34323000.0,
        "Gross Profit": 246596000.0,
        "Cost Of Revenue": 234467000.0,
        "Total Revenue": 481063000.0,
        "Operating Revenue": 481063000.0
    }
}