{
    "2023-03-31": {
        "Tax Effect Of Unusual Items": 0.0,
        "Tax Rate For Calcs": 0.195813,
        "Normalized EBITDA": 28850000.0,
        "Net Income From Continuing Operation Net Minority Interest": 18169000.0,
        "Reconciled Depreciation": 6257000.0,
        "Reconciled Cost Of Revenue": 143492000.0,
        "EBITDA": 28850000.0,
        "EBIT": 22593000.0,
        "Normalized Income": 18169000.0,
        "Net Income From Continuing And Discontinued Operation": 18169000.0,
        "Total Expenses": 162850000.0,
        "Diluted Average Shares": NaN,
        "Basic Average Shares": NaN,
        "Diluted EPS": NaN,
        "Basic EPS": NaN,
        "Diluted NI Availto Com Stockholders": 18169000.0,
        "Net Income Common Stockholders": 18169000.0,
        "Net Income": 18169000.0,
        "Net Income Including Noncontrolling Interests": 18169000.0,
        "Net Income Continuous Operations": 18169000.0,
        "Tax Provision": 4424000.0,
        "Pretax Income": 22593000.0,
        "Operating Income": 22593000.0,
        "Operating Expense": 19358000.0,
        "Selling General And Administration": 19358000.0,
        "General And Administrative Expense": 19358000.0,
        "Other Gand A": 19358000.0,
        "Gross Profit": 41951000.0,
        "Cost Of Revenue": 143492000.0,
        "Total Revenue": 185443000.0,
        "Operating Revenue": 185443000.0
    },
    "2022-12-31": {
        "Tax Effect Of Unusual Items": NaN,
        "Tax Rate For Calcs": NaN,
        "Normalized EBITDA": NaN,
        "Net Income From Continuing Operation Net Minority Interest": NaN,
        "Reconciled Depreciation": NaN,
        "Reconciled Cost Of Revenue": NaN,
        "EBITDA": NaN,
        "EBIT": NaN,
        "Normalized Income": NaN,
        "Net Income From Continuing And Discontinued Operation": NaN,
        "Total Expenses": NaN,
        "Diluted Average Shares": 17487000.0,
        "Basic Average Shares": 17245000.0,
        "Diluted EPS": 0.96,
        "Basic EPS": 0.98,
        "Diluted NI Availto Com Stockholders": NaN,
        "Net Income Common Stockholders": NaN,
        "Net Income": NaN,
        "Net Income Including Noncontrolling Interests": NaN,
        "Net Income Continuous Operations": NaN,
        "Tax Provision": NaN,
        "Pretax Income": NaN,
        "Operating Income": NaN,
        "Operating Expense": NaN,
        "Selling General And Administration": NaN,
        "General And Administrative Expense": NaN,
        "Other Gand A": NaN,
        "Gross Profit": NaN,
        "Cost Of Revenue": NaN,
        "Total Revenue": NaN,
        "Operating Revenue": NaN
    },
    "2022-09-30": {
        "Tax Effect Of Unusual Items": NaN,
        "Tax Rate For Calcs": NaN,
        "Normalized EBITDA": NaN,
        "Net Income From Continuing Operation Net Minority Interest": NaN,
        "Reconciled Depreciation": NaN,
        "Reconciled Cost Of Revenue": NaN,
        "EBITDA": NaN,
        "EBIT": NaN,
        "Normalized Income": NaN,
        "Net Income From Continuing And Discontinued Operation": NaN,
        "Total Expenses": NaN,
        "Diluted Average Shares": 17650000.0,
        "Basic Average Shares": 17386000.0,
        "Diluted EPS": 0.83,
        "Basic EPS": 0.84,
        "Diluted NI Availto Com Stockholders": NaN,
        "Net Income Common Stockholders": NaN,
        "Net Income": NaN,
        "Net Income Including Noncontrolling Interests": NaN,
        "Net Income Continuous Operations": NaN,
        "Tax Provision": NaN,
        "Pretax Income": NaN,
        "Operating Income": NaN,
        "Operating Expense": NaN,
        "Selling General And Administration": NaN,
        "General And Administrative Expense": NaN,
        "Other Gand A": NaN,
        "Gross Profit": NaN,
        "Cost Of Revenue": NaN,
        "Total Revenue": NaN,
        "Operating Revenue": NaN
    },
    "2022-06-30": {
        "Tax Effect Of Unusual Items": 0.0,
        "Tax Rate For Calcs": 0.212614,
        "Normalized EBITDA": 21198000.0,
        "Net Income From Continuing Operation Net Minority Interest": 16691000.0,
        "Reconciled Depreciation": 6319000.0,
        "Reconciled Cost Of Revenue": 136438000.0,
        "EBITDA": 21198000.0,
        "EBIT": 21198000.0,
        "Normalized Income": 16691000.0,
        "Net Income From Continuing And Discontinued Operation": 16691000.0,
        "Total Expenses": 155109000.0,
        "Total Operating Income As Reported": 21198000.0,
        "Diluted Average Shares": 17803000.0,
        "Basic Average Shares": 17506000.0,
        "Diluted EPS": 0.94,
        "Basic EPS": 0.95,
        "Diluted NI Availto Com Stockholders": 16691000.0,
        "Net Income Common Stockholders": 16691000.0,
        "Net Income": 16691000.0,
        "Net Income Including Noncontrolling Interests": 16691000.0,
        "Net Income Continuous Operations": 16691000.0,
        "Tax Provision": 4507000.0,
        "Pretax Income": 21198000.0,
        "Operating Income": 21198000.0,
        "Operating Expense": 18671000.0,
        "Selling General And Administration": 18671000.0,
        "General And Administrative Expense": 18671000.0,
        "Other Gand A": 18671000.0,
        "Gross Profit": 39869000.0,
        "Cost Of Revenue": 136438000.0,
        "Total Revenue": 176307000.0,
        "Operating Revenue": 176307000.0
    },
    "2023-06-30": {
        "Tax Effect Of Unusual Items": 0.0,
        "Tax Rate For Calcs": 0.22,
        "Normalized EBITDA": 31792000.0,
        "Net Income From Continuing Operation Net Minority Interest": 19805000.0,
        "Reconciled Depreciation": 6364000.0,
        "Reconciled Cost Of Revenue": 148375000.0,
        "EBITDA": 31792000.0,
        "EBIT": 25428000.0,
        "Normalized Income": 19805000.0,
        "Net Income From Continuing And Discontinued Operation": 19805000.0,
        "Total Expenses": 164825000.0,
        "Diluted Average Shares": 17385000.0,
        "Basic Average Shares": 17144000.0,
        "Diluted EPS": 1.14,
        "Basic EPS": 1.16,
        "Diluted NI Availto Com Stockholders": 19805000.0,
        "Net Income Common Stockholders": 19805000.0,
        "Net Income": 19805000.0,
        "Net Income Including Noncontrolling Interests": 19805000.0,
        "Net Income Continuous Operations": 19805000.0,
        "Tax Provision": 5623000.0,
        "Pretax Income": 25428000.0,
        "Operating Income": 25428000.0,
        "Operating Expense": 16450000.0,
        "Selling General And Administration": 16450000.0,
        "General And Administrative Expense": 16450000.0,
        "Other Gand A": 16450000.0,
        "Gross Profit": 41878000.0,
        "Cost Of Revenue": 148375000.0,
        "Total Revenue": 190253000.0,
        "Operating Revenue": 190253000.0
    },
    "2022-03-31": {
        "Diluted EPS": 1.1,
        "Total Revenue": 171,
        "Gross Profit": 43,
        "Operating Income": 26,
        "EBIT": 32,
        "Net Income": 20
    },
    "2021-12-31": {
        "Diluted EPS": 0.76,
        "Total Revenue": 165,
        "Gross Profit": 35,
        "Operating Income": 18,
        "EBIT": 24,
        "Net Income": 14
    },
    "2021-09-30": {
        "Diluted EPS": 0.88,
        "Total Revenue": 158,
        "Gross Profit": 37,
        "Operating Income": 20,
        "EBIT": 26,
        "Net Income": 16
    },
    "2021-06-30": {
        "Diluted EPS": 0.92,
        "Total Revenue": 153,
        "Gross Profit": 37,
        "Operating Income": 21,
        "EBIT": 26,
        "Net Income": 17
    },
    "2021-03-31": {
        "Diluted EPS": 0.81,
        "Total Revenue": 146,
        "Gross Profit": 36,
        "Operating Income": 19,
        "EBIT": 25,
        "Net Income": 15
    },
    "2020-12-31": {
        "Diluted EPS": 0.63,
        "Total Revenue": 142,
        "Gross Profit": 31,
        "Operating Income": 14,
        "EBIT": 20,
        "Net Income": 11
    },
    "2020-09-30": {
        "Diluted EPS": 0.65,
        "Total Revenue": 136,
        "Gross Profit": 31,
        "Operating Income": 15,
        "EBIT": 21,
        "Net Income": 12
    },
    "2020-06-30": {
        "Diluted EPS": 0.46,
        "Total Revenue": 130,
        "Gross Profit": 27,
        "Operating Income": 11,
        "EBIT": 17,
        "Net Income": 8
    },
    "2020-03-31": {
        "Diluted EPS": 0.65,
        "Total Revenue": 147,
        "Gross Profit": 31,
        "Operating Income": 15,
        "EBIT": 21,
        "Net Income": 12
    },
    "2019-12-31": {
        "Diluted EPS": 0.5,
        "Total Revenue": 148,
        "Gross Profit": 29,
        "Operating Income": 12,
        "EBIT": 18,
        "Net Income": 9
    },
    "2019-09-30": {
        "Diluted EPS": 0.69,
        "Total Revenue": 147,
        "Gross Profit": 33,
        "Operating Income": 16,
        "EBIT": 22,
        "Net Income": 13
    },
    "2019-06-30": {
        "Diluted EPS": 0.71,
        "Total Revenue": 150,
        "Gross Profit": 33,
        "Operating Income": 17,
        "EBIT": 23,
        "Net Income": 13
    },
    "2019-03-31": {
        "Diluted EPS": 0.63,
        "Total Revenue": 151,
        "Gross Profit": 33,
        "Operating Income": 16,
        "EBIT": 22,
        "Net Income": 12
    },
    "2018-12-31": {
        "Diluted EPS": 0.54,
        "Total Revenue": 146,
        "Gross Profit": 29,
        "Operating Income": 14,
        "EBIT": 19,
        "Net Income": 10
    },
    "2018-09-30": {
        "Diluted EPS": 0.67,
        "Total Revenue": 148,
        "Gross Profit": 31,
        "Operating Income": 16,
        "EBIT": 22,
        "Net Income": 13
    },
    "2018-06-30": {
        "Diluted EPS": 0.62,
        "Total Revenue": 150,
        "Gross Profit": 31,
        "Operating Income": 15,
        "EBIT": 21,
        "Net Income": 12
    },
    "2018-03-31": {
        "Diluted EPS": 0.47,
        "Total Revenue": 144,
        "Gross Profit": 27,
        "Operating Income": 12,
        "EBIT": 17,
        "Net Income": 9
    },
    "2017-12-31": {
        "Diluted EPS": 0.5,
        "Total Revenue": 141,
        "Gross Profit": 26,
        "Operating Income": 10,
        "EBIT": 16,
        "Net Income": 10
    },
    "2017-09-30": {
        "Diluted EPS": 0.44,
        "Total Revenue": 136,
        "Gross Profit": 26,
        "Operating Income": 12,
        "EBIT": 17,
        "Net Income": 8
    },
    "2017-06-30": {
        "Diluted EPS": 0.46,
        "Total Revenue": 138,
        "Gross Profit": 29,
        "Operating Income": 14,
        "EBIT": 19,
        "Net Income": 9
    },
    "2017-03-31": {
        "Diluted EPS": 0.42,
        "Total Revenue": 134,
        "Gross Profit": 28,
        "Operating Income": 13,
        "EBIT": 18,
        "Net Income": 8
    },
    "2016-12-31": {
        "Diluted EPS": 0.36,
        "Total Revenue": 128,
        "Gross Profit": 26,
        "Operating Income": 11,
        "EBIT": 17,
        "Net Income": 7
    },
    "2016-09-30": {
        "Diluted EPS": 0.35,
        "Total Revenue": 128,
        "Gross Profit": 26,
        "Operating Income": 11,
        "EBIT": 17,
        "Net Income": 7
    },
    "2016-06-30": {
        "Diluted EPS": 0.38,
        "Total Revenue": 128,
        "Gross Profit": 26,
        "Operating Income": 12,
        "EBIT": 17,
        "Net Income": 7
    },
    "2016-03-31": {
        "Diluted EPS": 0.34,
        "Total Revenue": 128,
        "Gross Profit": 26,
        "Operating Income": 11,
        "EBIT": 16,
        "Net Income": 7
    },
    "2015-12-31": {
        "Diluted EPS": 0.34,
        "Total Revenue": 124,
        "Gross Profit": 25,
        "Operating Income": 11,
        "EBIT": 16,
        "Net Income": 7
    },
    "2015-09-30": {
        "Diluted EPS": 0.41,
        "Total Revenue": 124,
        "Gross Profit": 27,
        "Operating Income": 13,
        "EBIT": 18,
        "Net Income": 8
    },
    "2015-06-30": {
        "Diluted EPS": 0.34,
        "Total Revenue": 127,
        "Gross Profit": 26,
        "Operating Income": 11,
        "EBIT": 16,
        "Net Income": 7
    },
    "2015-03-31": {
        "Diluted EPS": 0.28,
        "Total Revenue": 122,
        "Gross Profit": 23,
        "Operating Income": 9,
        "EBIT": 14,
        "Net Income": 6
    },
    "2014-12-31": {
        "Diluted EPS": 0.33,
        "Total Revenue": 122,
        "Gross Profit": 24,
        "Operating Income": 10,
        "EBIT": 15,
        "Net Income": 7
    },
    "2014-09-30": {
        "Diluted EPS": 0.37,
        "Total Revenue": 124,
        "Gross Profit": 25,
        "Operating Income": 13,
        "EBIT": 17,
        "Net Income": 8
    },
    "2014-06-30": {
        "Diluted EPS": 0.39,
        "Total Revenue": 124,
        "Gross Profit": 28,
        "Operating Income": 13,
        "EBIT": 18,
        "Net Income": 8
    },
    "2014-03-31": {
        "Diluted EPS": 0.39,
        "Total Revenue": 120,
        "Gross Profit": 27,
        "Operating Income": 13,
        "EBIT": 17,
        "Net Income": 8
    },
    "2013-12-31": {
        "Diluted EPS": 0.41,
        "Total Revenue": 121,
        "Gross Profit": 28,
        "Operating Income": 15,
        "EBIT": 19,
        "Net Income": 9
    },
    "2013-09-30": {
        "Diluted EPS": 0.41,
        "Total Revenue": 119,
        "Gross Profit": 27,
        "Operating Income": 15,
        "EBIT": 19,
        "Net Income": 9
    },
    "2013-06-30": {
        "Diluted EPS": 0.4,
        "Total Revenue": 118,
        "Gross Profit": 27,
        "Operating Income": 14,
        "EBIT": 18,
        "Net Income": 9
    },
    "2013-03-31": {
        "Diluted EPS": 0.35,
        "Total Revenue": 112,
        "Gross Profit": 24,
        "Operating Income": 12,
        "EBIT": 16,
        "Net Income": 8
    },
    "2012-12-31": {
        "Diluted EPS": 0.26,
        "Total Revenue": 107,
        "Gross Profit": 22,
        "Operating Income": 10,
        "EBIT": 14,
        "Net Income": 6
    },
    "2012-09-30": {
        "Diluted EPS": 0.29,
        "Total Revenue": 105,
        "Gross Profit": 23,
        "Operating Income": 11,
        "EBIT": 14,
        "Net Income": 7
    },
    "2012-06-30": {
        "Diluted EPS": 0.29,
        "Total Revenue": 105,
        "Gross Profit": 23,
        "Operating Income": 11,
        "EBIT": 15,
        "Net Income": 7
    },
    "2012-03-31": {
        "Diluted EPS": 0.22,
        "Total Revenue": 104,
        "Gross Profit": 21,
        "Operating Income": 8,
        "EBIT": 12,
        "Net Income": 5
    },
    "2011-12-31": {
        "Diluted EPS": 0.24,
        "Total Revenue": 101,
        "Gross Profit": 21,
        "Operating Income": 9,
        "EBIT": 13,
        "Net Income": 5
    },
    "2011-09-30": {
        "Diluted EPS": 0.34,
        "Total Revenue": 105,
        "Gross Profit": 26,
        "Operating Income": 13,
        "EBIT": 17,
        "Net Income": 8
    },
    "2011-06-30": {
        "Diluted EPS": 0.35,
        "Total Revenue": 102,
        "Gross Profit": 26,
        "Operating Income": 13,
        "EBIT": 17,
        "Net Income": 8
    },
    "2011-03-31": {
        "Diluted EPS": 0.12,
        "Total Revenue": 100,
        "Gross Profit": 26,
        "Operating Income": 5,
        "EBIT": 8,
        "Net Income": 3
    },
    "2010-12-31": {
        "Diluted EPS": 0.28,
        "Total Revenue": 95,
        "Gross Profit": 24,
        "Operating Income": 11,
        "EBIT": 14,
        "Net Income": 7
    },
    "2010-09-30": {
        "Diluted EPS": 0.31,
        "Total Revenue": 93,
        "Gross Profit": 23,
        "Operating Income": 9,
        "EBIT": 12,
        "Net Income": 8
    },
    "2010-06-30": {
        "Diluted EPS": 0.32,
        "Total Revenue": 92,
        "Gross Profit": 24,
        "Operating Income": 12,
        "EBIT": 15,
        "Net Income": 8
    },
    "2010-03-31": {
        "Diluted EPS": 0.27,
        "Total Revenue": 88,
        "Gross Profit": 22,
        "Operating Income": 11,
        "EBIT": 14,
        "Net Income": 7
    },
    "2009-12-31": {
        "Diluted EPS": 0.27,
        "Total Revenue": 87,
        "Gross Profit": 22,
        "Operating Income": 11,
        "EBIT": 14,
        "Net Income": 7
    },
    "2009-09-30": {
        "Diluted EPS": 0.25,
        "Total Revenue": 82,
        "Gross Profit": 21,
        "Operating Income": 11,
        "EBIT": 14,
        "Net Income": 6
    },
    "2009-06-30": {
        "Diluted EPS": 0.25,
        "Total Revenue": 81,
        "Gross Profit": 21,
        "Operating Income": 11,
        "EBIT": 14,
        "Net Income": 6
    },
    "2009-03-31": {
        "Diluted EPS": 0.16,
        "Total Revenue": 77,
        "Gross Profit": 17,
        "Operating Income": 7,
        "EBIT": 10,
        "Net Income": 4
    },
    "2023-09-30": {
        "Tax Effect Of Unusual Items": 0.0,
        "Tax Rate For Calcs": 0.195,
        "Normalized EBITDA": 31175000.0,
        "Net Income From Continuing Operation Net Minority Interest": 19898000.0,
        "Reconciled Depreciation": 6461000.0,
        "Reconciled Cost Of Revenue": 151270000.0,
        "EBITDA": 31175000.0,
        "EBIT": 24714000.0,
        "Normalized Income": 19898000.0,
        "Net Income From Continuing And Discontinued Operation": 19898000.0,
        "Total Expenses": 170808000.0,
        "Diluted Average Shares": 17346000.0,
        "Basic Average Shares": 17123000.0,
        "Diluted EPS": 1.15,
        "Basic EPS": 1.16,
        "Diluted NI Availto Com Stockholders": 19898000.0,
        "Net Income Common Stockholders": 19898000.0,
        "Net Income": 19898000.0,
        "Net Income Including Noncontrolling Interests": 19898000.0,
        "Net Income Continuous Operations": 19898000.0,
        "Tax Provision": 4816000.0,
        "Pretax Income": 24714000.0,
        "Operating Income": 24714000.0,
        "Operating Expense": 19538000.0,
        "Selling General And Administration": 19538000.0,
        "General And Administrative Expense": 19538000.0,
        "Other Gand A": 19538000.0,
        "Gross Profit": 44252000.0,
        "Cost Of Revenue": 151270000.0,
        "Total Revenue": 195522000.0,
        "Operating Revenue": 195522000.0
    },
    "2023-12-31": {
        "Tax Effect Of Unusual Items": 0.0,
        "Tax Rate For Calcs": 0.236,
        "Normalized EBITDA": 29106000.0,
        "Net Income From Continuing Operation Net Minority Interest": 17095000.0,
        "Reconciled Depreciation": 6744000.0,
        "Reconciled Cost Of Revenue": 160143000.0,
        "EBITDA": 29106000.0,
        "EBIT": 22362000.0,
        "Normalized Income": 17095000.0,
        "Net Income From Continuing And Discontinued Operation": 17095000.0,
        "Total Expenses": 179941000.0,
        "Diluted Average Shares": 17326000.0,
        "Basic Average Shares": 17106000.0,
        "Diluted EPS": 0.99,
        "Basic EPS": 1.0,
        "Diluted NI Availto Com Stockholders": 17095000.0,
        "Net Income Common Stockholders": 17095000.0,
        "Net Income": 17095000.0,
        "Net Income Including Noncontrolling Interests": 17095000.0,
        "Net Income Continuous Operations": 17095000.0,
        "Tax Provision": 5267000.0,
        "Pretax Income": 22362000.0,
        "Operating Income": 22362000.0,
        "Operating Expense": 19798000.0,
        "Selling General And Administration": 19798000.0,
        "General And Administrative Expense": 19798000.0,
        "Other Gand A": 19798000.0,
        "Gross Profit": 42160000.0,
        "Cost Of Revenue": 160143000.0,
        "Total Revenue": 202303000.0,
        "Operating Revenue": 202303000.0
    },
    "2024-03-31": {
        "Tax Effect Of Unusual Items": 0.0,
        "Tax Rate For Calcs": 0.139089,
        "Normalized EBITDA": 29280000.0,
        "Net Income From Continuing Operation Net Minority Interest": 19454000.0,
        "Reconciled Depreciation": 6683000.0,
        "Reconciled Cost Of Revenue": 163830000.0,
        "EBITDA": 29280000.0,
        "EBIT": 22597000.0,
        "Normalized Income": 19454000.0,
        "Net Income From Continuing And Discontinued Operation": 19454000.0,
        "Total Expenses": 184636000.0,
        "Diluted Average Shares": NaN,
        "Basic Average Shares": NaN,
        "Diluted EPS": NaN,
        "Basic EPS": NaN,
        "Diluted NI Availto Com Stockholders": 19454000.0,
        "Net Income Common Stockholders": 19454000.0,
        "Net Income": 19454000.0,
        "Net Income Including Noncontrolling Interests": 19454000.0,
        "Net Income Continuous Operations": 19454000.0,
        "Tax Provision": 3143000.0,
        "Pretax Income": 22597000.0,
        "Operating Income": 22597000.0,
        "Operating Expense": 20806000.0,
        "Selling General And Administration": 20806000.0,
        "General And Administrative Expense": 20806000.0,
        "Other Gand A": 20806000.0,
        "Gross Profit": 43403000.0,
        "Cost Of Revenue": 163830000.0,
        "Total Revenue": 207233000.0,
        "Operating Revenue": 207233000.0
    }
}