{
    "2023-06-30": {
        "Tax Effect Of Unusual Items": 0.0,
        "Tax Rate For Calcs": 0.0,
        "Normalized EBITDA": -1230997.0,
        "Net Income From Continuing Operation Net Minority Interest": -1425501.0,
        "EBITDA": -1230997.0,
        "EBIT": -1230997.0,
        "Net Interest Income": 17707.0,
        "Interest Income": 17707.0,
        "Normalized Income": -1425501.0,
        "Net Income From Continuing And Discontinued Operation": -1425501.0,
        "Total Expenses": 1230997.0,
        "Total Operating Income As Reported": -1230997.0,
        "Diluted Average Shares": 518140.0,
        "Basic Average Shares": 518140.0,
        "Diluted EPS": -2.75,
        "Basic EPS": -2.75,
        "Diluted NI Availto Com Stockholders": -1425501.0,
        "Average Dilution Earnings": NaN,
        "Net Income Common Stockholders": -1425501.0,
        "Net Income": -1425501.0,
        "Net Income Including Noncontrolling Interests": -1425501.0,
        "Net Income Continuous Operations": -1425501.0,
        "Pretax Income": -1425501.0,
        "Other Income Expense": -212211.0,
        "Other Non Operating Income Expenses": -212211.0,
        "Net Non Operating Interest Income Expense": 17707.0,
        "Interest Income Non Operating": 17707.0,
        "Operating Income": -1230997.0,
        "Operating Expense": 1230997.0,
        "Other Operating Expenses": -1719944.0,
        "Research And Development": 1958388.0,
        "Selling General And Administration": 992553.0,
        "General And Administrative Expense": 992553.0,
        "Other Gand A": 992553.0,
        "Total Revenue": 0.0,
        "Operating Revenue": 0.0
    },
    "2023-03-31": {
        "Tax Effect Of Unusual Items": NaN,
        "Tax Rate For Calcs": NaN,
        "Normalized EBITDA": NaN,
        "Net Income From Continuing Operation Net Minority Interest": NaN,
        "EBITDA": NaN,
        "EBIT": NaN,
        "Net Interest Income": NaN,
        "Interest Income": NaN,
        "Normalized Income": NaN,
        "Net Income From Continuing And Discontinued Operation": NaN,
        "Total Expenses": NaN,
        "Total Operating Income As Reported": NaN,
        "Diluted Average Shares": 518140.0,
        "Basic Average Shares": 518140.0,
        "Diluted EPS": -1.03,
        "Basic EPS": -1.03,
        "Diluted NI Availto Com Stockholders": NaN,
        "Average Dilution Earnings": NaN,
        "Net Income Common Stockholders": NaN,
        "Net Income": NaN,
        "Net Income Including Noncontrolling Interests": NaN,
        "Net Income Continuous Operations": NaN,
        "Pretax Income": NaN,
        "Other Income Expense": NaN,
        "Other Non Operating Income Expenses": NaN,
        "Net Non Operating Interest Income Expense": NaN,
        "Interest Income Non Operating": NaN,
        "Operating Income": NaN,
        "Operating Expense": NaN,
        "Other Operating Expenses": NaN,
        "Research And Development": NaN,
        "Selling General And Administration": NaN,
        "General And Administrative Expense": NaN,
        "Other Gand A": NaN,
        "Total Revenue": NaN,
        "Operating Revenue": NaN
    },
    "2022-12-31": {
        "Tax Effect Of Unusual Items": NaN,
        "Tax Rate For Calcs": NaN,
        "Normalized EBITDA": NaN,
        "Total Unusual Items": 0.0,
        "Total Unusual Items Excluding Goodwill": 0.0,
        "Net Income From Continuing Operation Net Minority Interest": NaN,
        "Reconciled Depreciation": 0.0,
        "EBITDA": NaN,
        "EBIT": NaN,
        "Net Interest Income": NaN,
        "Interest Income": NaN,
        "Normalized Income": NaN,
        "Net Income From Continuing And Discontinued Operation": NaN,
        "Total Expenses": NaN,
        "Total Operating Income As Reported": NaN,
        "Diluted Average Shares": NaN,
        "Basic Average Shares": NaN,
        "Diluted EPS": NaN,
        "Basic EPS": NaN,
        "Diluted NI Availto Com Stockholders": NaN,
        "Average Dilution Earnings": NaN,
        "Net Income Common Stockholders": NaN,
        "Net Income": NaN,
        "Net Income Including Noncontrolling Interests": NaN,
        "Net Income Continuous Operations": NaN,
        "Tax Provision": 0.0,
        "Pretax Income": NaN,
        "Other Income Expense": NaN,
        "Other Non Operating Income Expenses": NaN,
        "Special Income Charges": 0.0,
        "Impairment Of Capital Assets": 0.0,
        "Net Non Operating Interest Income Expense": NaN,
        "Interest Income Non Operating": NaN,
        "Operating Income": NaN,
        "Operating Expense": NaN,
        "Other Operating Expenses": NaN,
        "Depreciation Amortization Depletion Income Statement": 0.0,
        "Depreciation And Amortization In Income Statement": 0.0,
        "Depreciation Income Statement": 0.0,
        "Research And Development": NaN,
        "Selling General And Administration": NaN,
        "General And Administrative Expense": NaN,
        "Other Gand A": NaN,
        "Total Revenue": NaN,
        "Operating Revenue": NaN
    },
    "2022-09-30": {
        "Tax Effect Of Unusual Items": NaN,
        "Tax Rate For Calcs": NaN,
        "Normalized EBITDA": NaN,
        "Total Unusual Items": 0.0,
        "Total Unusual Items Excluding Goodwill": 0.0,
        "Net Income From Continuing Operation Net Minority Interest": NaN,
        "Reconciled Depreciation": 0.0,
        "EBITDA": NaN,
        "EBIT": NaN,
        "Net Interest Income": NaN,
        "Interest Income": NaN,
        "Normalized Income": NaN,
        "Net Income From Continuing And Discontinued Operation": NaN,
        "Total Expenses": NaN,
        "Total Operating Income As Reported": NaN,
        "Diluted Average Shares": 518140.0,
        "Basic Average Shares": 518140.0,
        "Diluted EPS": -1.7,
        "Basic EPS": -1.7,
        "Diluted NI Availto Com Stockholders": NaN,
        "Average Dilution Earnings": 0.0,
        "Net Income Common Stockholders": NaN,
        "Net Income": NaN,
        "Net Income Including Noncontrolling Interests": NaN,
        "Net Income Continuous Operations": NaN,
        "Tax Provision": 0.0,
        "Pretax Income": NaN,
        "Other Income Expense": -88.0,
        "Other Non Operating Income Expenses": -88.0,
        "Special Income Charges": 0.0,
        "Impairment Of Capital Assets": 0.0,
        "Net Non Operating Interest Income Expense": NaN,
        "Interest Income Non Operating": NaN,
        "Operating Income": NaN,
        "Operating Expense": NaN,
        "Other Operating Expenses": NaN,
        "Depreciation Amortization Depletion Income Statement": 0.0,
        "Depreciation And Amortization In Income Statement": 0.0,
        "Depreciation Income Statement": 0.0,
        "Research And Development": NaN,
        "Selling General And Administration": NaN,
        "General And Administrative Expense": NaN,
        "Other Gand A": NaN,
        "Total Revenue": NaN,
        "Operating Revenue": NaN
    },
    "2022-06-30": {
        "Tax Effect Of Unusual Items": 0.0,
        "Tax Rate For Calcs": 0.0,
        "Normalized EBITDA": -4245879.0,
        "Total Unusual Items": NaN,
        "Total Unusual Items Excluding Goodwill": NaN,
        "Net Income From Continuing Operation Net Minority Interest": -4190501.0,
        "Reconciled Depreciation": 0.0,
        "EBITDA": -4245879.0,
        "EBIT": -4245879.0,
        "Net Interest Income": 55378.0,
        "Interest Income": 55378.0,
        "Normalized Income": -4190501.0,
        "Net Income From Continuing And Discontinued Operation": -4190501.0,
        "Total Expenses": 4245879.0,
        "Total Operating Income As Reported": -4245879.0,
        "Diluted Average Shares": 1359151.0,
        "Basic Average Shares": 1359151.0,
        "Diluted EPS": -3.09,
        "Basic EPS": -3.09,
        "Diluted NI Availto Com Stockholders": -4190501.0,
        "Net Income Common Stockholders": -4190501.0,
        "Net Income": -4190501.0,
        "Net Income Including Noncontrolling Interests": -4190501.0,
        "Net Income Continuous Operations": -4190501.0,
        "Tax Provision": NaN,
        "Pretax Income": -4190501.0,
        "Special Income Charges": NaN,
        "Impairment Of Capital Assets": NaN,
        "Net Non Operating Interest Income Expense": 55378.0,
        "Interest Income Non Operating": 55378.0,
        "Operating Income": -4245879.0,
        "Operating Expense": 4245879.0,
        "Depreciation Amortization Depletion Income Statement": 0.0,
        "Depreciation And Amortization In Income Statement": 0.0,
        "Depreciation Income Statement": 0.0,
        "Research And Development": 2108553.0,
        "Selling General And Administration": 2137326.0,
        "General And Administrative Expense": 2137326.0,
        "Other Gand A": 2137326.0,
        "Total Revenue": 0.0,
        "Operating Revenue": 0.0
    },
    "2023-09-30": {
        "Tax Effect Of Unusual Items": 0.0,
        "Tax Rate For Calcs": 0.21,
        "Normalized EBITDA": -2675129.0,
        "Net Income From Continuing Operation Net Minority Interest": 2150362.0,
        "EBITDA": -2675129.0,
        "EBIT": -2675129.0,
        "Net Interest Income": 47667.0,
        "Interest Income": 47667.0,
        "Normalized Income": 2150362.0,
        "Net Income From Continuing And Discontinued Operation": 2150362.0,
        "Total Expenses": 2675129.0,
        "Total Operating Income As Reported": -2675129.0,
        "Diluted Average Shares": 3766700.0,
        "Basic Average Shares": 3308302.0,
        "Diluted EPS": -0.7,
        "Basic EPS": 0.65,
        "Diluted NI Availto Com Stockholders": -2627889.0,
        "Average Dilution Earnings": -4778251.0,
        "Net Income Common Stockholders": 2150362.0,
        "Net Income": 2150362.0,
        "Net Income Including Noncontrolling Interests": 2150362.0,
        "Net Income Continuous Operations": 2150362.0,
        "Pretax Income": 2150362.0,
        "Other Income Expense": 4777824.0,
        "Other Non Operating Income Expenses": 4777824.0,
        "Net Non Operating Interest Income Expense": 47667.0,
        "Interest Income Non Operating": 47667.0,
        "Operating Income": -2675129.0,
        "Operating Expense": 2675129.0,
        "Other Operating Expenses": -1526482.0,
        "Research And Development": 1791487.0,
        "Selling General And Administration": 2410124.0,
        "General And Administrative Expense": 2410124.0,
        "Other Gand A": 2410124.0,
        "Total Revenue": 0.0,
        "Operating Revenue": 0.0
    },
    "2023-12-31": {
        "Tax Effect Of Unusual Items": 0.0,
        "Tax Rate For Calcs": 0.0,
        "Normalized EBITDA": 3160572.0,
        "Net Income From Continuing Operation Net Minority Interest": -2362398.0,
        "EBITDA": 3160572.0,
        "EBIT": 3160572.0,
        "Net Interest Income": 118652.0,
        "Interest Income": 118652.0,
        "Normalized Income": -2362398.0,
        "Net Income From Continuing And Discontinued Operation": -2362398.0,
        "Total Expenses": 2480450.0,
        "Total Operating Income As Reported": -2480450.0,
        "Diluted Average Shares": NaN,
        "Basic Average Shares": NaN,
        "Diluted EPS": NaN,
        "Basic EPS": NaN,
        "Diluted NI Availto Com Stockholders": 3061853.0,
        "Average Dilution Earnings": NaN,
        "Net Income Common Stockholders": -2362398.0,
        "Net Income": -2362398.0,
        "Net Income Including Noncontrolling Interests": -2362398.0,
        "Net Income Continuous Operations": -2362398.0,
        "Pretax Income": -2362398.0,
        "Other Income Expense": -600.0,
        "Other Non Operating Income Expenses": -600.0,
        "Net Non Operating Interest Income Expense": 118652.0,
        "Interest Income Non Operating": 118652.0,
        "Operating Income": -2480450.0,
        "Operating Expense": 2480450.0,
        "Other Operating Expenses": -2490578.0,
        "Research And Development": 2855350.0,
        "Selling General And Administration": 2115678.0,
        "General And Administrative Expense": 2115678.0,
        "Other Gand A": 2115678.0,
        "Total Revenue": 0.0,
        "Operating Revenue": 0.0
    },
    "2024-03-31": {
        "Tax Effect Of Unusual Items": 0.0,
        "Tax Rate For Calcs": 0.0,
        "Normalized EBITDA": -2594938.0,
        "Net Income From Continuing Operation Net Minority Interest": -2514335.0,
        "EBITDA": -2594938.0,
        "EBIT": -2594938.0,
        "Net Interest Income": 80633.0,
        "Interest Income": 80633.0,
        "Normalized Income": -2514335.0,
        "Net Income From Continuing And Discontinued Operation": -2514335.0,
        "Total Expenses": 2594938.0,
        "Total Operating Income As Reported": -2594938.0,
        "Diluted Average Shares": 6170501.0,
        "Basic Average Shares": 6170501.0,
        "Diluted EPS": -0.41,
        "Basic EPS": -0.41,
        "Diluted NI Availto Com Stockholders": -2514335.0,
        "Average Dilution Earnings": NaN,
        "Net Income Common Stockholders": -2514335.0,
        "Net Income": -2514335.0,
        "Net Income Including Noncontrolling Interests": -2514335.0,
        "Net Income Continuous Operations": -2514335.0,
        "Pretax Income": -2514335.0,
        "Other Income Expense": -30.0,
        "Other Non Operating Income Expenses": -30.0,
        "Net Non Operating Interest Income Expense": 80633.0,
        "Interest Income Non Operating": 80633.0,
        "Operating Income": -2594938.0,
        "Operating Expense": 2594938.0,
        "Other Operating Expenses": -2347250.0,
        "Research And Development": 2814258.0,
        "Selling General And Administration": 2127930.0,
        "General And Administrative Expense": 2127930.0,
        "Other Gand A": 2127930.0,
        "Total Revenue": 0.0,
        "Operating Revenue": 0.0
    },
    "2024-06-30": {
        "Tax Effect Of Unusual Items": 0.0,
        "Tax Rate For Calcs": 0.0,
        "Normalized EBITDA": -2995099.0,
        "Net Income From Continuing Operation Net Minority Interest": -2316905.0,
        "EBITDA": -2995099.0,
        "EBIT": -2995099.0,
        "Net Interest Income": 678441.0,
        "Interest Income": 678441.0,
        "Normalized Income": -2316905.0,
        "Net Income From Continuing And Discontinued Operation": -2316905.0,
        "Total Expenses": 2995099.0,
        "Total Operating Income As Reported": -2995099.0,
        "Diluted Average Shares": 8702764.0,
        "Basic Average Shares": 8702764.0,
        "Diluted EPS": -0.27,
        "Basic EPS": -0.27,
        "Diluted NI Availto Com Stockholders": -2316905.0,
        "Average Dilution Earnings": NaN,
        "Net Income Common Stockholders": -2316905.0,
        "Net Income": -2316905.0,
        "Net Income Including Noncontrolling Interests": -2316905.0,
        "Net Income Continuous Operations": -2316905.0,
        "Pretax Income": -2316905.0,
        "Other Income Expense": -247.0,
        "Other Non Operating Income Expenses": -247.0,
        "Net Non Operating Interest Income Expense": 678441.0,
        "Interest Income Non Operating": 678441.0,
        "Operating Income": -2995099.0,
        "Operating Expense": 2995099.0,
        "Other Operating Expenses": -3288971.0,
        "Research And Development": 3772391.0,
        "Selling General And Administration": 2511679.0,
        "General And Administrative Expense": 2511679.0,
        "Other Gand A": 2511679.0,
        "Total Revenue": 0.0,
        "Operating Revenue": 0.0
    }
}