{
    "2023-04-30": {
        "Tax Effect Of Unusual Items": 0.0,
        "Tax Rate For Calcs": 0.21,
        "Normalized EBITDA": 41878000.0,
        "Net Income From Continuing Operation Net Minority Interest": 491000.0,
        "Reconciled Depreciation": 30583000.0,
        "Reconciled Cost Of Revenue": 169230000.0,
        "EBITDA": 41878000.0,
        "EBIT": 11295000.0,
        "Net Interest Income": 24134000.0,
        "Interest Expense": 6387000.0,
        "Interest Income": 30521000.0,
        "Normalized Income": 491000.0,
        "Net Income From Continuing And Discontinued Operation": 491000.0,
        "Total Expenses": 712036000.0,
        "Total Operating Income As Reported": -19456000.0,
        "Diluted Average Shares": 236414000.0,
        "Basic Average Shares": 236414000.0,
        "Diluted EPS": 0.002077,
        "Basic EPS": 0.002077,
        "Diluted NI Availto Com Stockholders": 491000.0,
        "Net Income Common Stockholders": 491000.0,
        "Net Income": 491000.0,
        "Minority Interests": -8000.0,
        "Net Income Including Noncontrolling Interests": 499000.0,
        "Net Income Continuous Operations": 499000.0,
        "Tax Provision": 4409000.0,
        "Pretax Income": 4908000.0,
        "Other Income Expense": 230000.0,
        "Other Non Operating Income Expenses": 230000.0,
        "Net Non Operating Interest Income Expense": 24134000.0,
        "Interest Expense Non Operating": 6387000.0,
        "Interest Income Non Operating": 30521000.0,
        "Operating Income": -19456000.0,
        "Operating Expense": 542806000.0,
        "Research And Development": 179065000.0,
        "Selling General And Administration": 363741000.0,
        "Selling And Marketing Expense": 281107000.0,
        "General And Administrative Expense": 82634000.0,
        "Other Gand A": 82634000.0,
        "Gross Profit": 523350000.0,
        "Cost Of Revenue": 169230000.0,
        "Total Revenue": 692580000.0,
        "Operating Revenue": 692580000.0
    },
    "2023-01-31": {
        "Tax Effect Of Unusual Items": 0.0,
        "Tax Rate For Calcs": 0.21,
        "Normalized EBITDA": -9416000.0,
        "Net Income From Continuing Operation Net Minority Interest": -47481000.0,
        "Reconciled Depreciation": 27850000.0,
        "Reconciled Cost Of Revenue": 175604000.0,
        "EBITDA": -9416000.0,
        "EBIT": -37266000.0,
        "Net Interest Income": 20664000.0,
        "Interest Expense": 6352000.0,
        "Interest Income": 27016000.0,
        "Normalized Income": -47481000.0,
        "Net Income From Continuing And Discontinued Operation": -47481000.0,
        "Total Expenses": 698867000.0,
        "Total Operating Income As Reported": -61500000.0,
        "Diluted Average Shares": 235027000.0,
        "Basic Average Shares": 235027000.0,
        "Diluted EPS": -0.2,
        "Basic EPS": -0.2,
        "Diluted NI Availto Com Stockholders": -47481000.0,
        "Net Income Common Stockholders": -47481000.0,
        "Net Income": -47481000.0,
        "Minority Interests": 1451000.0,
        "Net Income Including Noncontrolling Interests": -48932000.0,
        "Net Income Continuous Operations": -48932000.0,
        "Tax Provision": 5314000.0,
        "Pretax Income": -43618000.0,
        "Other Income Expense": -2782000.0,
        "Other Non Operating Income Expenses": -2782000.0,
        "Net Non Operating Interest Income Expense": 20664000.0,
        "Interest Expense Non Operating": 6352000.0,
        "Interest Income Non Operating": 27016000.0,
        "Operating Income": -61500000.0,
        "Operating Expense": 523263000.0,
        "Research And Development": 191845000.0,
        "Selling General And Administration": 331418000.0,
        "Selling And Marketing Expense": 246439000.0,
        "General And Administrative Expense": 84979000.0,
        "Other Gand A": 84979000.0,
        "Gross Profit": 461763000.0,
        "Cost Of Revenue": 175604000.0,
        "Total Revenue": 637367000.0,
        "Operating Revenue": 637367000.0
    },
    "2022-10-31": {
        "Tax Effect Of Unusual Items": 0.0,
        "Tax Rate For Calcs": 0.21,
        "Normalized EBITDA": -15805000.0,
        "Net Income From Continuing Operation Net Minority Interest": -54956000.0,
        "Reconciled Depreciation": 23622000.0,
        "Reconciled Cost Of Revenue": 158228000.0,
        "EBITDA": -15805000.0,
        "EBIT": -39427000.0,
        "Net Interest Income": 9911000.0,
        "Interest Expense": 6334000.0,
        "Interest Income": 16245000.0,
        "Normalized Income": -54956000.0,
        "Net Income From Continuing And Discontinued Operation": -54956000.0,
        "Total Expenses": 637304000.0,
        "Total Operating Income As Reported": -56422000.0,
        "Diluted Average Shares": 233785000.0,
        "Basic Average Shares": 233785000.0,
        "Diluted EPS": -0.24,
        "Basic EPS": -0.24,
        "Diluted NI Availto Com Stockholders": -54956000.0,
        "Net Income Common Stockholders": -54956000.0,
        "Net Income": -54956000.0,
        "Minority Interests": -325000.0,
        "Net Income Including Noncontrolling Interests": -54631000.0,
        "Net Income Continuous Operations": -54631000.0,
        "Tax Provision": 8870000.0,
        "Pretax Income": -45761000.0,
        "Other Income Expense": 750000.0,
        "Other Non Operating Income Expenses": 750000.0,
        "Net Non Operating Interest Income Expense": 9911000.0,
        "Interest Expense Non Operating": 6334000.0,
        "Interest Income Non Operating": 16245000.0,
        "Operating Income": -56422000.0,
        "Operating Expense": 479076000.0,
        "Research And Development": 155256000.0,
        "Selling General And Administration": 323820000.0,
        "Selling And Marketing Expense": 239672000.0,
        "General And Administrative Expense": 84148000.0,
        "Other Gand A": 84148000.0,
        "Gross Profit": 422654000.0,
        "Cost Of Revenue": 158228000.0,
        "Total Revenue": 580882000.0,
        "Operating Revenue": 580882000.0
    },
    "2022-07-31": {
        "Tax Effect Of Unusual Items": 0.0,
        "Tax Rate For Calcs": 0.4,
        "Normalized EBITDA": -15291000.0,
        "Net Income From Continuing Operation Net Minority Interest": -49285000.0,
        "Reconciled Depreciation": 21909000.0,
        "Reconciled Cost Of Revenue": 140567000.0,
        "EBITDA": -15291000.0,
        "EBIT": -37200000.0,
        "Net Interest Income": -6335000.0,
        "Interest Expense": 6335000.0,
        "Interest Income": NaN,
        "Normalized Income": -49285000.0,
        "Net Income From Continuing And Discontinued Operation": -49285000.0,
        "Total Expenses": 583460000.0,
        "Total Operating Income As Reported": -48307000.0,
        "Diluted Average Shares": 232554000.0,
        "Basic Average Shares": 232554000.0,
        "Diluted EPS": -0.21,
        "Basic EPS": -0.21,
        "Diluted NI Availto Com Stockholders": -49285000.0,
        "Net Income Common Stockholders": -49285000.0,
        "Net Income": -49285000.0,
        "Minority Interests": -972000.0,
        "Net Income Including Noncontrolling Interests": -48313000.0,
        "Net Income Continuous Operations": -48313000.0,
        "Tax Provision": 4778000.0,
        "Pretax Income": -43535000.0,
        "Other Income Expense": 11107000.0,
        "Other Non Operating Income Expenses": 11107000.0,
        "Net Non Operating Interest Income Expense": -6335000.0,
        "Interest Expense Non Operating": 6335000.0,
        "Interest Income Non Operating": NaN,
        "Operating Income": -48307000.0,
        "Operating Expense": 442893000.0,
        "Research And Development": 137864000.0,
        "Selling General And Administration": 305029000.0,
        "Selling And Marketing Expense": 224766000.0,
        "General And Administrative Expense": 80263000.0,
        "Other Gand A": 80263000.0,
        "Salaries And Wages": NaN,
        "Gross Profit": 394586000.0,
        "Cost Of Revenue": 140567000.0,
        "Total Revenue": 535153000.0,
        "Operating Revenue": 535153000.0
    },
    "2022-04-30": {
        "Diluted EPS": -0.14,
        "Total Revenue": 488,
        "Gross Profit": 361,
        "Operating Income": -24,
        "EBIT": 34,
        "Net Income": -32
    },
    "2022-01-31": {
        "Diluted EPS": -0.18,
        "Total Revenue": 431,
        "Gross Profit": 318,
        "Operating Income": -24,
        "EBIT": 31,
        "Net Income": -42
    },
    "2021-10-31": {
        "Diluted EPS": -0.22,
        "Total Revenue": 380,
        "Gross Profit": 278,
        "Operating Income": -40,
        "EBIT": 7,
        "Net Income": -50
    },
    "2021-07-31": {
        "Diluted EPS": -0.25,
        "Total Revenue": 338,
        "Gross Profit": 247,
        "Operating Income": -47,
        "EBIT": -5,
        "Net Income": -57
    },
    "2021-04-30": {
        "Diluted EPS": -0.38,
        "Total Revenue": 303,
        "Gross Profit": 224,
        "Operating Income": -31,
        "EBIT": 7,
        "Net Income": -85
    },
    "2021-01-31": {
        "Diluted EPS": -0.09,
        "Total Revenue": 265,
        "Gross Profit": 198,
        "Operating Income": -16,
        "EBIT": 18,
        "Net Income": -19
    },
    "2020-10-31": {
        "Diluted EPS": -0.11,
        "Total Revenue": 232,
        "Gross Profit": 171,
        "Operating Income": -24,
        "EBIT": 3,
        "Net Income": -25
    },
    "2020-07-31": {
        "Diluted EPS": -0.14,
        "Total Revenue": 199,
        "Gross Profit": 145,
        "Operating Income": -30,
        "EBIT": -6,
        "Net Income": -30
    },
    "2020-04-30": {
        "Diluted EPS": -0.09,
        "Total Revenue": 178,
        "Gross Profit": 131,
        "Operating Income": -23,
        "EBIT": 0,
        "Net Income": -19
    },
    "2020-01-31": {
        "Diluted EPS": 0.16,
        "Total Revenue": 152,
        "Gross Profit": 109,
        "Operating Income": -31,
        "EBIT": -13,
        "Net Income": -28
    },
    "2019-10-31": {
        "Diluted EPS": -0.17,
        "Total Revenue": 125,
        "Gross Profit": 88,
        "Operating Income": -39,
        "EBIT": -24,
        "Net Income": -36
    },
    "2019-07-31": {
        "Diluted EPS": -0.4,
        "Total Revenue": 108,
        "Gross Profit": 77,
        "Operating Income": -51,
        "EBIT": -38,
        "Net Income": -52
    },
    "2019-04-30": {
        "Diluted EPS": -0.55,
        "Total Revenue": 96,
        "Gross Profit": 67,
        "Operating Income": -26,
        "EBIT": -14,
        "Net Income": -26
    },
    "2019-01-31": {
        "Diluted EPS": -0.67,
        "Total Revenue": 80,
        "Gross Profit": 53,
        "Operating Income": -31,
        "EBIT": -18,
        "Net Income": -31
    },
    "2018-10-31": {
        "Diluted EPS": -0.93,
        "Total Revenue": 66,
        "Gross Profit": 44,
        "Operating Income": -42,
        "EBIT": -31,
        "Net Income": -42
    },
    "2018-07-31": {
        "Diluted EPS": -0.75,
        "Total Revenue": 56,
        "Gross Profit": 37,
        "Operating Income": -30,
        "EBIT": -21,
        "Net Income": -33
    },
    "2018-04-30": {
        "Diluted EPS": -0.77,
        "Total Revenue": 47,
        "Gross Profit": 28,
        "Operating Income": -33,
        "EBIT": -24,
        "Net Income": -34
    },
    "2018-01-31": {
        "Diluted EPS": 0.0,
        "Total Revenue": NaN,
        "Gross Profit": NaN,
        "Operating Income": NaN,
        "EBIT": NaN,
        "Net Income": NaN
    },
    "2023-07-31": {
        "Tax Effect Of Unusual Items": 0.0,
        "Tax Rate For Calcs": 0.352,
        "Normalized EBITDA": 53408000.0,
        "Net Income From Continuing Operation Net Minority Interest": 8472000.0,
        "Reconciled Depreciation": 33877000.0,
        "Reconciled Cost Of Revenue": 182917000.0,
        "EBITDA": 53408000.0,
        "EBIT": 19531000.0,
        "Net Interest Income": 30194000.0,
        "Interest Expense": 6444000.0,
        "Interest Income": 36638000.0,
        "Normalized Income": 8472000.0,
        "Net Income From Continuing And Discontinued Operation": 8472000.0,
        "Total Expenses": 746999000.0,
        "Total Operating Income As Reported": -15373000.0,
        "Diluted Average Shares": 242144000.0,
        "Basic Average Shares": 237911000.0,
        "Diluted EPS": 0.03,
        "Basic EPS": 0.04,
        "Diluted NI Availto Com Stockholders": 8472000.0,
        "Net Income Common Stockholders": 8472000.0,
        "Net Income": 8472000.0,
        "Minority Interests": -4000.0,
        "Net Income Including Noncontrolling Interests": 8476000.0,
        "Net Income Continuous Operations": 8476000.0,
        "Tax Provision": 4611000.0,
        "Pretax Income": 13087000.0,
        "Other Income Expense": -1734000.0,
        "Other Non Operating Income Expenses": -1734000.0,
        "Net Non Operating Interest Income Expense": 30194000.0,
        "Interest Expense Non Operating": 6444000.0,
        "Interest Income Non Operating": 36638000.0,
        "Operating Income": -15373000.0,
        "Operating Expense": 564082000.0,
        "Research And Development": 179362000.0,
        "Selling General And Administration": 384720000.0,
        "Selling And Marketing Expense": 282916000.0,
        "General And Administrative Expense": 101804000.0,
        "Other Gand A": 101804000.0,
        "Gross Profit": 548709000.0,
        "Cost Of Revenue": 182917000.0,
        "Total Revenue": 731626000.0,
        "Operating Revenue": 731626000.0
    },
    "2023-10-31": {
        "Tax Effect Of Unusual Items": 0.0,
        "Tax Rate For Calcs": 0.265,
        "Normalized EBITDA": 81200000.0,
        "Net Income From Continuing Operation Net Minority Interest": 26665000.0,
        "Reconciled Depreciation": 38425000.0,
        "Reconciled Cost Of Revenue": 195004000.0,
        "EBITDA": 81200000.0,
        "EBIT": 42775000.0,
        "Net Interest Income": 33583000.0,
        "Interest Expense": 6503000.0,
        "Interest Income": 40086000.0,
        "Normalized Income": 26665000.0,
        "Net Income From Continuing And Discontinued Operation": 26665000.0,
        "Total Expenses": 782851000.0,
        "Total Operating Income As Reported": 3163000.0,
        "Diluted Average Shares": 243799000.0,
        "Basic Average Shares": 239297000.0,
        "Diluted EPS": 0.11,
        "Basic EPS": 0.11,
        "Diluted NI Availto Com Stockholders": 26665000.0,
        "Net Income Common Stockholders": 26665000.0,
        "Net Income": 26665000.0,
        "Minority Interests": -4000.0,
        "Net Income Including Noncontrolling Interests": 26669000.0,
        "Net Income Continuous Operations": 26669000.0,
        "Tax Provision": 9603000.0,
        "Pretax Income": 36272000.0,
        "Other Income Expense": -474000.0,
        "Other Non Operating Income Expenses": -474000.0,
        "Net Non Operating Interest Income Expense": 33583000.0,
        "Interest Expense Non Operating": 6503000.0,
        "Interest Income Non Operating": 40086000.0,
        "Operating Income": 3163000.0,
        "Operating Expense": 587847000.0,
        "Research And Development": 196072000.0,
        "Selling General And Administration": 391775000.0,
        "Selling And Marketing Expense": 286186000.0,
        "General And Administrative Expense": 105589000.0,
        "Other Gand A": 105589000.0,
        "Gross Profit": 591010000.0,
        "Cost Of Revenue": 195004000.0,
        "Total Revenue": 786014000.0,
        "Operating Revenue": 786014000.0
    },
    "2024-01-31": {
        "Tax Effect Of Unusual Items": 0.0,
        "Tax Rate For Calcs": 0.198527,
        "Normalized EBITDA": 117341000.0,
        "Net Income From Continuing Operation Net Minority Interest": 53699000.0,
        "Reconciled Depreciation": 42369000.0,
        "Reconciled Cost Of Revenue": 208572000.0,
        "EBITDA": 117341000.0,
        "EBIT": 74972000.0,
        "Net Interest Income": 35263000.0,
        "Interest Expense": 6422000.0,
        "Interest Income": 41685000.0,
        "Normalized Income": 53699000.0,
        "Net Income From Continuing And Discontinued Operation": 53699000.0,
        "Total Expenses": 815664000.0,
        "Total Operating Income As Reported": 29671000.0,
        "Diluted Average Shares": 247936000.0,
        "Basic Average Shares": 240856000.0,
        "Diluted EPS": 0.22,
        "Basic EPS": 0.22,
        "Diluted NI Availto Com Stockholders": 53699000.0,
        "Net Income Common Stockholders": 53699000.0,
        "Net Income": 53699000.0,
        "Minority Interests": -1242000.0,
        "Net Income Including Noncontrolling Interests": 54941000.0,
        "Net Income Continuous Operations": 54941000.0,
        "Tax Provision": 13609000.0,
        "Pretax Income": 68550000.0,
        "Other Income Expense": 3616000.0,
        "Other Non Operating Income Expenses": 3616000.0,
        "Net Non Operating Interest Income Expense": 35263000.0,
        "Interest Expense Non Operating": 6422000.0,
        "Interest Income Non Operating": 41685000.0,
        "Operating Income": 29671000.0,
        "Operating Expense": 607092000.0,
        "Research And Development": 213998000.0,
        "Selling General And Administration": 393094000.0,
        "Selling And Marketing Expense": 290357000.0,
        "General And Administrative Expense": 102737000.0,
        "Other Gand A": 102737000.0,
        "Gross Profit": 636763000.0,
        "Cost Of Revenue": 208572000.0,
        "Total Revenue": 845335000.0,
        "Operating Revenue": 845335000.0
    },
    "2024-04-30": {
        "Tax Effect Of Unusual Items": 0.0,
        "Tax Rate For Calcs": 0.142,
        "Normalized EBITDA": 109126000.0,
        "Net Income From Continuing Operation Net Minority Interest": 42820000.0,
        "Reconciled Depreciation": 48684000.0,
        "Reconciled Cost Of Revenue": 225003000.0,
        "EBITDA": 109126000.0,
        "EBIT": 60442000.0,
        "Net Interest Income": 39339000.0,
        "Interest Expense": 6511000.0,
        "Interest Income": 45850000.0,
        "Normalized Income": 42820000.0,
        "Net Income From Continuing And Discontinued Operation": 42820000.0,
        "Total Expenses": 914100000.0,
        "Total Operating Income As Reported": 6936000.0,
        "Diluted Average Shares": 250164000.0,
        "Basic Average Shares": 242389000.0,
        "Diluted EPS": 0.17,
        "Basic EPS": 0.18,
        "Diluted NI Availto Com Stockholders": 42820000.0,
        "Net Income Common Stockholders": 42820000.0,
        "Net Income": 42820000.0,
        "Minority Interests": -3444000.0,
        "Net Income Including Noncontrolling Interests": 46264000.0,
        "Net Income Continuous Operations": 46264000.0,
        "Tax Provision": 7667000.0,
        "Pretax Income": 53931000.0,
        "Other Income Expense": 7656000.0,
        "Other Non Operating Income Expenses": 7656000.0,
        "Net Non Operating Interest Income Expense": 39339000.0,
        "Interest Expense Non Operating": 6511000.0,
        "Interest Income Non Operating": 45850000.0,
        "Operating Income": 6936000.0,
        "Operating Expense": 689097000.0,
        "Research And Development": 235249000.0,
        "Selling General And Administration": 453848000.0,
        "Selling And Marketing Expense": 350114000.0,
        "General And Administrative Expense": 103734000.0,
        "Other Gand A": 103734000.0,
        "Gross Profit": 696033000.0,
        "Cost Of Revenue": 225003000.0,
        "Total Revenue": 921036000.0,
        "Operating Revenue": 921036000.0
    },
    "2024-07-31": {
        "Tax Effect Of Unusual Items": 0.0,
        "Tax Rate For Calcs": 0.189,
        "Normalized EBITDA": 116737000.0,
        "Net Income From Continuing Operation Net Minority Interest": 47013000.0,
        "Reconciled Depreciation": 52584000.0,
        "Reconciled Cost Of Revenue": 237401000.0,
        "EBITDA": 116737000.0,
        "EBIT": 64153000.0,
        "Net Interest Income": 44977000.0,
        "Interest Expense": 6549000.0,
        "Interest Income": 51526000.0,
        "Normalized Income": 47013000.0,
        "Net Income From Continuing And Discontinued Operation": 47013000.0,
        "Total Expenses": 950214000.0,
        "Total Operating Income As Reported": 13658000.0,
        "Diluted Average Shares": 251265000.0,
        "Basic Average Shares": 244091000.0,
        "Diluted EPS": 0.19,
        "Basic EPS": 0.19,
        "Diluted NI Availto Com Stockholders": 47013000.0,
        "Net Income Common Stockholders": 47013000.0,
        "Net Income": 47013000.0,
        "Minority Interests": 323000.0,
        "Net Income Including Noncontrolling Interests": 46690000.0,
        "Net Income Continuous Operations": 46690000.0,
        "Tax Provision": 10914000.0,
        "Pretax Income": 57604000.0,
        "Other Income Expense": -1031000.0,
        "Other Non Operating Income Expenses": -1031000.0,
        "Net Non Operating Interest Income Expense": 44977000.0,
        "Interest Expense Non Operating": 6549000.0,
        "Interest Income Non Operating": 51526000.0,
        "Operating Income": 13658000.0,
        "Operating Expense": 712813000.0,
        "Research And Development": 250908000.0,
        "Selling General And Administration": 461905000.0,
        "Selling And Marketing Expense": 355471000.0,
        "General And Administrative Expense": 106434000.0,
        "Other Gand A": 106434000.0,
        "Gross Profit": 726471000.0,
        "Cost Of Revenue": 237401000.0,
        "Total Revenue": 963872000.0,
        "Operating Revenue": 963872000.0
    },
    "2024-10-31": {
        "Tax Effect Of Unusual Items": 0.0,
        "Tax Rate For Calcs": 0.21,
        "Normalized EBITDA": 51297000.0,
        "Net Income From Continuing Operation Net Minority Interest": -16822000.0,
        "Reconciled Depreciation": 55248000.0,
        "Reconciled Cost Of Revenue": 255087000.0,
        "EBITDA": 51297000.0,
        "EBIT": -3951000.0,
        "Net Interest Income": 45614000.0,
        "Interest Expense": 6587000.0,
        "Interest Income": 52201000.0,
        "Normalized Income": -16822000.0,
        "Net Income From Continuing And Discontinued Operation": -16822000.0,
        "Total Expenses": 1065901000.0,
        "Total Operating Income As Reported": -55723000.0,
        "Diluted Average Shares": 245536000.0,
        "Basic Average Shares": 245536000.0,
        "Diluted EPS": -0.07,
        "Basic EPS": -0.07,
        "Diluted NI Availto Com Stockholders": -16822000.0,
        "Net Income Common Stockholders": -16822000.0,
        "Net Income": -16822000.0,
        "Minority Interests": -3000.0,
        "Net Income Including Noncontrolling Interests": -16819000.0,
        "Net Income Continuous Operations": -16819000.0,
        "Tax Provision": 6281000.0,
        "Pretax Income": -10538000.0,
        "Other Income Expense": -429000.0,
        "Other Non Operating Income Expenses": -429000.0,
        "Net Non Operating Interest Income Expense": 45614000.0,
        "Interest Expense Non Operating": 6587000.0,
        "Interest Income Non Operating": 52201000.0,
        "Operating Income": -55723000.0,
        "Operating Expense": 810814000.0,
        "Research And Development": 275602000.0,
        "Selling General And Administration": 535212000.0,
        "Selling And Marketing Expense": 408267000.0,
        "General And Administrative Expense": 126945000.0,
        "Other Gand A": 126945000.0,
        "Gross Profit": 755091000.0,
        "Cost Of Revenue": 255087000.0,
        "Total Revenue": 1010178000.0,
        "Operating Revenue": 1010178000.0
    }
}