{
    "2023-03-31": {
        "Tax Effect Of Unusual Items": NaN,
        "Tax Rate For Calcs": NaN,
        "Normalized EBITDA": NaN,
        "Total Unusual Items": 0.0,
        "Total Unusual Items Excluding Goodwill": 0.0,
        "Net Income From Continuing Operation Net Minority Interest": NaN,
        "Reconciled Depreciation": NaN,
        "Reconciled Cost Of Revenue": NaN,
        "EBITDA": NaN,
        "EBIT": NaN,
        "Net Interest Income": NaN,
        "Normalized Income": NaN,
        "Net Income From Continuing And Discontinued Operation": NaN,
        "Total Expenses": NaN,
        "Total Operating Income As Reported": NaN,
        "Diluted Average Shares": NaN,
        "Basic Average Shares": NaN,
        "Diluted EPS": NaN,
        "Basic EPS": NaN,
        "Diluted NI Availto Com Stockholders": NaN,
        "Net Income Common Stockholders": NaN,
        "Net Income": NaN,
        "Net Income Including Noncontrolling Interests": NaN,
        "Net Income Continuous Operations": NaN,
        "Tax Provision": NaN,
        "Pretax Income": NaN,
        "Other Income Expense": NaN,
        "Other Non Operating Income Expenses": NaN,
        "Special Income Charges": 0.0,
        "Gain On Sale Of Ppe": 0.0,
        "Other Special Charges": 0.0,
        "Net Non Operating Interest Income Expense": NaN,
        "Total Other Finance Cost": NaN,
        "Operating Income": NaN,
        "Operating Expense": NaN,
        "Selling General And Administration": NaN,
        "Selling And Marketing Expense": NaN,
        "Gross Profit": NaN,
        "Cost Of Revenue": NaN,
        "Total Revenue": NaN,
        "Operating Revenue": NaN
    },
    "2022-12-31": {
        "Tax Effect Of Unusual Items": NaN,
        "Tax Rate For Calcs": NaN,
        "Normalized EBITDA": NaN,
        "Total Unusual Items": NaN,
        "Total Unusual Items Excluding Goodwill": NaN,
        "Net Income From Continuing Operation Net Minority Interest": NaN,
        "Reconciled Depreciation": NaN,
        "Reconciled Cost Of Revenue": NaN,
        "EBITDA": NaN,
        "EBIT": NaN,
        "Net Interest Income": NaN,
        "Normalized Income": NaN,
        "Net Income From Continuing And Discontinued Operation": NaN,
        "Total Expenses": NaN,
        "Total Operating Income As Reported": NaN,
        "Diluted Average Shares": NaN,
        "Basic Average Shares": NaN,
        "Diluted EPS": NaN,
        "Basic EPS": NaN,
        "Diluted NI Availto Com Stockholders": NaN,
        "Net Income Common Stockholders": NaN,
        "Net Income": NaN,
        "Net Income Including Noncontrolling Interests": NaN,
        "Net Income Continuous Operations": NaN,
        "Tax Provision": NaN,
        "Pretax Income": NaN,
        "Other Income Expense": NaN,
        "Other Non Operating Income Expenses": NaN,
        "Special Income Charges": NaN,
        "Gain On Sale Of Ppe": NaN,
        "Other Special Charges": NaN,
        "Net Non Operating Interest Income Expense": NaN,
        "Total Other Finance Cost": NaN,
        "Operating Income": NaN,
        "Operating Expense": NaN,
        "Selling General And Administration": NaN,
        "Selling And Marketing Expense": 2742000.0,
        "Gross Profit": NaN,
        "Cost Of Revenue": NaN,
        "Total Revenue": NaN,
        "Operating Revenue": NaN
    },
    "2022-09-30": {
        "Tax Effect Of Unusual Items": 0.0,
        "Tax Rate For Calcs": 0.24751,
        "Normalized EBITDA": 3439000.0,
        "Total Unusual Items": 0.0,
        "Total Unusual Items Excluding Goodwill": 0.0,
        "Net Income From Continuing Operation Net Minority Interest": 2040000.0,
        "Reconciled Depreciation": 729000.0,
        "Reconciled Cost Of Revenue": 13280000.0,
        "EBITDA": 3439000.0,
        "EBIT": 2710000.0,
        "Net Interest Income": 4000.0,
        "Normalized Income": 2040000.0,
        "Net Income From Continuing And Discontinued Operation": 2040000.0,
        "Total Expenses": 16016000.0,
        "Total Operating Income As Reported": 2710000.0,
        "Diluted Average Shares": 10116000.0,
        "Basic Average Shares": 10094000.0,
        "Diluted EPS": 0.2,
        "Basic EPS": 0.2,
        "Diluted NI Availto Com Stockholders": 2040000.0,
        "Net Income Common Stockholders": 2040000.0,
        "Net Income": 2040000.0,
        "Net Income Including Noncontrolling Interests": 2040000.0,
        "Net Income Continuous Operations": 2040000.0,
        "Tax Provision": 671000.0,
        "Pretax Income": 2711000.0,
        "Other Income Expense": -3000.0,
        "Other Non Operating Income Expenses": -3000.0,
        "Special Income Charges": 0.0,
        "Gain On Sale Of Ppe": 0.0,
        "Other Special Charges": NaN,
        "Net Non Operating Interest Income Expense": 4000.0,
        "Total Other Finance Cost": -4000.0,
        "Operating Income": 2710000.0,
        "Operating Expense": 2736000.0,
        "Selling General And Administration": 2736000.0,
        "Gross Profit": 5446000.0,
        "Cost Of Revenue": 13280000.0,
        "Total Revenue": 18726000.0,
        "Operating Revenue": 18726000.0
    },
    "2022-06-30": {
        "Tax Effect Of Unusual Items": 8460.0,
        "Tax Rate For Calcs": 0.235,
        "Normalized EBITDA": 2598000.0,
        "Total Unusual Items": 36000.0,
        "Total Unusual Items Excluding Goodwill": 36000.0,
        "Net Income From Continuing Operation Net Minority Interest": 1434000.0,
        "Reconciled Depreciation": 731000.0,
        "Reconciled Cost Of Revenue": 10557000.0,
        "EBITDA": 2634000.0,
        "EBIT": 1903000.0,
        "Net Interest Income": -3000.0,
        "Interest Expense": 3000.0,
        "Normalized Income": 1406460.0,
        "Net Income From Continuing And Discontinued Operation": 1434000.0,
        "Total Expenses": 13970000.0,
        "Total Operating Income As Reported": 1740000.0,
        "Diluted Average Shares": 10100000.0,
        "Basic Average Shares": 10076000.0,
        "Diluted EPS": 0.14,
        "Basic EPS": 0.14,
        "Diluted NI Availto Com Stockholders": 1434000.0,
        "Net Income Common Stockholders": 1434000.0,
        "Net Income": 1434000.0,
        "Net Income Including Noncontrolling Interests": 1434000.0,
        "Net Income Continuous Operations": 1434000.0,
        "Tax Provision": 466000.0,
        "Pretax Income": 1900000.0,
        "Other Income Expense": 163000.0,
        "Other Non Operating Income Expenses": 127000.0,
        "Special Income Charges": 36000.0,
        "Gain On Sale Of Ppe": 2000.0,
        "Other Special Charges": -34000.0,
        "Net Non Operating Interest Income Expense": -3000.0,
        "Total Other Finance Cost": NaN,
        "Interest Expense Non Operating": 3000.0,
        "Operating Income": 1740000.0,
        "Operating Expense": 3413000.0,
        "Selling General And Administration": 3413000.0,
        "Gross Profit": 5153000.0,
        "Cost Of Revenue": 10557000.0,
        "Total Revenue": 15710000.0,
        "Operating Revenue": 15710000.0
    },
    "2022-03-31": {
        "Diluted EPS": 0.23,
        "Total Revenue": 26,
        "Gross Profit": 6,
        "Operating Income": 3,
        "EBIT": 4,
        "Net Income": 2
    },
    "2021-12-31": {
        "Diluted EPS": 0.24,
        "Total Revenue": 23,
        "Gross Profit": 6,
        "Operating Income": 3,
        "EBIT": 4,
        "Net Income": 2
    },
    "2021-09-30": {
        "Diluted EPS": 0.24,
        "Total Revenue": 20,
        "Gross Profit": 6,
        "Operating Income": 3,
        "EBIT": 4,
        "Net Income": 2
    },
    "2021-06-30": {
        "Diluted EPS": 0.27,
        "Total Revenue": 19,
        "Gross Profit": 5,
        "Operating Income": 1,
        "EBIT": 2,
        "Net Income": 3
    },
    "2021-03-31": {
        "Diluted EPS": 0.03,
        "Total Revenue": 22,
        "Gross Profit": 6,
        "Operating Income": 0,
        "EBIT": 1,
        "Net Income": 0
    },
    "2020-12-31": {
        "Diluted EPS": 0.21,
        "Total Revenue": 19,
        "Gross Profit": 6,
        "Operating Income": 3,
        "EBIT": 4,
        "Net Income": 2
    },
    "2020-09-30": {
        "Diluted EPS": 0.24,
        "Total Revenue": 22,
        "Gross Profit": 7,
        "Operating Income": 3,
        "EBIT": 4,
        "Net Income": 2
    },
    "2020-06-30": {
        "Diluted EPS": 0.12,
        "Total Revenue": 16,
        "Gross Profit": 5,
        "Operating Income": 2,
        "EBIT": 3,
        "Net Income": 1
    },
    "2020-03-31": {
        "Diluted EPS": 0.15,
        "Total Revenue": 20,
        "Gross Profit": 5,
        "Operating Income": 2,
        "EBIT": 3,
        "Net Income": 2
    },
    "2019-12-31": {
        "Diluted EPS": 0.21,
        "Total Revenue": 19,
        "Gross Profit": 6,
        "Operating Income": 2,
        "EBIT": 3,
        "Net Income": 2
    },
    "2019-09-30": {
        "Diluted EPS": 0.18,
        "Total Revenue": 19,
        "Gross Profit": 6,
        "Operating Income": 2,
        "EBIT": 3,
        "Net Income": 2
    },
    "2019-06-30": {
        "Diluted EPS": 0.11,
        "Total Revenue": 16,
        "Gross Profit": 5,
        "Operating Income": 1,
        "EBIT": 2,
        "Net Income": 1
    },
    "2019-03-31": {
        "Diluted EPS": 0.14,
        "Total Revenue": 22,
        "Gross Profit": 6,
        "Operating Income": 2,
        "EBIT": 2,
        "Net Income": 1
    },
    "2018-12-31": {
        "Diluted EPS": 0.15,
        "Total Revenue": 19,
        "Gross Profit": 6,
        "Operating Income": 2,
        "EBIT": 3,
        "Net Income": 2
    },
    "2018-09-30": {
        "Diluted EPS": 0.18,
        "Total Revenue": 21,
        "Gross Profit": 6,
        "Operating Income": 3,
        "EBIT": 3,
        "Net Income": 2
    },
    "2018-06-30": {
        "Diluted EPS": 0.03,
        "Total Revenue": 15,
        "Gross Profit": 4,
        "Operating Income": 0,
        "EBIT": 1,
        "Net Income": 0
    },
    "2018-03-31": {
        "Diluted EPS": 0.13,
        "Total Revenue": 23,
        "Gross Profit": 6,
        "Operating Income": 2,
        "EBIT": 2,
        "Net Income": 1
    },
    "2017-12-31": {
        "Diluted EPS": 0.05,
        "Total Revenue": 17,
        "Gross Profit": 5,
        "Operating Income": 2,
        "EBIT": 2,
        "Net Income": 1
    },
    "2017-09-30": {
        "Diluted EPS": 0.07,
        "Total Revenue": 16,
        "Gross Profit": 5,
        "Operating Income": 1,
        "EBIT": 2,
        "Net Income": 1
    },
    "2017-06-30": {
        "Diluted EPS": 0.05,
        "Total Revenue": 14,
        "Gross Profit": 4,
        "Operating Income": 1,
        "EBIT": 1,
        "Net Income": 1
    },
    "2017-03-31": {
        "Diluted EPS": 0.15,
        "Total Revenue": 17,
        "Gross Profit": 5,
        "Operating Income": 3,
        "EBIT": 3,
        "Net Income": 2
    },
    "2016-12-31": {
        "Diluted EPS": 0.19,
        "Total Revenue": 17,
        "Gross Profit": 6,
        "Operating Income": 3,
        "EBIT": 3,
        "Net Income": 2
    },
    "2016-09-30": {
        "Diluted EPS": 0.1,
        "Total Revenue": 16,
        "Gross Profit": 4,
        "Operating Income": 2,
        "EBIT": 2,
        "Net Income": 1
    },
    "2016-06-30": {
        "Diluted EPS": 0.11,
        "Total Revenue": 16,
        "Gross Profit": 4,
        "Operating Income": 1,
        "EBIT": 2,
        "Net Income": 1
    },
    "2016-03-31": {
        "Diluted EPS": 0.22,
        "Total Revenue": 25,
        "Gross Profit": 7,
        "Operating Income": 4,
        "EBIT": 4,
        "Net Income": 2
    },
    "2015-12-31": {
        "Diluted EPS": 0.21,
        "Total Revenue": 21,
        "Gross Profit": 6,
        "Operating Income": 3,
        "EBIT": 3,
        "Net Income": 2
    },
    "2015-09-30": {
        "Diluted EPS": 0.16,
        "Total Revenue": 21,
        "Gross Profit": 6,
        "Operating Income": 3,
        "EBIT": 3,
        "Net Income": 2
    },
    "2015-06-30": {
        "Diluted EPS": 0.09,
        "Total Revenue": 18,
        "Gross Profit": 5,
        "Operating Income": 2,
        "EBIT": 2,
        "Net Income": 1
    },
    "2015-03-31": {
        "Diluted EPS": 0.22,
        "Total Revenue": 26,
        "Gross Profit": 7,
        "Operating Income": 3,
        "EBIT": 4,
        "Net Income": 2
    },
    "2014-12-31": {
        "Diluted EPS": 0.2,
        "Total Revenue": 24,
        "Gross Profit": 7,
        "Operating Income": 3,
        "EBIT": 4,
        "Net Income": 2
    },
    "2014-09-30": {
        "Diluted EPS": 0.08,
        "Total Revenue": 20,
        "Gross Profit": 6,
        "Operating Income": 1,
        "EBIT": 2,
        "Net Income": 1
    },
    "2014-06-30": {
        "Diluted EPS": 0.07,
        "Total Revenue": 16,
        "Gross Profit": 4,
        "Operating Income": 1,
        "EBIT": 1,
        "Net Income": 1
    },
    "2014-03-31": {
        "Diluted EPS": 0.21,
        "Total Revenue": 24,
        "Gross Profit": 6,
        "Operating Income": 3,
        "EBIT": 4,
        "Net Income": 2
    },
    "2013-12-31": {
        "Diluted EPS": 0.18,
        "Total Revenue": 21,
        "Gross Profit": 6,
        "Operating Income": 3,
        "EBIT": 3,
        "Net Income": 2
    },
    "2013-09-30": {
        "Diluted EPS": 0.12,
        "Total Revenue": 20,
        "Gross Profit": 6,
        "Operating Income": 2,
        "EBIT": 2,
        "Net Income": 1
    },
    "2013-06-30": {
        "Diluted EPS": 0.08,
        "Total Revenue": 17,
        "Gross Profit": 4,
        "Operating Income": 1,
        "EBIT": 2,
        "Net Income": 1
    },
    "2013-03-31": {
        "Diluted EPS": 0.19,
        "Total Revenue": 24,
        "Gross Profit": 6,
        "Operating Income": 3,
        "EBIT": 3,
        "Net Income": 2
    },
    "2012-12-31": {
        "Diluted EPS": 0.16,
        "Total Revenue": 20,
        "Gross Profit": 5,
        "Operating Income": 3,
        "EBIT": 3,
        "Net Income": 2
    },
    "2012-09-30": {
        "Diluted EPS": 0.08,
        "Total Revenue": 17,
        "Gross Profit": 4,
        "Operating Income": 1,
        "EBIT": 1,
        "Net Income": 1
    },
    "2012-06-30": {
        "Diluted EPS": 0.09,
        "Total Revenue": 17,
        "Gross Profit": 4,
        "Operating Income": 1,
        "EBIT": 2,
        "Net Income": 1
    },
    "2012-03-31": {
        "Diluted EPS": 0.2,
        "Total Revenue": 25,
        "Gross Profit": 6,
        "Operating Income": 3,
        "EBIT": 3,
        "Net Income": 2
    },
    "2011-12-31": {
        "Diluted EPS": 0.16,
        "Total Revenue": 22,
        "Gross Profit": 5,
        "Operating Income": 3,
        "EBIT": 3,
        "Net Income": 2
    },
    "2011-09-30": {
        "Diluted EPS": 0.11,
        "Total Revenue": 21,
        "Gross Profit": 5,
        "Operating Income": 2,
        "EBIT": 2,
        "Net Income": 1
    },
    "2011-06-30": {
        "Diluted EPS": 0.05,
        "Total Revenue": 17,
        "Gross Profit": 4,
        "Operating Income": 1,
        "EBIT": 1,
        "Net Income": 1
    },
    "2011-03-31": {
        "Diluted EPS": 0.17,
        "Total Revenue": 27,
        "Gross Profit": 6,
        "Operating Income": 3,
        "EBIT": 3,
        "Net Income": 2
    },
    "2010-12-31": {
        "Diluted EPS": 0.08,
        "Total Revenue": 22,
        "Gross Profit": 4,
        "Operating Income": 1,
        "EBIT": 2,
        "Net Income": 1
    },
    "2010-09-30": {
        "Diluted EPS": 0.12,
        "Total Revenue": 24,
        "Gross Profit": 6,
        "Operating Income": 2,
        "EBIT": 3,
        "Net Income": 1
    },
    "2010-06-30": {
        "Diluted EPS": 0.08,
        "Total Revenue": 17,
        "Gross Profit": 4,
        "Operating Income": 1,
        "EBIT": 2,
        "Net Income": 1
    },
    "2010-03-31": {
        "Diluted EPS": 0.26,
        "Total Revenue": 26,
        "Gross Profit": 7,
        "Operating Income": 4,
        "EBIT": 5,
        "Net Income": 2
    },
    "2009-12-31": {
        "Diluted EPS": 0.12,
        "Total Revenue": 21,
        "Gross Profit": 5,
        "Operating Income": 2,
        "EBIT": 2,
        "Net Income": 1
    },
    "2009-09-30": {
        "Diluted EPS": 0.08,
        "Total Revenue": 22,
        "Gross Profit": 5,
        "Operating Income": 2,
        "EBIT": 2,
        "Net Income": 1
    },
    "2009-06-30": {
        "Diluted EPS": 0.06,
        "Total Revenue": 18,
        "Gross Profit": 4,
        "Operating Income": 1,
        "EBIT": 2,
        "Net Income": 1
    },
    "2009-03-31": {
        "Diluted EPS": -1.12,
        "Total Revenue": 25,
        "Gross Profit": 6,
        "Operating Income": -11,
        "EBIT": 4,
        "Net Income": -11
    },
    "2023-06-30": {
        "Tax Effect Of Unusual Items": NaN,
        "Tax Rate For Calcs": NaN,
        "Normalized EBITDA": NaN,
        "Total Unusual Items": 0.0,
        "Total Unusual Items Excluding Goodwill": 0.0,
        "Net Income From Continuing Operation Net Minority Interest": NaN,
        "Reconciled Depreciation": NaN,
        "Reconciled Cost Of Revenue": NaN,
        "EBITDA": NaN,
        "EBIT": NaN,
        "Net Interest Income": NaN,
        "Normalized Income": NaN,
        "Net Income From Continuing And Discontinued Operation": NaN,
        "Total Expenses": NaN,
        "Total Operating Income As Reported": NaN,
        "Diluted Average Shares": 10163000.0,
        "Basic Average Shares": 10154000.0,
        "Diluted EPS": 0.04,
        "Basic EPS": 0.04,
        "Diluted NI Availto Com Stockholders": NaN,
        "Net Income Common Stockholders": NaN,
        "Net Income": NaN,
        "Net Income Including Noncontrolling Interests": NaN,
        "Net Income Continuous Operations": NaN,
        "Tax Provision": NaN,
        "Pretax Income": NaN,
        "Other Income Expense": NaN,
        "Other Non Operating Income Expenses": NaN,
        "Special Income Charges": 0.0,
        "Gain On Sale Of Ppe": 0.0,
        "Net Non Operating Interest Income Expense": NaN,
        "Total Other Finance Cost": NaN,
        "Operating Income": NaN,
        "Operating Expense": NaN,
        "Selling General And Administration": NaN,
        "Selling And Marketing Expense": NaN,
        "Gross Profit": NaN,
        "Cost Of Revenue": NaN,
        "Total Revenue": NaN,
        "Operating Revenue": NaN
    },
    "2023-09-30": {
        "Tax Effect Of Unusual Items": 0.0,
        "Tax Rate For Calcs": 0.231872,
        "Normalized EBITDA": 3965000.0,
        "Total Unusual Items": 0.0,
        "Total Unusual Items Excluding Goodwill": 0.0,
        "Net Income From Continuing Operation Net Minority Interest": 1822000.0,
        "Reconciled Depreciation": 1405000.0,
        "Reconciled Cost Of Revenue": 17533000.0,
        "EBITDA": 3965000.0,
        "EBIT": 2560000.0,
        "Net Interest Income": -164000.0,
        "Normalized Income": 1822000.0,
        "Net Income From Continuing And Discontinued Operation": 1822000.0,
        "Total Expenses": 21569000.0,
        "Total Operating Income As Reported": 2560000.0,
        "Diluted Average Shares": 10201000.0,
        "Basic Average Shares": 10199000.0,
        "Diluted EPS": 0.18,
        "Basic EPS": 0.18,
        "Diluted NI Availto Com Stockholders": 1822000.0,
        "Net Income Common Stockholders": 1822000.0,
        "Net Income": 1822000.0,
        "Net Income Including Noncontrolling Interests": 1822000.0,
        "Net Income Continuous Operations": 1822000.0,
        "Tax Provision": 550000.0,
        "Pretax Income": 2372000.0,
        "Other Income Expense": -24000.0,
        "Other Non Operating Income Expenses": -24000.0,
        "Special Income Charges": 0.0,
        "Gain On Sale Of Ppe": 0.0,
        "Net Non Operating Interest Income Expense": -164000.0,
        "Total Other Finance Cost": 164000.0,
        "Operating Income": 2560000.0,
        "Operating Expense": 4036000.0,
        "Selling General And Administration": 4036000.0,
        "Selling And Marketing Expense": NaN,
        "Gross Profit": 6596000.0,
        "Cost Of Revenue": 17533000.0,
        "Total Revenue": 24129000.0,
        "Operating Revenue": 24129000.0
    },
    "2023-12-31": {
        "Tax Effect Of Unusual Items": 13006.381039,
        "Tax Rate For Calcs": 0.224248,
        "Normalized EBITDA": 3770000.0,
        "Total Unusual Items": 58000.0,
        "Total Unusual Items Excluding Goodwill": 58000.0,
        "Net Income From Continuing Operation Net Minority Interest": 1702000.0,
        "Reconciled Depreciation": 1501000.0,
        "Reconciled Cost Of Revenue": 17367000.0,
        "EBITDA": 3828000.0,
        "EBIT": 2327000.0,
        "Net Interest Income": -208000.0,
        "Normalized Income": 1657006.381039,
        "Net Income From Continuing And Discontinued Operation": 1702000.0,
        "Total Expenses": 21474000.0,
        "Total Operating Income As Reported": 2327000.0,
        "Diluted Average Shares": 10241000.0,
        "Basic Average Shares": 10241000.0,
        "Diluted EPS": 0.17,
        "Basic EPS": 0.17,
        "Diluted NI Availto Com Stockholders": 1702000.0,
        "Net Income Common Stockholders": 1702000.0,
        "Net Income": 1702000.0,
        "Net Income Including Noncontrolling Interests": 1702000.0,
        "Net Income Continuous Operations": 1702000.0,
        "Tax Provision": 492000.0,
        "Pretax Income": 2194000.0,
        "Other Income Expense": 75000.0,
        "Other Non Operating Income Expenses": 17000.0,
        "Special Income Charges": 58000.0,
        "Gain On Sale Of Ppe": 58000.0,
        "Net Non Operating Interest Income Expense": -208000.0,
        "Total Other Finance Cost": 208000.0,
        "Operating Income": 2327000.0,
        "Operating Expense": 4107000.0,
        "Selling General And Administration": 4107000.0,
        "Selling And Marketing Expense": 4107000.0,
        "Gross Profit": 6434000.0,
        "Cost Of Revenue": 17367000.0,
        "Total Revenue": 23801000.0,
        "Operating Revenue": 23801000.0
    },
    "2024-03-31": {
        "Tax Effect Of Unusual Items": 0.0,
        "Tax Rate For Calcs": 0.131488,
        "Normalized EBITDA": 2786000.0,
        "Total Unusual Items": 0.0,
        "Total Unusual Items Excluding Goodwill": 0.0,
        "Net Income From Continuing Operation Net Minority Interest": 1004000.0,
        "Reconciled Depreciation": 1474000.0,
        "Reconciled Cost Of Revenue": 17351000.0,
        "EBITDA": 2786000.0,
        "EBIT": 1312000.0,
        "Net Interest Income": -174000.0,
        "Normalized Income": 1004000.0,
        "Net Income From Continuing And Discontinued Operation": 1004000.0,
        "Total Expenses": 21267000.0,
        "Total Operating Income As Reported": 1312000.0,
        "Diluted Average Shares": NaN,
        "Basic Average Shares": NaN,
        "Diluted EPS": NaN,
        "Basic EPS": NaN,
        "Diluted NI Availto Com Stockholders": 1004000.0,
        "Net Income Common Stockholders": 1004000.0,
        "Net Income": 1004000.0,
        "Net Income Including Noncontrolling Interests": 1004000.0,
        "Net Income Continuous Operations": 1004000.0,
        "Tax Provision": 152000.0,
        "Pretax Income": 1156000.0,
        "Other Income Expense": 18000.0,
        "Other Non Operating Income Expenses": 18000.0,
        "Special Income Charges": 0.0,
        "Gain On Sale Of Ppe": 0.0,
        "Net Non Operating Interest Income Expense": -174000.0,
        "Total Other Finance Cost": 174000.0,
        "Operating Income": 1312000.0,
        "Operating Expense": 3916000.0,
        "Selling General And Administration": 3916000.0,
        "Selling And Marketing Expense": NaN,
        "Gross Profit": 5228000.0,
        "Cost Of Revenue": 17351000.0,
        "Total Revenue": 22579000.0,
        "Operating Revenue": 22579000.0
    },
    "2024-06-30": {
        "Tax Effect Of Unusual Items": 0.0,
        "Tax Rate For Calcs": 0.166,
        "Normalized EBITDA": 1171000.0,
        "Total Unusual Items": NaN,
        "Total Unusual Items Excluding Goodwill": NaN,
        "Net Income From Continuing Operation Net Minority Interest": -322000.0,
        "Reconciled Depreciation": 1468000.0,
        "Reconciled Cost Of Revenue": 12246000.0,
        "EBITDA": 1171000.0,
        "EBIT": -297000.0,
        "Net Interest Income": -101000.0,
        "Normalized Income": -322000.0,
        "Net Income From Continuing And Discontinued Operation": -322000.0,
        "Total Expenses": 16509000.0,
        "Total Operating Income As Reported": -297000.0,
        "Diluted Average Shares": 10311000.0,
        "Basic Average Shares": 10311000.0,
        "Diluted EPS": -0.03,
        "Basic EPS": -0.03,
        "Diluted NI Availto Com Stockholders": -322000.0,
        "Net Income Common Stockholders": -322000.0,
        "Net Income": -322000.0,
        "Net Income Including Noncontrolling Interests": -322000.0,
        "Net Income Continuous Operations": -322000.0,
        "Tax Provision": -64000.0,
        "Pretax Income": -386000.0,
        "Other Income Expense": 12000.0,
        "Other Non Operating Income Expenses": 12000.0,
        "Special Income Charges": NaN,
        "Gain On Sale Of Ppe": NaN,
        "Net Non Operating Interest Income Expense": -101000.0,
        "Total Other Finance Cost": 101000.0,
        "Operating Income": -297000.0,
        "Operating Expense": 4263000.0,
        "Selling General And Administration": 4263000.0,
        "Selling And Marketing Expense": NaN,
        "Gross Profit": 3966000.0,
        "Cost Of Revenue": 12246000.0,
        "Total Revenue": 16212000.0,
        "Operating Revenue": 16212000.0
    },
    "2024-09-30": {
        "Tax Effect Of Unusual Items": 0.0,
        "Tax Rate For Calcs": 0.236912,
        "Normalized EBITDA": 3029000.0,
        "Total Unusual Items": NaN,
        "Total Unusual Items Excluding Goodwill": NaN,
        "Net Income From Continuing Operation Net Minority Interest": 860000.0,
        "Reconciled Depreciation": 1520000.0,
        "Reconciled Cost Of Revenue": 17503000.0,
        "EBITDA": 3029000.0,
        "EBIT": 1509000.0,
        "Net Interest Income": -348000.0,
        "Normalized Income": 860000.0,
        "Net Income From Continuing And Discontinued Operation": 860000.0,
        "Total Expenses": 22951000.0,
        "Total Operating Income As Reported": 1509000.0,
        "Diluted Average Shares": 10355000.0,
        "Basic Average Shares": 10354000.0,
        "Diluted EPS": 0.08,
        "Basic EPS": 0.08,
        "Diluted NI Availto Com Stockholders": 860000.0,
        "Net Income Common Stockholders": 860000.0,
        "Net Income": 860000.0,
        "Net Income Including Noncontrolling Interests": 860000.0,
        "Net Income Continuous Operations": 860000.0,
        "Tax Provision": 267000.0,
        "Pretax Income": 1127000.0,
        "Other Income Expense": -34000.0,
        "Other Non Operating Income Expenses": -34000.0,
        "Special Income Charges": NaN,
        "Gain On Sale Of Ppe": NaN,
        "Net Non Operating Interest Income Expense": -348000.0,
        "Total Other Finance Cost": 348000.0,
        "Operating Income": 1509000.0,
        "Operating Expense": 5448000.0,
        "Selling General And Administration": 5448000.0,
        "Selling And Marketing Expense": NaN,
        "Gross Profit": 6957000.0,
        "Cost Of Revenue": 17503000.0,
        "Total Revenue": 24460000.0,
        "Operating Revenue": 24460000.0
    }
}