{
    "2023-06-30": {
        "Tax Effect Of Unusual Items": NaN,
        "Tax Rate For Calcs": NaN,
        "Normalized EBITDA": NaN,
        "Net Income From Continuing Operation Net Minority Interest": NaN,
        "Reconciled Depreciation": NaN,
        "Reconciled Cost Of Revenue": NaN,
        "EBITDA": NaN,
        "EBIT": NaN,
        "Net Interest Income": NaN,
        "Interest Income": 51900000.0,
        "Normalized Income": NaN,
        "Net Income From Continuing And Discontinued Operation": NaN,
        "Total Expenses": NaN,
        "Total Operating Income As Reported": NaN,
        "Diluted Average Shares": NaN,
        "Basic Average Shares": NaN,
        "Diluted EPS": NaN,
        "Basic EPS": NaN,
        "Diluted NI Availto Com Stockholders": NaN,
        "Net Income Common Stockholders": NaN,
        "Net Income": NaN,
        "Net Income Including Noncontrolling Interests": NaN,
        "Net Income Continuous Operations": NaN,
        "Tax Provision": NaN,
        "Pretax Income": NaN,
        "Other Income Expense": NaN,
        "Other Non Operating Income Expenses": NaN,
        "Net Non Operating Interest Income Expense": NaN,
        "Total Other Finance Cost": -51911000.0,
        "Interest Income Non Operating": 51900000.0,
        "Operating Income": NaN,
        "Operating Expense": NaN,
        "Other Operating Expenses": NaN,
        "Depreciation Amortization Depletion Income Statement": NaN,
        "Depreciation And Amortization In Income Statement": NaN,
        "Amortization": NaN,
        "Amortization Of Intangibles Income Statement": NaN,
        "Depreciation Income Statement": NaN,
        "Research And Development": NaN,
        "Selling General And Administration": NaN,
        "Selling And Marketing Expense": NaN,
        "General And Administrative Expense": NaN,
        "Other Gand A": NaN,
        "Gross Profit": NaN,
        "Cost Of Revenue": NaN,
        "Total Revenue": NaN,
        "Operating Revenue": NaN
    },
    "2023-03-31": {
        "Tax Effect Of Unusual Items": NaN,
        "Tax Rate For Calcs": NaN,
        "Normalized EBITDA": NaN,
        "Net Income From Continuing Operation Net Minority Interest": NaN,
        "Reconciled Depreciation": NaN,
        "Reconciled Cost Of Revenue": NaN,
        "EBITDA": NaN,
        "EBIT": NaN,
        "Net Interest Income": NaN,
        "Interest Income": NaN,
        "Normalized Income": NaN,
        "Net Income From Continuing And Discontinued Operation": NaN,
        "Total Expenses": NaN,
        "Total Operating Income As Reported": NaN,
        "Diluted Average Shares": NaN,
        "Basic Average Shares": NaN,
        "Diluted EPS": NaN,
        "Basic EPS": NaN,
        "Diluted NI Availto Com Stockholders": NaN,
        "Net Income Common Stockholders": NaN,
        "Net Income": NaN,
        "Net Income Including Noncontrolling Interests": NaN,
        "Net Income Continuous Operations": NaN,
        "Tax Provision": NaN,
        "Pretax Income": NaN,
        "Other Income Expense": NaN,
        "Other Non Operating Income Expenses": NaN,
        "Net Non Operating Interest Income Expense": NaN,
        "Total Other Finance Cost": -43500000.0,
        "Interest Income Non Operating": NaN,
        "Operating Income": NaN,
        "Operating Expense": NaN,
        "Other Operating Expenses": NaN,
        "Depreciation Amortization Depletion Income Statement": NaN,
        "Depreciation And Amortization In Income Statement": NaN,
        "Amortization": NaN,
        "Amortization Of Intangibles Income Statement": NaN,
        "Depreciation Income Statement": NaN,
        "Research And Development": NaN,
        "Selling General And Administration": NaN,
        "Selling And Marketing Expense": NaN,
        "General And Administrative Expense": NaN,
        "Other Gand A": NaN,
        "Gross Profit": NaN,
        "Cost Of Revenue": NaN,
        "Total Revenue": NaN,
        "Operating Revenue": NaN
    },
    "2022-12-31": {
        "Tax Effect Of Unusual Items": 0.0,
        "Tax Rate For Calcs": 0.220409,
        "Normalized EBITDA": 155064000.0,
        "Net Income From Continuing Operation Net Minority Interest": 124372000.0,
        "Reconciled Depreciation": 27902000.0,
        "Reconciled Cost Of Revenue": 94231000.0,
        "EBITDA": 155064000.0,
        "EBIT": 127162000.0,
        "Net Interest Income": 32586000.0,
        "Normalized Income": 124372000.0,
        "Net Income From Continuing And Discontinued Operation": 124372000.0,
        "Total Expenses": 446183000.0,
        "Total Operating Income As Reported": 127162000.0,
        "Diluted Average Shares": 406087000.0,
        "Basic Average Shares": 404185000.0,
        "Diluted EPS": 0.31,
        "Basic EPS": 0.31,
        "Diluted NI Availto Com Stockholders": 124372000.0,
        "Net Income Common Stockholders": 124372000.0,
        "Net Income": 124372000.0,
        "Net Income Including Noncontrolling Interests": 124372000.0,
        "Net Income Continuous Operations": 124372000.0,
        "Tax Provision": 35163000.0,
        "Pretax Income": 159535000.0,
        "Other Income Expense": -213000.0,
        "Other Non Operating Income Expenses": -213000.0,
        "Net Non Operating Interest Income Expense": 32586000.0,
        "Total Other Finance Cost": -32586000.0,
        "Operating Income": 127162000.0,
        "Operating Expense": 336989000.0,
        "Depreciation Amortization Depletion Income Statement": 12939000.0,
        "Depreciation And Amortization In Income Statement": 12939000.0,
        "Amortization": 12939000.0,
        "Amortization Of Intangibles Income Statement": 12939000.0,
        "Research And Development": 58403000.0,
        "Selling General And Administration": 265647000.0,
        "Selling And Marketing Expense": 173486000.0,
        "General And Administrative Expense": 92161000.0,
        "Other Gand A": 92161000.0,
        "Gross Profit": 464151000.0,
        "Cost Of Revenue": 109194000.0,
        "Total Revenue": 573345000.0,
        "Operating Revenue": 573345000.0
    },
    "2022-09-30": {
        "Tax Effect Of Unusual Items": 0.0,
        "Tax Rate For Calcs": 0.257605,
        "Normalized EBITDA": 131185000.0,
        "Net Income From Continuing Operation Net Minority Interest": 72290000.0,
        "Reconciled Depreciation": 45856000.0,
        "Reconciled Cost Of Revenue": 92159000.0,
        "EBITDA": 131185000.0,
        "EBIT": 85329000.0,
        "Net Interest Income": 10656000.0,
        "Normalized Income": 72290000.0,
        "Net Income From Continuing And Discontinued Operation": 72290000.0,
        "Total Expenses": 471592000.0,
        "Total Operating Income As Reported": 85329000.0,
        "Diluted Average Shares": 396209000.0,
        "Basic Average Shares": 394712000.0,
        "Diluted EPS": 0.18,
        "Basic EPS": 0.18,
        "Diluted NI Availto Com Stockholders": 72290000.0,
        "Net Income Common Stockholders": 72290000.0,
        "Net Income": 72290000.0,
        "Net Income Including Noncontrolling Interests": 72290000.0,
        "Net Income Continuous Operations": 72290000.0,
        "Tax Provision": 25084000.0,
        "Pretax Income": 97374000.0,
        "Other Income Expense": 1389000.0,
        "Other Non Operating Income Expenses": 1389000.0,
        "Net Non Operating Interest Income Expense": 10656000.0,
        "Total Other Finance Cost": -10656000.0,
        "Operating Income": 85329000.0,
        "Operating Expense": 363228000.0,
        "Depreciation Amortization Depletion Income Statement": 29651000.0,
        "Depreciation And Amortization In Income Statement": 29651000.0,
        "Amortization": 29651000.0,
        "Amortization Of Intangibles Income Statement": 29651000.0,
        "Research And Development": 56912000.0,
        "Selling General And Administration": 276665000.0,
        "Selling And Marketing Expense": 185395000.0,
        "General And Administrative Expense": 91270000.0,
        "Other Gand A": 91270000.0,
        "Gross Profit": 448557000.0,
        "Cost Of Revenue": 108364000.0,
        "Total Revenue": 556921000.0,
        "Operating Revenue": 556921000.0
    },
    "2022-06-30": {
        "Tax Effect Of Unusual Items": 0.0,
        "Tax Rate For Calcs": 0.22801,
        "Normalized EBITDA": 143463000.0,
        "Net Income From Continuing Operation Net Minority Interest": 83473000.0,
        "Reconciled Depreciation": 31937000.0,
        "Reconciled Cost Of Revenue": 83912000.0,
        "EBITDA": 143463000.0,
        "EBIT": 111526000.0,
        "Net Interest Income": -3399000.0,
        "Interest Expense": 3399000.0,
        "Normalized Income": 83473000.0,
        "Net Income From Continuing And Discontinued Operation": 83473000.0,
        "Total Expenses": 426125000.0,
        "Total Operating Income As Reported": 110183000.0,
        "Diluted Average Shares": 394478000.0,
        "Basic Average Shares": 393342000.0,
        "Diluted EPS": 0.21,
        "Basic EPS": 0.21,
        "Diluted NI Availto Com Stockholders": 83473000.0,
        "Net Income Common Stockholders": 83473000.0,
        "Net Income": 83473000.0,
        "Net Income Including Noncontrolling Interests": 83473000.0,
        "Net Income Continuous Operations": 83473000.0,
        "Tax Provision": 24654000.0,
        "Pretax Income": 108127000.0,
        "Other Income Expense": 1343000.0,
        "Other Non Operating Income Expenses": 1343000.0,
        "Net Non Operating Interest Income Expense": -3399000.0,
        "Total Other Finance Cost": NaN,
        "Interest Expense Non Operating": 3399000.0,
        "Operating Income": 110183000.0,
        "Operating Expense": 325154000.0,
        "Depreciation Amortization Depletion Income Statement": 14878000.0,
        "Depreciation And Amortization In Income Statement": 14878000.0,
        "Amortization": 14878000.0,
        "Amortization Of Intangibles Income Statement": 14878000.0,
        "Research And Development": 51587000.0,
        "Selling General And Administration": 258689000.0,
        "Selling And Marketing Expense": 181344000.0,
        "General And Administrative Expense": 77345000.0,
        "Other Gand A": 77345000.0,
        "Gross Profit": 435337000.0,
        "Cost Of Revenue": 100971000.0,
        "Total Revenue": 536308000.0,
        "Operating Revenue": 536308000.0
    },
    "2022-03-31": {
        "Diluted EPS": 0.23,
        "Total Revenue": 516,
        "Gross Profit": 420,
        "Operating Income": 128,
        "EBIT": 179,
        "Net Income": 89
    },
    "2021-12-31": {
        "Diluted EPS": 0.23,
        "Total Revenue": 507,
        "Gross Profit": 420,
        "Operating Income": 140,
        "EBIT": 195,
        "Net Income": 93
    },
    "2021-09-30": {
        "Diluted EPS": 0.16,
        "Total Revenue": 499,
        "Gross Profit": 407,
        "Operating Income": 90,
        "EBIT": 140,
        "Net Income": 64
    },
    "2021-06-30": {
        "Diluted EPS": 0.16,
        "Total Revenue": 480,
        "Gross Profit": 391,
        "Operating Income": 101,
        "EBIT": 150,
        "Net Income": 61
    },
    "2021-03-31": {
        "Diluted EPS": 0.19,
        "Total Revenue": 458,
        "Gross Profit": 369,
        "Operating Income": 101,
        "EBIT": 153,
        "Net Income": 74
    },
    "2020-12-31": {
        "Diluted EPS": 0.08,
        "Total Revenue": 444,
        "Gross Profit": 366,
        "Operating Income": 55,
        "EBIT": 104,
        "Net Income": 36
    },
    "2020-09-30": {
        "Diluted EPS": 0.15,
        "Total Revenue": 426,
        "Gross Profit": 348,
        "Operating Income": 77,
        "EBIT": 124,
        "Net Income": 58
    },
    "2020-06-30": {
        "Diluted EPS": 0.16,
        "Total Revenue": 397,
        "Gross Profit": 323,
        "Operating Income": 81,
        "EBIT": 124,
        "Net Income": 60
    },
    "2020-03-31": {
        "Diluted EPS": 0.2,
        "Total Revenue": 392,
        "Gross Profit": 313,
        "Operating Income": 76,
        "EBIT": 115,
        "Net Income": 73
    },
    "2019-12-31": {
        "Diluted EPS": 0.24,
        "Total Revenue": 375,
        "Gross Profit": 300,
        "Operating Income": 101,
        "EBIT": 139,
        "Net Income": 88
    },
    "2019-09-30": {
        "Diluted EPS": 0.22,
        "Total Revenue": 353,
        "Gross Profit": 282,
        "Operating Income": 94,
        "EBIT": 127,
        "Net Income": 79
    },
    "2019-06-30": {
        "Diluted EPS": 0.17,
        "Total Revenue": 344,
        "Gross Profit": 272,
        "Operating Income": 75,
        "EBIT": 107,
        "Net Income": 63
    },
    "2019-03-31": {
        "Diluted EPS": 0.23,
        "Total Revenue": 328,
        "Gross Profit": 257,
        "Operating Income": 93,
        "EBIT": 126,
        "Net Income": 85
    },
    "2018-12-31": {
        "Diluted EPS": 0.23,
        "Total Revenue": 316,
        "Gross Profit": 247,
        "Operating Income": 106,
        "EBIT": 138,
        "Net Income": 84
    },
    "2018-09-30": {
        "Diluted EPS": 0.16,
        "Total Revenue": 306,
        "Gross Profit": 233,
        "Operating Income": 71,
        "EBIT": 103,
        "Net Income": 59
    },
    "2018-06-30": {
        "Diluted EPS": 0.12,
        "Total Revenue": 297,
        "Gross Profit": 230,
        "Operating Income": 44,
        "EBIT": 77,
        "Net Income": 44
    },
    "2018-03-31": {
        "Diluted EPS": 0.14,
        "Total Revenue": 274,
        "Gross Profit": 211,
        "Operating Income": 53,
        "EBIT": 83,
        "Net Income": 52
    },
    "2017-12-31": {
        "Diluted EPS": 0.13,
        "Total Revenue": 254,
        "Gross Profit": 196,
        "Operating Income": 51,
        "EBIT": 66,
        "Net Income": 44
    },
    "2017-09-30": {
        "Diluted EPS": 0.1,
        "Total Revenue": 248,
        "Gross Profit": 192,
        "Operating Income": 58,
        "EBIT": 73,
        "Net Income": 34
    },
    "2017-06-30": {
        "Diluted EPS": 0.07,
        "Total Revenue": 237,
        "Gross Profit": 182,
        "Operating Income": 28,
        "EBIT": 44,
        "Net Income": 22
    },
    "2017-03-31": {
        "Diluted EPS": 0.07,
        "Total Revenue": 227,
        "Gross Profit": 175,
        "Operating Income": 38,
        "EBIT": 56,
        "Net Income": 22
    },
    "2016-12-31": {
        "Diluted EPS": 0.09,
        "Total Revenue": 218,
        "Gross Profit": 172,
        "Operating Income": 47,
        "EBIT": 65,
        "Net Income": 30
    },
    "2016-09-30": {
        "Diluted EPS": 0.07,
        "Total Revenue": 213,
        "Gross Profit": 170,
        "Operating Income": 40,
        "EBIT": 58,
        "Net Income": 23
    },
    "2016-06-30": {
        "Diluted EPS": 0.05,
        "Total Revenue": 207,
        "Gross Profit": 164,
        "Operating Income": 28,
        "EBIT": 46,
        "Net Income": 16
    },
    "2016-03-31": {
        "Diluted EPS": 0.05,
        "Total Revenue": 200,
        "Gross Profit": 157,
        "Operating Income": 30,
        "EBIT": 49,
        "Net Income": 17
    },
    "2015-12-31": {
        "Diluted EPS": 0.07,
        "Total Revenue": 193,
        "Gross Profit": 148,
        "Operating Income": 36,
        "EBIT": 56,
        "Net Income": 23
    },
    "2015-09-30": {
        "Diluted EPS": -0.02,
        "Total Revenue": 189,
        "Gross Profit": 135,
        "Operating Income": 0,
        "EBIT": 23,
        "Net Income": -5
    },
    "2015-06-30": {
        "Diluted EPS": -0.05,
        "Total Revenue": 171,
        "Gross Profit": 126,
        "Operating Income": -20,
        "EBIT": -1,
        "Net Income": -15
    },
    "2015-03-31": {
        "Diluted EPS": -0.02,
        "Total Revenue": 159,
        "Gross Profit": 114,
        "Operating Income": -4,
        "EBIT": 15,
        "Net Income": -6
    },
    "2014-12-31": {
        "Diluted EPS": 0.04,
        "Total Revenue": 156,
        "Gross Profit": 113,
        "Operating Income": 23,
        "EBIT": 44,
        "Net Income": 14
    },
    "2014-09-30": {
        "Diluted EPS": 0.04,
        "Total Revenue": 153,
        "Gross Profit": 112,
        "Operating Income": 23,
        "EBIT": 45,
        "Net Income": 13
    },
    "2014-06-30": {
        "Diluted EPS": 0.03,
        "Total Revenue": 148,
        "Gross Profit": 108,
        "Operating Income": 17,
        "EBIT": 38,
        "Net Income": 8
    },
    "2014-03-31": {
        "Diluted EPS": 0.03,
        "Total Revenue": 119,
        "Gross Profit": 85,
        "Operating Income": 17,
        "EBIT": 28,
        "Net Income": 10
    },
    "2013-12-31": {
        "Diluted EPS": 0.05,
        "Total Revenue": 116,
        "Gross Profit": 84,
        "Operating Income": 22,
        "EBIT": 32,
        "Net Income": 13
    },
    "2013-09-30": {
        "Diluted EPS": 0.04,
        "Total Revenue": 112,
        "Gross Profit": 81,
        "Operating Income": 20,
        "EBIT": 31,
        "Net Income": 11
    },
    "2013-06-30": {
        "Diluted EPS": 0.03,
        "Total Revenue": 109,
        "Gross Profit": 77,
        "Operating Income": 15,
        "EBIT": 26,
        "Net Income": 8
    },
    "2013-03-31": {
        "Diluted EPS": -0.01,
        "Total Revenue": 104,
        "Gross Profit": 70,
        "Operating Income": -3,
        "EBIT": 8,
        "Net Income": -2
    },
    "2012-12-31": {
        "Diluted EPS": 0.02,
        "Total Revenue": 100,
        "Gross Profit": 69,
        "Operating Income": 10,
        "EBIT": 21,
        "Net Income": 5
    },
    "2012-09-30": {
        "Diluted EPS": 0.02,
        "Total Revenue": 96,
        "Gross Profit": 65,
        "Operating Income": 9,
        "EBIT": 20,
        "Net Income": 7
    },
    "2012-06-30": {
        "Diluted EPS": -0.03,
        "Total Revenue": 85,
        "Gross Profit": 57,
        "Operating Income": 0,
        "EBIT": 9,
        "Net Income": -7
    },
    "2012-03-31": {
        "Diluted EPS": 0.02,
        "Total Revenue": 69,
        "Gross Profit": 44,
        "Operating Income": 9,
        "EBIT": 12,
        "Net Income": 5
    },
    "2011-12-31": {
        "Diluted EPS": 0.02,
        "Total Revenue": 66,
        "Gross Profit": 44,
        "Operating Income": 8,
        "EBIT": 11,
        "Net Income": 5
    },
    "2011-09-30": {
        "Diluted EPS": 0.01,
        "Total Revenue": 64,
        "Gross Profit": 43,
        "Operating Income": 3,
        "EBIT": 6,
        "Net Income": 2
    },
    "2011-06-30": {
        "Diluted EPS": 0.01,
        "Total Revenue": 62,
        "Gross Profit": 40,
        "Operating Income": 4,
        "EBIT": 7,
        "Net Income": 3
    },
    "2011-03-31": {
        "Diluted EPS": 0.02,
        "Total Revenue": 60,
        "Gross Profit": 37,
        "Operating Income": 7,
        "EBIT": 11,
        "Net Income": 5
    },
    "2010-12-31": {
        "Diluted EPS": 0.02,
        "Total Revenue": 58,
        "Gross Profit": 37,
        "Operating Income": 7,
        "EBIT": 10,
        "Net Income": 4
    },
    "2010-09-30": {
        "Diluted EPS": 0.02,
        "Total Revenue": 57,
        "Gross Profit": 36,
        "Operating Income": 6,
        "EBIT": 9,
        "Net Income": 3
    },
    "2010-06-30": {
        "Diluted EPS": 0.02,
        "Total Revenue": 56,
        "Gross Profit": 35,
        "Operating Income": 4,
        "EBIT": 8,
        "Net Income": 3
    },
    "2010-03-31": {
        "Diluted EPS": 0.01,
        "Total Revenue": 55,
        "Gross Profit": 34,
        "Operating Income": 5,
        "EBIT": 9,
        "Net Income": 3
    },
    "2009-12-31": {
        "Diluted EPS": 0.02,
        "Total Revenue": 55,
        "Gross Profit": 34,
        "Operating Income": 6,
        "EBIT": 10,
        "Net Income": 4
    },
    "2009-09-30": {
        "Diluted EPS": 0.02,
        "Total Revenue": 54,
        "Gross Profit": 34,
        "Operating Income": 7,
        "EBIT": 11,
        "Net Income": 4
    },
    "2009-06-30": {
        "Diluted EPS": 0.02,
        "Total Revenue": 50,
        "Gross Profit": 33,
        "Operating Income": 8,
        "EBIT": 12,
        "Net Income": 5
    },
    "2009-03-31": {
        "Diluted EPS": 0.03,
        "Total Revenue": 51,
        "Gross Profit": 34,
        "Operating Income": 11,
        "EBIT": 14,
        "Net Income": 6
    },
    "2023-09-30": {
        "Tax Effect Of Unusual Items": 0.0,
        "Tax Rate For Calcs": 0.248133,
        "Normalized EBITDA": 88700000.0,
        "Net Income From Continuing Operation Net Minority Interest": 90600000.0,
        "Reconciled Depreciation": 27100000.0,
        "Reconciled Cost Of Revenue": 106800000.0,
        "EBITDA": 88700000.0,
        "EBIT": 61600000.0,
        "Net Interest Income": 58400000.0,
        "Interest Income": 58400000.0,
        "Normalized Income": 90600000.0,
        "Net Income From Continuing And Discontinued Operation": 90600000.0,
        "Total Expenses": 563100000.0,
        "Total Operating Income As Reported": 61600000.0,
        "Diluted Average Shares": 407200000.0,
        "Basic Average Shares": 405600000.0,
        "Diluted EPS": 0.22,
        "Basic EPS": 0.22,
        "Diluted NI Availto Com Stockholders": 90600000.0,
        "Net Income Common Stockholders": 90600000.0,
        "Net Income": 90600000.0,
        "Net Income Including Noncontrolling Interests": 90600000.0,
        "Net Income Continuous Operations": 90600000.0,
        "Tax Provision": 29900000.0,
        "Pretax Income": 120500000.0,
        "Other Income Expense": 500000.0,
        "Other Non Operating Income Expenses": 500000.0,
        "Net Non Operating Interest Income Expense": 58400000.0,
        "Total Other Finance Cost": -58422000.0,
        "Interest Income Non Operating": 58400000.0,
        "Operating Income": 61600000.0,
        "Operating Expense": 439400000.0,
        "Other Operating Expenses": NaN,
        "Depreciation Amortization Depletion Income Statement": 10200000.0,
        "Depreciation And Amortization In Income Statement": 10200000.0,
        "Amortization": 10200000.0,
        "Amortization Of Intangibles Income Statement": 10200000.0,
        "Depreciation Income Statement": NaN,
        "Research And Development": 67900000.0,
        "Selling General And Administration": 361300000.0,
        "Selling And Marketing Expense": 266900000.0,
        "General And Administrative Expense": 94400000.0,
        "Other Gand A": 94400000.0,
        "Gross Profit": 501000000.0,
        "Cost Of Revenue": 123700000.0,
        "Total Revenue": 624700000.0,
        "Operating Revenue": 624700000.0
    },
    "2023-12-31": {
        "Tax Effect Of Unusual Items": 0.0,
        "Tax Rate For Calcs": 0.273548,
        "Normalized EBITDA": 98024000.0,
        "Net Income From Continuing Operation Net Minority Interest": 96475000.0,
        "Reconciled Depreciation": 28685000.0,
        "Reconciled Cost Of Revenue": 118480000.0,
        "EBITDA": 98024000.0,
        "EBIT": 69339000.0,
        "Net Interest Income": 59719000.0,
        "Interest Income": NaN,
        "Normalized Income": 96475000.0,
        "Net Income From Continuing And Discontinued Operation": 96475000.0,
        "Total Expenses": 570720000.0,
        "Total Operating Income As Reported": 69339000.0,
        "Diluted Average Shares": 407500000.0,
        "Basic Average Shares": 405800000.0,
        "Diluted EPS": 0.24,
        "Basic EPS": 0.24,
        "Diluted NI Availto Com Stockholders": 96475000.0,
        "Net Income Common Stockholders": 96475000.0,
        "Net Income": 96475000.0,
        "Net Income Including Noncontrolling Interests": 96475000.0,
        "Net Income Continuous Operations": 96475000.0,
        "Tax Provision": 36328000.0,
        "Pretax Income": 132803000.0,
        "Other Income Expense": 3745000.0,
        "Other Non Operating Income Expenses": 3745000.0,
        "Net Non Operating Interest Income Expense": 59719000.0,
        "Total Other Finance Cost": -59719000.0,
        "Interest Income Non Operating": NaN,
        "Operating Income": 69339000.0,
        "Operating Expense": 434444000.0,
        "Other Operating Expenses": NaN,
        "Depreciation Amortization Depletion Income Statement": 10889000.0,
        "Depreciation And Amortization In Income Statement": 10889000.0,
        "Amortization": 10889000.0,
        "Amortization Of Intangibles Income Statement": 10889000.0,
        "Depreciation Income Statement": NaN,
        "Research And Development": 69750000.0,
        "Selling General And Administration": 353805000.0,
        "Selling And Marketing Expense": 246747000.0,
        "General And Administrative Expense": 107058000.0,
        "Other Gand A": 107058000.0,
        "Gross Profit": 503783000.0,
        "Cost Of Revenue": 136276000.0,
        "Total Revenue": 640059000.0,
        "Operating Revenue": 640059000.0
    },
    "2024-03-31": {
        "Tax Effect Of Unusual Items": 0.0,
        "Tax Rate For Calcs": 0.21,
        "Normalized EBITDA": -14600000.0,
        "Net Income From Continuing Operation Net Minority Interest": 6700000.0,
        "Reconciled Depreciation": 33300000.0,
        "Reconciled Cost Of Revenue": 122500000.0,
        "EBITDA": -14600000.0,
        "EBIT": -47900000.0,
        "Net Interest Income": 56200000.0,
        "Interest Income": NaN,
        "Normalized Income": 6700000.0,
        "Net Income From Continuing And Discontinued Operation": 6700000.0,
        "Total Expenses": 704300000.0,
        "Total Operating Income As Reported": -42800000.0,
        "Diluted Average Shares": 407300000.0,
        "Basic Average Shares": 405600000.0,
        "Diluted EPS": 0.02,
        "Basic EPS": 0.02,
        "Diluted NI Availto Com Stockholders": 6700000.0,
        "Net Income Common Stockholders": 6700000.0,
        "Net Income": 6700000.0,
        "Net Income Including Noncontrolling Interests": 6700000.0,
        "Net Income Continuous Operations": 6700000.0,
        "Tax Provision": 4800000.0,
        "Pretax Income": 11500000.0,
        "Other Income Expense": 3200000.0,
        "Other Non Operating Income Expenses": 3200000.0,
        "Net Non Operating Interest Income Expense": 56200000.0,
        "Total Other Finance Cost": -56200000.0,
        "Interest Income Non Operating": NaN,
        "Operating Income": -47900000.0,
        "Operating Expense": 563100000.0,
        "Other Operating Expenses": 1500000.0,
        "Depreciation Amortization Depletion Income Statement": 14600000.0,
        "Depreciation And Amortization In Income Statement": 14600000.0,
        "Amortization": 11000000.0,
        "Amortization Of Intangibles Income Statement": 11000000.0,
        "Depreciation Income Statement": 3600000.0,
        "Research And Development": 82400000.0,
        "Selling General And Administration": 464600000.0,
        "Selling And Marketing Expense": 366100000.0,
        "General And Administrative Expense": 98500000.0,
        "Other Gand A": 98500000.0,
        "Gross Profit": 515200000.0,
        "Cost Of Revenue": 141200000.0,
        "Total Revenue": 656400000.0,
        "Operating Revenue": 656400000.0
    },
    "2024-06-30": {
        "Tax Effect Of Unusual Items": 0.0,
        "Tax Rate For Calcs": 0.21,
        "Normalized EBITDA": 22700000.0,
        "Net Income From Continuing Operation Net Minority Interest": 19200000.0,
        "Reconciled Depreciation": 38800000.0,
        "Reconciled Cost Of Revenue": 107200000.0,
        "EBITDA": 22700000.0,
        "EBIT": -16100000.0,
        "Net Interest Income": 53500000.0,
        "Interest Income": 53500000.0,
        "Normalized Income": 19200000.0,
        "Net Income From Continuing And Discontinued Operation": 19200000.0,
        "Total Expenses": 693900000.0,
        "Total Operating Income As Reported": -16100000.0,
        "Diluted Average Shares": 407400000.0,
        "Basic Average Shares": 406000000.0,
        "Diluted EPS": 0.05,
        "Basic EPS": 0.05,
        "Diluted NI Availto Com Stockholders": 19200000.0,
        "Net Income Common Stockholders": 19200000.0,
        "Net Income": 19200000.0,
        "Net Income Including Noncontrolling Interests": 19200000.0,
        "Net Income Continuous Operations": 19200000.0,
        "Tax Provision": 16700000.0,
        "Pretax Income": 35900000.0,
        "Other Income Expense": -1500000.0,
        "Other Non Operating Income Expenses": -1500000.0,
        "Net Non Operating Interest Income Expense": 53500000.0,
        "Total Other Finance Cost": NaN,
        "Interest Income Non Operating": 53500000.0,
        "Operating Income": -16100000.0,
        "Operating Expense": 558100000.0,
        "Other Operating Expenses": NaN,
        "Depreciation Amortization Depletion Income Statement": 10200000.0,
        "Depreciation And Amortization In Income Statement": 10200000.0,
        "Amortization": 10200000.0,
        "Amortization Of Intangibles Income Statement": 10200000.0,
        "Depreciation Income Statement": NaN,
        "Research And Development": 79600000.0,
        "Selling General And Administration": 468300000.0,
        "Selling And Marketing Expense": 358400000.0,
        "General And Administrative Expense": 109900000.0,
        "Other Gand A": 109900000.0,
        "Gross Profit": 542000000.0,
        "Cost Of Revenue": 135800000.0,
        "Total Revenue": 677800000.0,
        "Operating Revenue": 677800000.0
    },
    "2024-09-30": {
        "Tax Effect Of Unusual Items": 0.0,
        "Tax Rate For Calcs": 0.317889,
        "Normalized EBITDA": 59200000.0,
        "Net Income From Continuing Operation Net Minority Interest": 53000000.0,
        "Reconciled Depreciation": 35500000.0,
        "Reconciled Cost Of Revenue": 115400000.0,
        "EBITDA": 59200000.0,
        "EBIT": 23700000.0,
        "Net Interest Income": 55600000.0,
        "Interest Income": 55600000.0,
        "Normalized Income": 53000000.0,
        "Net Income From Continuing And Discontinued Operation": 53000000.0,
        "Total Expenses": 668900000.0,
        "Total Operating Income As Reported": 23700000.0,
        "Diluted Average Shares": 408000000.0,
        "Basic Average Shares": 406800000.0,
        "Diluted EPS": 0.13,
        "Basic EPS": 0.13,
        "Diluted NI Availto Com Stockholders": 53000000.0,
        "Net Income Common Stockholders": 53000000.0,
        "Net Income": 53000000.0,
        "Net Income Including Noncontrolling Interests": 53000000.0,
        "Net Income Continuous Operations": 53000000.0,
        "Tax Provision": 24700000.0,
        "Pretax Income": 77700000.0,
        "Other Income Expense": -1600000.0,
        "Other Non Operating Income Expenses": -1600000.0,
        "Net Non Operating Interest Income Expense": 55600000.0,
        "Total Other Finance Cost": NaN,
        "Interest Income Non Operating": 55600000.0,
        "Operating Income": 23700000.0,
        "Operating Expense": 528300000.0,
        "Other Operating Expenses": NaN,
        "Depreciation Amortization Depletion Income Statement": 10300000.0,
        "Depreciation And Amortization In Income Statement": 10300000.0,
        "Amortization": 10300000.0,
        "Amortization Of Intangibles Income Statement": 10300000.0,
        "Depreciation Income Statement": NaN,
        "Research And Development": 81000000.0,
        "Selling General And Administration": 437000000.0,
        "Selling And Marketing Expense": 331200000.0,
        "General And Administrative Expense": 105800000.0,
        "Other Gand A": 105800000.0,
        "Gross Profit": 552000000.0,
        "Cost Of Revenue": 140600000.0,
        "Total Revenue": 692600000.0,
        "Operating Revenue": 692600000.0
    }
}