{
    "2023-03-31": {
        "Tax Effect Of Unusual Items": -1454320.0,
        "Tax Rate For Calcs": 0.28,
        "Normalized EBITDA": 58752000.0,
        "Total Unusual Items": -5194000.0,
        "Total Unusual Items Excluding Goodwill": -5194000.0,
        "Net Income From Continuing Operation Net Minority Interest": 20928000.0,
        "Reconciled Depreciation": 17228000.0,
        "Reconciled Cost Of Revenue": 143513000.0,
        "EBITDA": 53558000.0,
        "EBIT": 36330000.0,
        "Net Interest Income": -6650000.0,
        "Interest Expense": 7219000.0,
        "Interest Income": 569000.0,
        "Normalized Income": 24667680.0,
        "Net Income From Continuing And Discontinued Operation": 20928000.0,
        "Total Expenses": 255352000.0,
        "Total Operating Income As Reported": 38193000.0,
        "Diluted Average Shares": 30609000.0,
        "Basic Average Shares": 30418000.0,
        "Diluted EPS": 0.68,
        "Basic EPS": 0.69,
        "Diluted NI Availto Com Stockholders": 20928000.0,
        "Net Income Common Stockholders": 20928000.0,
        "Net Income": 20928000.0,
        "Net Income Including Noncontrolling Interests": 20928000.0,
        "Net Income Continuous Operations": 20928000.0,
        "Tax Provision": 8183000.0,
        "Pretax Income": 29111000.0,
        "Other Income Expense": -7626000.0,
        "Other Non Operating Income Expenses": -2432000.0,
        "Special Income Charges": -5194000.0,
        "Restructuring And Mergern Acquisition": 5194000.0,
        "Gain On Sale Of Security": NaN,
        "Net Non Operating Interest Income Expense": -6650000.0,
        "Interest Expense Non Operating": 7219000.0,
        "Interest Income Non Operating": 569000.0,
        "Operating Income": 43387000.0,
        "Operating Expense": 100331000.0,
        "Depreciation Amortization Depletion Income Statement": 5720000.0,
        "Depreciation And Amortization In Income Statement": 5720000.0,
        "Depreciation Income Statement": 5720000.0,
        "Research And Development": 35464000.0,
        "Selling General And Administration": 59147000.0,
        "Gross Profit": 143718000.0,
        "Cost Of Revenue": 155021000.0,
        "Total Revenue": 298739000.0,
        "Operating Revenue": 298739000.0
    },
    "2022-12-31": {
        "Tax Effect Of Unusual Items": NaN,
        "Tax Rate For Calcs": NaN,
        "Normalized EBITDA": NaN,
        "Total Unusual Items": NaN,
        "Total Unusual Items Excluding Goodwill": NaN,
        "Net Income From Continuing Operation Net Minority Interest": NaN,
        "Reconciled Depreciation": NaN,
        "Reconciled Cost Of Revenue": NaN,
        "EBITDA": NaN,
        "EBIT": NaN,
        "Net Interest Income": NaN,
        "Interest Expense": NaN,
        "Interest Income": NaN,
        "Normalized Income": NaN,
        "Net Income From Continuing And Discontinued Operation": NaN,
        "Total Expenses": NaN,
        "Total Operating Income As Reported": NaN,
        "Diluted Average Shares": NaN,
        "Basic Average Shares": NaN,
        "Diluted EPS": NaN,
        "Basic EPS": NaN,
        "Diluted NI Availto Com Stockholders": NaN,
        "Net Income Common Stockholders": NaN,
        "Net Income": NaN,
        "Net Income Including Noncontrolling Interests": NaN,
        "Net Income Continuous Operations": NaN,
        "Tax Provision": NaN,
        "Pretax Income": NaN,
        "Other Income Expense": NaN,
        "Other Non Operating Income Expenses": NaN,
        "Special Income Charges": NaN,
        "Restructuring And Mergern Acquisition": NaN,
        "Gain On Sale Of Security": 0.0,
        "Net Non Operating Interest Income Expense": NaN,
        "Interest Expense Non Operating": NaN,
        "Interest Income Non Operating": NaN,
        "Operating Income": NaN,
        "Operating Expense": NaN,
        "Depreciation Amortization Depletion Income Statement": NaN,
        "Depreciation And Amortization In Income Statement": NaN,
        "Depreciation Income Statement": NaN,
        "Research And Development": NaN,
        "Selling General And Administration": NaN,
        "Gross Profit": NaN,
        "Cost Of Revenue": NaN,
        "Total Revenue": NaN,
        "Operating Revenue": NaN
    },
    "2022-09-30": {
        "Tax Effect Of Unusual Items": -4730241.826923,
        "Tax Rate For Calcs": 0.33328,
        "Normalized EBITDA": 55798000.0,
        "Total Unusual Items": -14193000.0,
        "Total Unusual Items Excluding Goodwill": -14193000.0,
        "Net Income From Continuing Operation Net Minority Interest": 12481000.0,
        "Reconciled Depreciation": 18557000.0,
        "Reconciled Cost Of Revenue": 125801000.0,
        "EBITDA": 41605000.0,
        "EBIT": 23048000.0,
        "Net Interest Income": -4047000.0,
        "Interest Expense": 4328000.0,
        "Interest Income": 281000.0,
        "Normalized Income": 21943758.173077,
        "Net Income From Continuing And Discontinued Operation": 12481000.0,
        "Total Expenses": 239138000.0,
        "Total Operating Income As Reported": 19977000.0,
        "Diluted Average Shares": 31159000.0,
        "Basic Average Shares": 30941000.0,
        "Diluted EPS": 0.4,
        "Basic EPS": 0.4,
        "Diluted NI Availto Com Stockholders": 12481000.0,
        "Net Income Common Stockholders": 12481000.0,
        "Net Income": 12481000.0,
        "Net Income Including Noncontrolling Interests": 12481000.0,
        "Net Income Continuous Operations": 12481000.0,
        "Tax Provision": 6239000.0,
        "Pretax Income": 18720000.0,
        "Other Income Expense": -11403000.0,
        "Other Non Operating Income Expenses": 2790000.0,
        "Special Income Charges": -14193000.0,
        "Restructuring And Mergern Acquisition": 14193000.0,
        "Gain On Sale Of Security": NaN,
        "Net Non Operating Interest Income Expense": -4047000.0,
        "Interest Expense Non Operating": 4328000.0,
        "Interest Income Non Operating": 281000.0,
        "Operating Income": 34170000.0,
        "Operating Expense": 100676000.0,
        "Depreciation Amortization Depletion Income Statement": 5896000.0,
        "Depreciation And Amortization In Income Statement": 5896000.0,
        "Depreciation Income Statement": 5896000.0,
        "Research And Development": 35754000.0,
        "Selling General And Administration": 59026000.0,
        "Gross Profit": 134846000.0,
        "Cost Of Revenue": 138462000.0,
        "Total Revenue": 273308000.0,
        "Operating Revenue": 273308000.0
    },
    "2022-06-30": {
        "Tax Effect Of Unusual Items": -4901778.087927,
        "Tax Rate For Calcs": 0.25792,
        "Normalized EBITDA": 48578000.0,
        "Total Unusual Items": -19005000.0,
        "Total Unusual Items Excluding Goodwill": -19005000.0,
        "Net Income From Continuing Operation Net Minority Interest": 5317000.0,
        "Reconciled Depreciation": 19722000.0,
        "Reconciled Cost Of Revenue": 124063000.0,
        "EBITDA": 29573000.0,
        "EBIT": 9851000.0,
        "Net Interest Income": -2560000.0,
        "Interest Expense": 2686000.0,
        "Interest Income": 126000.0,
        "Normalized Income": 19420221.912073,
        "Net Income From Continuing And Discontinued Operation": 5317000.0,
        "Total Expenses": 235880000.0,
        "Total Operating Income As Reported": 7283000.0,
        "Diluted Average Shares": 31492000.0,
        "Basic Average Shares": 31301000.0,
        "Diluted EPS": 0.17,
        "Basic EPS": 0.17,
        "Diluted NI Availto Com Stockholders": 5317000.0,
        "Net Income Common Stockholders": 5317000.0,
        "Net Income": 5317000.0,
        "Net Income Including Noncontrolling Interests": 5317000.0,
        "Net Income Continuous Operations": 5317000.0,
        "Tax Provision": 1848000.0,
        "Pretax Income": 7165000.0,
        "Other Income Expense": -16563000.0,
        "Other Non Operating Income Expenses": 2442000.0,
        "Special Income Charges": -19005000.0,
        "Restructuring And Mergern Acquisition": 19005000.0,
        "Gain On Sale Of Security": NaN,
        "Net Non Operating Interest Income Expense": -2560000.0,
        "Interest Expense Non Operating": 2686000.0,
        "Interest Income Non Operating": 126000.0,
        "Operating Income": 26288000.0,
        "Operating Expense": 97746000.0,
        "Depreciation Amortization Depletion Income Statement": 5651000.0,
        "Depreciation And Amortization In Income Statement": 5651000.0,
        "Depreciation Income Statement": 5651000.0,
        "Research And Development": 34630000.0,
        "Selling General And Administration": 57465000.0,
        "Gross Profit": 124034000.0,
        "Cost Of Revenue": 138134000.0,
        "Total Revenue": 262168000.0,
        "Operating Revenue": 262168000.0
    },
    "2023-06-30": {
        "Tax Effect Of Unusual Items": -601750.0,
        "Tax Rate For Calcs": 0.29,
        "Normalized EBITDA": 46711000.0,
        "Total Unusual Items": -2075000.0,
        "Total Unusual Items Excluding Goodwill": -2075000.0,
        "Net Income From Continuing Operation Net Minority Interest": 13954000.0,
        "Reconciled Depreciation": 17086000.0,
        "Reconciled Cost Of Revenue": 139629000.0,
        "EBITDA": 44636000.0,
        "EBIT": 27550000.0,
        "Net Interest Income": -7065000.0,
        "Interest Expense": 7837000.0,
        "Interest Income": 772000.0,
        "Normalized Income": 15427250.0,
        "Net Income From Continuing And Discontinued Operation": 13954000.0,
        "Total Expenses": 256046000.0,
        "Total Operating Income As Reported": 28206000.0,
        "Diluted Average Shares": 30726000.0,
        "Basic Average Shares": 30629000.0,
        "Diluted EPS": 0.45,
        "Basic EPS": 0.46,
        "Diluted NI Availto Com Stockholders": 13954000.0,
        "Net Income Common Stockholders": 13954000.0,
        "Net Income": 13954000.0,
        "Net Income Including Noncontrolling Interests": 13954000.0,
        "Net Income Continuous Operations": 13954000.0,
        "Tax Provision": 5759000.0,
        "Pretax Income": 19713000.0,
        "Other Income Expense": -3503000.0,
        "Other Non Operating Income Expenses": -1428000.0,
        "Special Income Charges": -2075000.0,
        "Restructuring And Mergern Acquisition": 2075000.0,
        "Net Non Operating Interest Income Expense": -7065000.0,
        "Interest Expense Non Operating": 7837000.0,
        "Interest Income Non Operating": 772000.0,
        "Operating Income": 30281000.0,
        "Operating Expense": 104904000.0,
        "Depreciation Amortization Depletion Income Statement": 5573000.0,
        "Depreciation And Amortization In Income Statement": 5573000.0,
        "Depreciation Income Statement": 5573000.0,
        "Research And Development": 36645000.0,
        "Selling General And Administration": 62686000.0,
        "Gross Profit": 135185000.0,
        "Cost Of Revenue": 151142000.0,
        "Total Revenue": 286327000.0,
        "Operating Revenue": 286327000.0
    },
    "2022-03-31": {
        "Diluted EPS": 0.19,
        "Total Revenue": 264,
        "Gross Profit": 126,
        "Operating Income": 16,
        "EBIT": 36,
        "Net Income": 6
    },
    "2021-12-31": {
        "Diluted EPS": 0.55,
        "Total Revenue": 275,
        "Gross Profit": 133,
        "Operating Income": 28,
        "EBIT": 48,
        "Net Income": 17
    },
    "2021-09-30": {
        "Diluted EPS": 0.5,
        "Total Revenue": 263,
        "Gross Profit": 129,
        "Operating Income": 33,
        "EBIT": 52,
        "Net Income": 16
    },
    "2021-06-30": {
        "Diluted EPS": 0.6,
        "Total Revenue": 255,
        "Gross Profit": 122,
        "Operating Income": 32,
        "EBIT": 50,
        "Net Income": 19
    },
    "2021-03-31": {
        "Diluted EPS": 0.61,
        "Total Revenue": 253,
        "Gross Profit": 120,
        "Operating Income": 31,
        "EBIT": 49,
        "Net Income": 20
    },
    "2020-12-31": {
        "Diluted EPS": 0.42,
        "Total Revenue": 260,
        "Gross Profit": 125,
        "Operating Income": 24,
        "EBIT": 41,
        "Net Income": 13
    },
    "2020-09-30": {
        "Diluted EPS": 0.42,
        "Total Revenue": 244,
        "Gross Profit": 113,
        "Operating Income": 29,
        "EBIT": 46,
        "Net Income": 14
    },
    "2020-06-30": {
        "Diluted EPS": 0.32,
        "Total Revenue": 240,
        "Gross Profit": 102,
        "Operating Income": 20,
        "EBIT": 37,
        "Net Income": 10
    },
    "2020-03-31": {
        "Diluted EPS": 0.66,
        "Total Revenue": 246,
        "Gross Profit": 114,
        "Operating Income": 33,
        "EBIT": 50,
        "Net Income": 22
    },
    "2019-12-31": {
        "Diluted EPS": 0.7,
        "Total Revenue": 255,
        "Gross Profit": 123,
        "Operating Income": 30,
        "EBIT": 48,
        "Net Income": 23
    },
    "2019-09-30": {
        "Diluted EPS": 0.66,
        "Total Revenue": 251,
        "Gross Profit": 119,
        "Operating Income": 33,
        "EBIT": 49,
        "Net Income": 22
    },
    "2019-06-30": {
        "Diluted EPS": 0.6,
        "Total Revenue": 246,
        "Gross Profit": 114,
        "Operating Income": 30,
        "EBIT": 49,
        "Net Income": 19
    },
    "2019-03-31": {
        "Diluted EPS": 0.59,
        "Total Revenue": 245,
        "Gross Profit": 116,
        "Operating Income": 32,
        "EBIT": 50,
        "Net Income": 19
    },
    "2018-12-31": {
        "Diluted EPS": 0.64,
        "Total Revenue": 247,
        "Gross Profit": 117,
        "Operating Income": 29,
        "EBIT": 47,
        "Net Income": 21
    },
    "2018-09-30": {
        "Diluted EPS": 0.49,
        "Total Revenue": 213,
        "Gross Profit": 104,
        "Operating Income": 26,
        "EBIT": 42,
        "Net Income": 16
    },
    "2018-06-30": {
        "Diluted EPS": 0.46,
        "Total Revenue": 213,
        "Gross Profit": 104,
        "Operating Income": 24,
        "EBIT": 40,
        "Net Income": 15
    },
    "2018-03-31": {
        "Diluted EPS": 0.42,
        "Total Revenue": 202,
        "Gross Profit": 101,
        "Operating Income": 26,
        "EBIT": 40,
        "Net Income": 14
    },
    "2017-12-31": {
        "Diluted EPS": 0.46,
        "Total Revenue": 205,
        "Gross Profit": 105,
        "Operating Income": 26,
        "EBIT": 38,
        "Net Income": 15
    },
    "2017-09-30": {
        "Diluted EPS": 0.44,
        "Total Revenue": 199,
        "Gross Profit": 99,
        "Operating Income": 28,
        "EBIT": 40,
        "Net Income": 15
    },
    "2017-06-30": {
        "Diluted EPS": 0.35,
        "Total Revenue": 193,
        "Gross Profit": 95,
        "Operating Income": 24,
        "EBIT": 35,
        "Net Income": 12
    },
    "2017-03-31": {
        "Diluted EPS": 0.62,
        "Total Revenue": 192,
        "Gross Profit": 95,
        "Operating Income": 27,
        "EBIT": 39,
        "Net Income": 20
    },
    "2016-12-31": {
        "Diluted EPS": 0.38,
        "Total Revenue": 195,
        "Gross Profit": 96,
        "Operating Income": 25,
        "EBIT": 37,
        "Net Income": 13
    },
    "2016-09-30": {
        "Diluted EPS": 0.55,
        "Total Revenue": 189,
        "Gross Profit": 96,
        "Operating Income": 37,
        "EBIT": 48,
        "Net Income": 18
    },
    "2016-06-30": {
        "Diluted EPS": 0.33,
        "Total Revenue": 190,
        "Gross Profit": 97,
        "Operating Income": 29,
        "EBIT": 41,
        "Net Income": 11
    },
    "2016-03-31": {
        "Diluted EPS": 0.64,
        "Total Revenue": 186,
        "Gross Profit": 97,
        "Operating Income": 41,
        "EBIT": 53,
        "Net Income": 22
    },
    "2015-12-31": {
        "Diluted EPS": 0.7,
        "Total Revenue": 197,
        "Gross Profit": 102,
        "Operating Income": 34,
        "EBIT": 46,
        "Net Income": 24
    },
    "2015-09-30": {
        "Diluted EPS": 0.5,
        "Total Revenue": 187,
        "Gross Profit": 95,
        "Operating Income": 31,
        "EBIT": 43,
        "Net Income": 17
    },
    "2015-06-30": {
        "Diluted EPS": 0.39,
        "Total Revenue": 183,
        "Gross Profit": 91,
        "Operating Income": 26,
        "EBIT": 39,
        "Net Income": 13
    },
    "2015-03-31": {
        "Diluted EPS": 0.28,
        "Total Revenue": 186,
        "Gross Profit": 85,
        "Operating Income": 22,
        "EBIT": 35,
        "Net Income": 9
    },
    "2014-12-31": {
        "Diluted EPS": 0.35,
        "Total Revenue": 194,
        "Gross Profit": 95,
        "Operating Income": 19,
        "EBIT": 33,
        "Net Income": 11
    },
    "2014-09-30": {
        "Diluted EPS": 0.15,
        "Total Revenue": 185,
        "Gross Profit": 91,
        "Operating Income": 14,
        "EBIT": 27,
        "Net Income": 5
    },
    "2014-06-30": {
        "Diluted EPS": 0.28,
        "Total Revenue": 185,
        "Gross Profit": 91,
        "Operating Income": 22,
        "EBIT": 35,
        "Net Income": 9
    },
    "2014-03-31": {
        "Diluted EPS": 0.28,
        "Total Revenue": 188,
        "Gross Profit": 86,
        "Operating Income": 21,
        "EBIT": 34,
        "Net Income": 10
    },
    "2013-12-31": {
        "Diluted EPS": 0.08,
        "Total Revenue": 195,
        "Gross Profit": 100,
        "Operating Income": 16,
        "EBIT": 31,
        "Net Income": 3
    },
    "2013-09-30": {
        "Diluted EPS": 0.47,
        "Total Revenue": 186,
        "Gross Profit": 91,
        "Operating Income": 21,
        "EBIT": 36,
        "Net Income": 15
    },
    "2013-06-30": {
        "Diluted EPS": 0.37,
        "Total Revenue": 186,
        "Gross Profit": 91,
        "Operating Income": 22,
        "EBIT": 37,
        "Net Income": 12
    },
    "2013-03-31": {
        "Diluted EPS": 0.46,
        "Total Revenue": 181,
        "Gross Profit": 87,
        "Operating Income": 18,
        "EBIT": 34,
        "Net Income": 15
    },
    "2012-12-31": {
        "Diluted EPS": 0.49,
        "Total Revenue": 198,
        "Gross Profit": 97,
        "Operating Income": 22,
        "EBIT": 40,
        "Net Income": 16
    },
    "2012-09-30": {
        "Diluted EPS": 0.29,
        "Total Revenue": 190,
        "Gross Profit": 90,
        "Operating Income": 22,
        "EBIT": 41,
        "Net Income": 9
    },
    "2012-06-30": {
        "Diluted EPS": 0.37,
        "Total Revenue": 184,
        "Gross Profit": 91,
        "Operating Income": 24,
        "EBIT": 42,
        "Net Income": 12
    },
    "2012-03-31": {
        "Diluted EPS": 0.36,
        "Total Revenue": 185,
        "Gross Profit": 95,
        "Operating Income": 29,
        "EBIT": 46,
        "Net Income": 12
    },
    "2011-12-31": {
        "Diluted EPS": 0.34,
        "Total Revenue": 188,
        "Gross Profit": 97,
        "Operating Income": 27,
        "EBIT": 45,
        "Net Income": 11
    },
    "2011-09-30": {
        "Diluted EPS": 0.32,
        "Total Revenue": 183,
        "Gross Profit": 90,
        "Operating Income": 23,
        "EBIT": 41,
        "Net Income": 10
    },
    "2011-06-30": {
        "Diluted EPS": 0.27,
        "Total Revenue": 181,
        "Gross Profit": 90,
        "Operating Income": 22,
        "EBIT": 41,
        "Net Income": 9
    },
    "2011-03-31": {
        "Diluted EPS": 0.35,
        "Total Revenue": 183,
        "Gross Profit": 92,
        "Operating Income": 24,
        "EBIT": 42,
        "Net Income": 11
    },
    "2010-12-31": {
        "Diluted EPS": -0.06,
        "Total Revenue": 154,
        "Gross Profit": 80,
        "Operating Income": 21,
        "EBIT": 34,
        "Net Income": -2
    },
    "2010-09-30": {
        "Diluted EPS": 0.35,
        "Total Revenue": 134,
        "Gross Profit": 66,
        "Operating Income": 23,
        "EBIT": 34,
        "Net Income": 12
    },
    "2010-06-30": {
        "Diluted EPS": 0.35,
        "Total Revenue": 131,
        "Gross Profit": 57,
        "Operating Income": 15,
        "EBIT": 27,
        "Net Income": 11
    },
    "2010-03-31": {
        "Diluted EPS": 0.03,
        "Total Revenue": 130,
        "Gross Profit": 57,
        "Operating Income": 16,
        "EBIT": 28,
        "Net Income": 1
    },
    "2009-12-31": {
        "Diluted EPS": 0.25,
        "Total Revenue": 128,
        "Gross Profit": 55,
        "Operating Income": 16,
        "EBIT": 28,
        "Net Income": 8
    },
    "2009-09-30": {
        "Diluted EPS": 0.33,
        "Total Revenue": 125,
        "Gross Profit": 56,
        "Operating Income": 17,
        "EBIT": 28,
        "Net Income": 11
    },
    "2009-06-30": {
        "Diluted EPS": 0.31,
        "Total Revenue": 125,
        "Gross Profit": 57,
        "Operating Income": 20,
        "EBIT": 31,
        "Net Income": 11
    },
    "2009-03-31": {
        "Diluted EPS": 0.37,
        "Total Revenue": 124,
        "Gross Profit": 57,
        "Operating Income": 22,
        "EBIT": 31,
        "Net Income": 13
    },
    "2023-09-30": {
        "Tax Effect Of Unusual Items": -345600.0,
        "Tax Rate For Calcs": 0.3,
        "Normalized EBITDA": 53649000.0,
        "Total Unusual Items": -1152000.0,
        "Total Unusual Items Excluding Goodwill": -1152000.0,
        "Net Income From Continuing Operation Net Minority Interest": 18694000.0,
        "Reconciled Depreciation": 17778000.0,
        "Reconciled Cost Of Revenue": 140818000.0,
        "EBITDA": 52497000.0,
        "EBIT": 34719000.0,
        "Net Interest Income": -6861000.0,
        "Interest Expense": 8036000.0,
        "Interest Income": 1175000.0,
        "Normalized Income": 19500400.0,
        "Net Income From Continuing And Discontinued Operation": 18694000.0,
        "Total Expenses": 252985000.0,
        "Total Operating Income As Reported": 32731000.0,
        "Diluted Average Shares": 30284000.0,
        "Basic Average Shares": 30097000.0,
        "Diluted EPS": 0.62,
        "Basic EPS": 0.62,
        "Diluted NI Availto Com Stockholders": 18694000.0,
        "Net Income Common Stockholders": 18694000.0,
        "Net Income": 18694000.0,
        "Net Income Including Noncontrolling Interests": 18694000.0,
        "Net Income Continuous Operations": 18694000.0,
        "Tax Provision": 7989000.0,
        "Pretax Income": 26683000.0,
        "Other Income Expense": -339000.0,
        "Other Non Operating Income Expenses": 813000.0,
        "Special Income Charges": -1152000.0,
        "Restructuring And Mergern Acquisition": 1152000.0,
        "Net Non Operating Interest Income Expense": -6861000.0,
        "Interest Expense Non Operating": 8036000.0,
        "Interest Income Non Operating": 1175000.0,
        "Operating Income": 33883000.0,
        "Operating Expense": 100251000.0,
        "Depreciation Amortization Depletion Income Statement": 5862000.0,
        "Depreciation And Amortization In Income Statement": 5862000.0,
        "Depreciation Income Statement": 5862000.0,
        "Research And Development": 35292000.0,
        "Selling General And Administration": 59097000.0,
        "Gross Profit": 134134000.0,
        "Cost Of Revenue": 152734000.0,
        "Total Revenue": 286868000.0,
        "Operating Revenue": 286868000.0
    },
    "2023-12-31": {
        "Tax Effect Of Unusual Items": -1961363.690335,
        "Tax Rate For Calcs": 0.247803,
        "Normalized EBITDA": 52003000.0,
        "Total Unusual Items": -7915000.0,
        "Total Unusual Items Excluding Goodwill": -7915000.0,
        "Net Income From Continuing Operation Net Minority Interest": 12670000.0,
        "Reconciled Depreciation": 19160000.0,
        "Reconciled Cost Of Revenue": 143019000.0,
        "EBITDA": 44088000.0,
        "EBIT": 24928000.0,
        "Net Interest Income": -6264000.0,
        "Interest Expense": 8084000.0,
        "Interest Income": 1820000.0,
        "Normalized Income": 18623636.309665,
        "Net Income From Continuing And Discontinued Operation": 12670000.0,
        "Total Expenses": 264662000.0,
        "Total Operating Income As Reported": 24747000.0,
        "Diluted Average Shares": 28842000.0,
        "Basic Average Shares": 28607000.0,
        "Diluted EPS": 0.44,
        "Basic EPS": 0.44,
        "Diluted NI Availto Com Stockholders": 12670000.0,
        "Net Income Common Stockholders": 12670000.0,
        "Net Income": 12670000.0,
        "Net Income Including Noncontrolling Interests": 12670000.0,
        "Net Income Continuous Operations": 12670000.0,
        "Tax Provision": 4174000.0,
        "Pretax Income": 16844000.0,
        "Other Income Expense": -9554000.0,
        "Other Non Operating Income Expenses": -1639000.0,
        "Special Income Charges": -7915000.0,
        "Restructuring And Mergern Acquisition": 7915000.0,
        "Net Non Operating Interest Income Expense": -6264000.0,
        "Interest Expense Non Operating": 8084000.0,
        "Interest Income Non Operating": 1820000.0,
        "Operating Income": 32662000.0,
        "Operating Expense": 108517000.0,
        "Depreciation Amortization Depletion Income Statement": 6034000.0,
        "Depreciation And Amortization In Income Statement": 6034000.0,
        "Depreciation Income Statement": 6034000.0,
        "Research And Development": 35800000.0,
        "Selling General And Administration": 66683000.0,
        "Gross Profit": 141179000.0,
        "Cost Of Revenue": 156145000.0,
        "Total Revenue": 297324000.0,
        "Operating Revenue": 297324000.0
    },
    "2024-03-31": {
        "Tax Effect Of Unusual Items": -579420.0,
        "Tax Rate For Calcs": 0.29,
        "Normalized EBITDA": 53914000.0,
        "Total Unusual Items": -1998000.0,
        "Total Unusual Items Excluding Goodwill": -1998000.0,
        "Net Income From Continuing Operation Net Minority Interest": 19467000.0,
        "Reconciled Depreciation": 16945000.0,
        "Reconciled Cost Of Revenue": 146578000.0,
        "EBITDA": 51916000.0,
        "EBIT": 34971000.0,
        "Net Interest Income": -4890000.0,
        "Interest Expense": 7506000.0,
        "Interest Income": 2616000.0,
        "Normalized Income": 20885580.0,
        "Net Income From Continuing And Discontinued Operation": 19467000.0,
        "Total Expenses": 261340000.0,
        "Total Operating Income As Reported": 31797000.0,
        "Diluted Average Shares": 28797000.0,
        "Basic Average Shares": 28516000.0,
        "Diluted EPS": 0.68,
        "Basic EPS": 0.68,
        "Diluted NI Availto Com Stockholders": 19467000.0,
        "Net Income Common Stockholders": 19467000.0,
        "Net Income": 19467000.0,
        "Net Income Including Noncontrolling Interests": 19467000.0,
        "Net Income Continuous Operations": 19467000.0,
        "Tax Provision": 7998000.0,
        "Pretax Income": 27465000.0,
        "Other Income Expense": -1440000.0,
        "Other Non Operating Income Expenses": 558000.0,
        "Special Income Charges": -1998000.0,
        "Restructuring And Mergern Acquisition": 1998000.0,
        "Net Non Operating Interest Income Expense": -4890000.0,
        "Interest Expense Non Operating": 7506000.0,
        "Interest Income Non Operating": 2616000.0,
        "Operating Income": 33795000.0,
        "Operating Expense": 103453000.0,
        "Depreciation Amortization Depletion Income Statement": 5636000.0,
        "Depreciation And Amortization In Income Statement": 5636000.0,
        "Depreciation Income Statement": 5636000.0,
        "Research And Development": 36095000.0,
        "Selling General And Administration": 61722000.0,
        "Gross Profit": 137248000.0,
        "Cost Of Revenue": 157887000.0,
        "Total Revenue": 295135000.0,
        "Operating Revenue": 295135000.0
    },
    "2024-06-30": {
        "Tax Effect Of Unusual Items": -2200690.0,
        "Tax Rate For Calcs": 0.31,
        "Normalized EBITDA": 53407000.0,
        "Total Unusual Items": -7099000.0,
        "Total Unusual Items Excluding Goodwill": -7099000.0,
        "Net Income From Continuing Operation Net Minority Interest": 13829000.0,
        "Reconciled Depreciation": 18611000.0,
        "Reconciled Cost Of Revenue": 139618000.0,
        "EBITDA": 46308000.0,
        "EBIT": 27697000.0,
        "Net Interest Income": -5595000.0,
        "Interest Expense": 7698000.0,
        "Interest Income": 2103000.0,
        "Normalized Income": 18727310.0,
        "Net Income From Continuing And Discontinued Operation": 13829000.0,
        "Total Expenses": 257799000.0,
        "Total Operating Income As Reported": 25420000.0,
        "Diluted Average Shares": 28600000.0,
        "Basic Average Shares": 28546000.0,
        "Diluted EPS": 0.48,
        "Basic EPS": 0.48,
        "Diluted NI Availto Com Stockholders": 13829000.0,
        "Net Income Common Stockholders": 13829000.0,
        "Net Income": 13829000.0,
        "Net Income Including Noncontrolling Interests": 13829000.0,
        "Net Income Continuous Operations": 13829000.0,
        "Tax Provision": 6170000.0,
        "Pretax Income": 19999000.0,
        "Other Income Expense": -6925000.0,
        "Other Non Operating Income Expenses": 174000.0,
        "Special Income Charges": -7099000.0,
        "Restructuring And Mergern Acquisition": 7099000.0,
        "Net Non Operating Interest Income Expense": -5595000.0,
        "Interest Expense Non Operating": 7698000.0,
        "Interest Income Non Operating": 2103000.0,
        "Operating Income": 32519000.0,
        "Operating Expense": 104907000.0,
        "Depreciation Amortization Depletion Income Statement": 5337000.0,
        "Depreciation And Amortization In Income Statement": 5337000.0,
        "Depreciation Income Statement": 5337000.0,
        "Research And Development": 38411000.0,
        "Selling General And Administration": 61159000.0,
        "Gross Profit": 137426000.0,
        "Cost Of Revenue": 152892000.0,
        "Total Revenue": 290318000.0,
        "Operating Revenue": 290318000.0
    }
}