{
    "2023-03-31": {
        "Tax Effect Of Unusual Items": -1092546.263442,
        "Tax Rate For Calcs": 0.223928,
        "Normalized EBITDA": 153560000.0,
        "Total Unusual Items": -4879000.0,
        "Total Unusual Items Excluding Goodwill": -4879000.0,
        "Net Income From Continuing Operation Net Minority Interest": 83712000.0,
        "Reconciled Cost Of Revenue": 1383280000.0,
        "EBITDA": 148681000.0,
        "EBIT": 148681000.0,
        "Net Interest Income": -12492000.0,
        "Interest Expense": 20448000.0,
        "Interest Income": 7956000.0,
        "Normalized Income": 87498453.736558,
        "Net Income From Continuing And Discontinued Operation": 83712000.0,
        "Total Expenses": 1555677000.0,
        "Total Operating Income As Reported": 145604000.0,
        "Diluted Average Shares": 71424749.0,
        "Basic Average Shares": 64517935.0,
        "Diluted EPS": 1.19,
        "Basic EPS": 1.3,
        "Diluted NI Availto Com Stockholders": 83712000.0,
        "Net Income Common Stockholders": 83712000.0,
        "Net Income": 83712000.0,
        "Minority Interests": -23117000.0,
        "Net Income Including Noncontrolling Interests": 106829000.0,
        "Net Income Continuous Operations": 106829000.0,
        "Earnings From Equity Interest Net Of Tax": 7311000.0,
        "Tax Provision": 28715000.0,
        "Pretax Income": 128233000.0,
        "Other Income Expense": -4879000.0,
        "Gain On Sale Of Security": -4879000.0,
        "Net Non Operating Interest Income Expense": -12492000.0,
        "Interest Expense Non Operating": 20448000.0,
        "Interest Income Non Operating": 7956000.0,
        "Operating Income": 145604000.0,
        "Operating Expense": 172397000.0,
        "Other Operating Expenses": -11929000.0,
        "Research And Development": 17307000.0,
        "Selling General And Administration": 167019000.0,
        "Selling And Marketing Expense": 88371000.0,
        "General And Administrative Expense": 78648000.0,
        "Other Gand A": 78648000.0,
        "Gross Profit": 318001000.0,
        "Cost Of Revenue": 1383280000.0,
        "Total Revenue": 1701281000.0,
        "Operating Revenue": 1665604000.0
    },
    "2022-12-31": {
        "Tax Effect Of Unusual Items": -1672381.964096,
        "Tax Rate For Calcs": 0.195053,
        "Normalized EBITDA": 140790000.0,
        "Total Unusual Items": -8574000.0,
        "Total Unusual Items Excluding Goodwill": -8574000.0,
        "Net Income From Continuing Operation Net Minority Interest": 77834000.0,
        "Reconciled Cost Of Revenue": 1622967000.0,
        "EBITDA": 132216000.0,
        "EBIT": 132216000.0,
        "Net Interest Income": -10908000.0,
        "Interest Expense": 20195000.0,
        "Interest Income": 9287000.0,
        "Normalized Income": 84735618.035904,
        "Net Income From Continuing And Discontinued Operation": 77834000.0,
        "Total Expenses": 1840093000.0,
        "Total Operating Income As Reported": 135762000.0,
        "Diluted Average Shares": 71307345.0,
        "Basic Average Shares": 64505398.0,
        "Diluted EPS": 1.11,
        "Basic EPS": 1.21,
        "Diluted NI Availto Com Stockholders": 83017000.0,
        "Net Income Common Stockholders": 77834000.0,
        "Net Income": 77834000.0,
        "Minority Interests": -20990000.0,
        "Net Income Including Noncontrolling Interests": 98824000.0,
        "Net Income Continuous Operations": 98824000.0,
        "Earnings From Equity Interest Net Of Tax": 8653000.0,
        "Tax Provision": 21850000.0,
        "Pretax Income": 112021000.0,
        "Other Income Expense": -8574000.0,
        "Gain On Sale Of Security": -12833000.0,
        "Net Non Operating Interest Income Expense": -10908000.0,
        "Interest Expense Non Operating": 20195000.0,
        "Interest Income Non Operating": 9287000.0,
        "Operating Income": 131503000.0,
        "Operating Expense": 217126000.0,
        "Other Operating Expenses": -19001000.0,
        "Research And Development": 20607000.0,
        "Selling General And Administration": 215520000.0,
        "Selling And Marketing Expense": 126313000.0,
        "General And Administrative Expense": 89207000.0,
        "Other Gand A": 89207000.0,
        "Gross Profit": 348629000.0,
        "Cost Of Revenue": 1622967000.0,
        "Total Revenue": 1971596000.0,
        "Operating Revenue": 1971596000.0
    },
    "2022-09-30": {
        "Tax Effect Of Unusual Items": 8085968.562524,
        "Tax Rate For Calcs": 0.225594,
        "Normalized EBITDA": 111567000.0,
        "Total Unusual Items": 35843000.0,
        "Total Unusual Items Excluding Goodwill": 35843000.0,
        "Net Income From Continuing Operation Net Minority Interest": 78465000.0,
        "Reconciled Cost Of Revenue": 1569913000.0,
        "EBITDA": 147410000.0,
        "EBIT": 147410000.0,
        "Net Interest Income": 3840000.0,
        "Interest Expense": 19060000.0,
        "Interest Income": 22900000.0,
        "Normalized Income": 50707968.562524,
        "Net Income From Continuing And Discontinued Operation": 78465000.0,
        "Total Expenses": 1843812000.0,
        "Total Operating Income As Reported": 88667000.0,
        "Diluted Average Shares": 71402769.0,
        "Basic Average Shares": 64494260.0,
        "Diluted EPS": 1.12,
        "Basic EPS": 1.22,
        "Diluted NI Availto Com Stockholders": 78465000.0,
        "Net Income Common Stockholders": 78465000.0,
        "Net Income": 78465000.0,
        "Minority Interests": -23777000.0,
        "Net Income Including Noncontrolling Interests": 102242000.0,
        "Net Income Continuous Operations": 102242000.0,
        "Earnings From Equity Interest Net Of Tax": 2847000.0,
        "Tax Provision": 28955000.0,
        "Pretax Income": 128350000.0,
        "Other Income Expense": 35843000.0,
        "Gain On Sale Of Security": 35843000.0,
        "Net Non Operating Interest Income Expense": 3840000.0,
        "Interest Expense Non Operating": 19060000.0,
        "Interest Income Non Operating": 22900000.0,
        "Operating Income": 88667000.0,
        "Operating Expense": 273899000.0,
        "Other Operating Expenses": -11929000.0,
        "Research And Development": 17885000.0,
        "Selling General And Administration": 267943000.0,
        "Selling And Marketing Expense": 165751000.0,
        "General And Administrative Expense": 102192000.0,
        "Other Gand A": 102192000.0,
        "Gross Profit": 362566000.0,
        "Cost Of Revenue": 1569913000.0,
        "Total Revenue": 1932479000.0,
        "Operating Revenue": 1897665000.0
    },
    "2022-06-30": {
        "Tax Effect Of Unusual Items": 3269220.211796,
        "Tax Rate For Calcs": 0.243101,
        "Normalized EBITDA": 120333000.0,
        "Total Unusual Items": 13448000.0,
        "Total Unusual Items Excluding Goodwill": 13448000.0,
        "Net Income From Continuing Operation Net Minority Interest": 74462000.0,
        "Reconciled Cost Of Revenue": 1943136000.0,
        "EBITDA": 133781000.0,
        "EBIT": 133781000.0,
        "Net Interest Income": -15493000.0,
        "Interest Expense": 19709000.0,
        "Interest Income": 4216000.0,
        "Normalized Income": 64283220.211796,
        "Net Income From Continuing And Discontinued Operation": 74462000.0,
        "Total Expenses": 2198069000.0,
        "Total Operating Income As Reported": 116117000.0,
        "Diluted Average Shares": 71103568.0,
        "Basic Average Shares": 64262556.0,
        "Diluted EPS": 1.07,
        "Basic EPS": 1.16,
        "Diluted NI Availto Com Stockholders": 74462000.0,
        "Net Income Common Stockholders": 74462000.0,
        "Net Income": 74462000.0,
        "Minority Interests": -14093000.0,
        "Net Income Including Noncontrolling Interests": 88555000.0,
        "Net Income Continuous Operations": 88555000.0,
        "Earnings From Equity Interest Net Of Tax": 2214000.0,
        "Tax Provision": 27731000.0,
        "Pretax Income": 114072000.0,
        "Other Income Expense": 13448000.0,
        "Gain On Sale Of Security": 13448000.0,
        "Net Non Operating Interest Income Expense": -15493000.0,
        "Interest Expense Non Operating": 19709000.0,
        "Interest Income Non Operating": 4216000.0,
        "Operating Income": 116117000.0,
        "Operating Expense": 254933000.0,
        "Other Operating Expenses": -9054000.0,
        "Research And Development": 18050000.0,
        "Selling General And Administration": 245937000.0,
        "Selling And Marketing Expense": 158017000.0,
        "General And Administrative Expense": 87920000.0,
        "Other Gand A": 87920000.0,
        "Gross Profit": 371050000.0,
        "Cost Of Revenue": 1943136000.0,
        "Total Revenue": 2314186000.0,
        "Operating Revenue": 2281896000.0
    },
    "2022-03-31": {
        "Diluted EPS": 0.14,
        "Total Revenue": NaN,
        "Gross Profit": 181,
        "Operating Income": 16,
        "EBIT": 16,
        "Net Income": 9
    },
    "2021-12-31": {
        "Diluted EPS": 0.4,
        "Total Revenue": NaN,
        "Gross Profit": 301,
        "Operating Income": 67,
        "EBIT": 67,
        "Net Income": 26
    },
    "2021-09-30": {
        "Diluted EPS": 0.52,
        "Total Revenue": NaN,
        "Gross Profit": 229,
        "Operating Income": 53,
        "EBIT": 53,
        "Net Income": 35
    },
    "2021-06-30": {
        "Diluted EPS": 0.18,
        "Total Revenue": NaN,
        "Gross Profit": 185,
        "Operating Income": 26,
        "EBIT": 26,
        "Net Income": 11
    },
    "2021-03-31": {
        "Diluted EPS": 0.36,
        "Total Revenue": NaN,
        "Gross Profit": 195,
        "Operating Income": 43,
        "EBIT": 43,
        "Net Income": 23
    },
    "2020-12-31": {
        "Diluted EPS": 0.05,
        "Total Revenue": NaN,
        "Gross Profit": 141,
        "Operating Income": 2,
        "EBIT": 2,
        "Net Income": 7
    },
    "2020-09-30": {
        "Diluted EPS": 0.15,
        "Total Revenue": 914,
        "Gross Profit": 178,
        "Operating Income": 59,
        "EBIT": 59,
        "Net Income": 9
    },
    "2020-06-30": {
        "Diluted EPS": 0.34,
        "Total Revenue": 696,
        "Gross Profit": 147,
        "Operating Income": 45,
        "EBIT": 45,
        "Net Income": 21
    },
    "2020-03-31": {
        "Diluted EPS": 1.84,
        "Total Revenue": 826,
        "Gross Profit": 223,
        "Operating Income": 113,
        "EBIT": 113,
        "Net Income": 111
    },
    "2019-12-31": {
        "Diluted EPS": 1.12,
        "Total Revenue": 920,
        "Gross Profit": 230,
        "Operating Income": 111,
        "EBIT": 111,
        "Net Income": 68
    },
    "2019-09-30": {
        "Diluted EPS": 0.96,
        "Total Revenue": 760,
        "Gross Profit": 199,
        "Operating Income": 80,
        "EBIT": 80,
        "Net Income": 58
    },
    "2019-06-30": {
        "Diluted EPS": 1.04,
        "Total Revenue": NaN,
        "Gross Profit": 183,
        "Operating Income": 61,
        "EBIT": 61,
        "Net Income": 63
    },
    "2019-03-31": {
        "Diluted EPS": -0.29,
        "Total Revenue": 485,
        "Gross Profit": 107,
        "Operating Income": 7,
        "EBIT": 7,
        "Net Income": -17
    },
    "2018-12-31": {
        "Diluted EPS": 1.81,
        "Total Revenue": 901,
        "Gross Profit": 271,
        "Operating Income": 137,
        "EBIT": 137,
        "Net Income": 112
    },
    "2018-09-30": {
        "Diluted EPS": 1.09,
        "Total Revenue": 768,
        "Gross Profit": 200,
        "Operating Income": 96,
        "EBIT": 96,
        "Net Income": 67
    },
    "2018-06-30": {
        "Diluted EPS": 0.26,
        "Total Revenue": 651,
        "Gross Profit": 159,
        "Operating Income": 54,
        "EBIT": 54,
        "Net Income": 16
    },
    "2018-03-31": {
        "Diluted EPS": 0.72,
        "Total Revenue": NaN,
        "Gross Profit": 144,
        "Operating Income": 78,
        "EBIT": 78,
        "Net Income": 43
    },
    "2017-12-31": {
        "Diluted EPS": 1.07,
        "Total Revenue": NaN,
        "Gross Profit": 219,
        "Operating Income": 130,
        "EBIT": 130,
        "Net Income": 61
    },
    "2017-09-30": {
        "Diluted EPS": 0.22,
        "Total Revenue": 912,
        "Gross Profit": 160,
        "Operating Income": 58,
        "EBIT": 58,
        "Net Income": 13
    },
    "2017-06-30": {
        "Diluted EPS": 0.63,
        "Total Revenue": 692,
        "Gross Profit": 168,
        "Operating Income": 84,
        "EBIT": 84,
        "Net Income": 38
    },
    "2017-03-31": {
        "Diluted EPS": -0.23,
        "Total Revenue": 677,
        "Gross Profit": 91,
        "Operating Income": -2,
        "EBIT": -2,
        "Net Income": -13
    },
    "2016-12-31": {
        "Diluted EPS": -0.58,
        "Total Revenue": 633,
        "Gross Profit": -2,
        "Operating Income": -69,
        "Net Income": -36
    },
    "2016-09-30": {
        "Diluted EPS": 0.27,
        "Total Revenue": 657,
        "Gross Profit": 117,
        "Operating Income": 27,
        "Net Income": 16
    },
    "2016-06-30": {
        "Diluted EPS": 0.68,
        "Total Revenue": 806,
        "Gross Profit": 138,
        "Operating Income": 40,
        "EBIT": 40,
        "Net Income": 40
    },
    "2016-03-31": {
        "Diluted EPS": 0.39,
        "Total Revenue": 721,
        "Gross Profit": 112,
        "Operating Income": 38,
        "EBIT": 38,
        "Net Income": 23
    },
    "2015-12-31": {
        "Diluted EPS": 1.1,
        "Total Revenue": NaN,
        "Gross Profit": 200,
        "Operating Income": 105,
        "EBIT": 130,
        "Net Income": 62
    },
    "2015-09-30": {
        "Diluted EPS": 0.5,
        "Total Revenue": 850,
        "Gross Profit": 127,
        "Operating Income": 31,
        "EBIT": 31,
        "Net Income": 30
    },
    "2015-06-30": {
        "Diluted EPS": 0.31,
        "Total Revenue": 637,
        "Gross Profit": 97,
        "Operating Income": 32,
        "EBIT": 32,
        "Net Income": 18
    },
    "2015-03-31": {
        "Diluted EPS": 1.02,
        "Total Revenue": 861,
        "Gross Profit": 153,
        "Operating Income": 79,
        "EBIT": 79,
        "Net Income": 61
    },
    "2014-09-30": {
        "Diluted EPS": 1.73,
        "Total Revenue": 914,
        "Gross Profit": 209,
        "Operating Income": 156,
        "EBIT": 156,
        "Net Income": 104
    },
    "2014-06-30": {
        "Diluted EPS": 0.93,
        "Total Revenue": 624,
        "Gross Profit": 118,
        "Operating Income": 68,
        "EBIT": 68,
        "Net Income": 56
    },
    "2013-12-31": {
        "Diluted EPS": 0.46,
        "Total Revenue": 519,
        "Gross Profit": 101,
        "Operating Income": 45,
        "EBIT": 66,
        "Net Income": 21
    },
    "2013-09-30": {
        "Diluted EPS": 0.56,
        "Total Revenue": 491,
        "Gross Profit": 100,
        "Operating Income": 55,
        "EBIT": 115,
        "Net Income": 28
    },
    "2013-06-30": {
        "Diluted EPS": -0.29,
        "Total Revenue": 380,
        "Gross Profit": 49,
        "Operating Income": 12,
        "EBIT": 12,
        "Net Income": -13
    },
    "2013-03-31": {
        "Diluted EPS": -0.1,
        "Total Revenue": 264,
        "Gross Profit": 26,
        "Operating Income": 18,
        "EBIT": 18,
        "Net Income": -4
    },
    "2012-12-31": {
        "Diluted EPS": -2.43,
        "Total Revenue": 295,
        "Gross Profit": 15,
        "Operating Income": -92,
        "EBIT": -71,
        "Net Income": -105
    },
    "2012-09-30": {
        "Diluted EPS": -1.01,
        "Total Revenue": 326,
        "Gross Profit": 7,
        "Operating Income": -34,
        "EBIT": -34,
        "Net Income": -44
    },
    "2012-06-30": {
        "Diluted EPS": -0.59,
        "Total Revenue": 348,
        "Gross Profit": 43,
        "Operating Income": -3,
        "EBIT": -3,
        "Net Income": -25
    },
    "2012-03-31": {
        "Diluted EPS": -0.49,
        "Total Revenue": 326,
        "Gross Profit": 25,
        "Operating Income": -13,
        "EBIT": -13,
        "Net Income": -21
    },
    "2011-12-31": {
        "Diluted EPS": -1.39,
        "Total Revenue": 474,
        "Gross Profit": 41,
        "Operating Income": -22,
        "EBIT": -22,
        "Net Income": -60
    },
    "2011-09-30": {
        "Diluted EPS": -1.02,
        "Total Revenue": 500,
        "Gross Profit": 12,
        "Operating Income": -31,
        "EBIT": -31,
        "Net Income": -44
    },
    "2011-06-30": {
        "Diluted EPS": 0.16,
        "Total Revenue": 482,
        "Gross Profit": 64,
        "Operating Income": 25,
        "EBIT": 25,
        "Net Income": 7
    },
    "2011-03-31": {
        "Diluted EPS": 0.13,
        "Total Revenue": 443,
        "Gross Profit": 65,
        "Operating Income": 34,
        "EBIT": 34,
        "Net Income": 6
    },
    "2010-12-31": {
        "Diluted EPS": 0.58,
        "Total Revenue": 453,
        "Gross Profit": 77,
        "Operating Income": 42,
        "EBIT": 42,
        "Net Income": 26
    },
    "2010-09-30": {
        "Diluted EPS": 0.47,
        "Total Revenue": 377,
        "Gross Profit": 65,
        "Operating Income": 40,
        "EBIT": 40,
        "Net Income": 20
    },
    "2010-06-30": {
        "Diluted EPS": 0.07,
        "Total Revenue": 329,
        "Gross Profit": 45,
        "Operating Income": 17,
        "EBIT": 17,
        "Net Income": 3
    },
    "2010-03-31": {
        "Diluted EPS": 0.03,
        "Total Revenue": 337,
        "Gross Profit": 42,
        "Operating Income": 21,
        "EBIT": 21,
        "Net Income": 1
    },
    "2009-12-31": {
        "Diluted EPS": 0.35,
        "Total Revenue": 287,
        "Gross Profit": 57,
        "Operating Income": 17,
        "EBIT": 17,
        "Net Income": 15
    },
    "2009-09-30": {
        "Diluted EPS": 0.69,
        "Total Revenue": 213,
        "Gross Profit": 35,
        "Operating Income": 20,
        "EBIT": 20,
        "Net Income": 25
    },
    "2009-06-30": {
        "Diluted EPS": 0.49,
        "Total Revenue": 114,
        "Gross Profit": 23,
        "Operating Income": 13,
        "EBIT": 13,
        "Net Income": 18
    },
    "2009-03-31": {
        "Diluted EPS": -0.13,
        "Total Revenue": 49,
        "Gross Profit": -4,
        "Operating Income": -11,
        "EBIT": -11,
        "Net Income": -5
    },
    "2023-06-30": {
        "Tax Effect Of Unusual Items": 6881000.050244,
        "Tax Rate For Calcs": 0.19268,
        "Normalized EBITDA": 233579000.0,
        "Total Unusual Items": 35712000.0,
        "Total Unusual Items Excluding Goodwill": 35712000.0,
        "Net Income From Continuing Operation Net Minority Interest": 169970000.0,
        "Reconciled Cost Of Revenue": 1923449000.0,
        "EBITDA": 269291000.0,
        "EBIT": 269291000.0,
        "Net Interest Income": -20999000.0,
        "Interest Expense": 30455000.0,
        "Interest Income": 9456000.0,
        "Normalized Income": 141139000.050244,
        "Net Income From Continuing And Discontinued Operation": 169970000.0,
        "Total Expenses": 2139900000.0,
        "Total Operating Income As Reported": 224123000.0,
        "Diluted Average Shares": 71689925.0,
        "Basic Average Shares": 64912928.0,
        "Diluted EPS": 2.39,
        "Basic EPS": 2.62,
        "Diluted NI Availto Com Stockholders": 169970000.0,
        "Net Income Common Stockholders": 169970000.0,
        "Net Income": 169970000.0,
        "Minority Interests": -27566000.0,
        "Net Income Including Noncontrolling Interests": 197536000.0,
        "Net Income Continuous Operations": 197536000.0,
        "Earnings From Equity Interest Net Of Tax": 4719000.0,
        "Tax Provision": 46019000.0,
        "Pretax Income": 238836000.0,
        "Other Income Expense": 35712000.0,
        "Gain On Sale Of Security": 35712000.0,
        "Net Non Operating Interest Income Expense": -20999000.0,
        "Interest Expense Non Operating": 30455000.0,
        "Interest Income Non Operating": 9456000.0,
        "Operating Income": 224123000.0,
        "Operating Expense": 216451000.0,
        "Other Operating Expenses": -33943000.0,
        "Research And Development": 23137000.0,
        "Selling General And Administration": 227257000.0,
        "Selling And Marketing Expense": 87686000.0,
        "General And Administrative Expense": 139571000.0,
        "Other Gand A": 139571000.0,
        "Gross Profit": 440574000.0,
        "Cost Of Revenue": 1923449000.0,
        "Total Revenue": 2364023000.0,
        "Operating Revenue": 2364023000.0
    },
    "2023-09-30": {
        "Tax Effect Of Unusual Items": -3178140.0,
        "Tax Rate For Calcs": 0.21,
        "Normalized EBITDA": 101593000.0,
        "Total Unusual Items": -15134000.0,
        "Total Unusual Items Excluding Goodwill": -15134000.0,
        "Net Income From Continuing Operation Net Minority Interest": 21891000.0,
        "Reconciled Cost Of Revenue": 1538281000.0,
        "EBITDA": 86459000.0,
        "EBIT": 86459000.0,
        "Net Interest Income": -11372000.0,
        "Interest Expense": 29949000.0,
        "Interest Income": 18577000.0,
        "Normalized Income": 33846860.0,
        "Net Income From Continuing And Discontinued Operation": 21891000.0,
        "Total Expenses": 1763269000.0,
        "Total Operating Income As Reported": 83016000.0,
        "Diluted Average Shares": 72934082.0,
        "Basic Average Shares": 66010484.0,
        "Diluted EPS": 0.32,
        "Basic EPS": 0.33,
        "Diluted NI Availto Com Stockholders": 21891000.0,
        "Net Income Common Stockholders": 21891000.0,
        "Net Income": 21891000.0,
        "Minority Interests": -40578000.0,
        "Net Income Including Noncontrolling Interests": 62469000.0,
        "Net Income Continuous Operations": 62469000.0,
        "Earnings From Equity Interest Net Of Tax": -4624000.0,
        "Tax Provision": -10583000.0,
        "Pretax Income": 56510000.0,
        "Other Income Expense": -15134000.0,
        "Gain On Sale Of Security": -15134000.0,
        "Net Non Operating Interest Income Expense": -11372000.0,
        "Interest Expense Non Operating": 29949000.0,
        "Interest Income Non Operating": 18577000.0,
        "Operating Income": 83016000.0,
        "Operating Expense": 224988000.0,
        "Other Operating Expenses": -17708000.0,
        "Research And Development": 28897000.0,
        "Selling General And Administration": 213799000.0,
        "Selling And Marketing Expense": 99766000.0,
        "General And Administrative Expense": 114033000.0,
        "Other Gand A": 114033000.0,
        "Gross Profit": 308004000.0,
        "Cost Of Revenue": 1538281000.0,
        "Total Revenue": 1846285000.0,
        "Operating Revenue": 1846285000.0
    }
}