{
    "2023-03-31": {
        "Tax Effect Of Unusual Items": -20829.081633,
        "Tax Rate For Calcs": 0.181122,
        "Normalized EBITDA": 806000.0,
        "Total Unusual Items": -115000.0,
        "Total Unusual Items Excluding Goodwill": -115000.0,
        "Net Income From Continuing Operation Net Minority Interest": 321000.0,
        "Reconciled Depreciation": 237000.0,
        "Reconciled Cost Of Revenue": 8279000.0,
        "EBITDA": 691000.0,
        "EBIT": 454000.0,
        "Net Interest Income": 263000.0,
        "Interest Expense": 62000.0,
        "Interest Income": 325000.0,
        "Normalized Income": 415170.918367,
        "Net Income From Continuing And Discontinued Operation": 321000.0,
        "Total Expenses": 13032000.0,
        "Total Operating Income As Reported": 237000.0,
        "Diluted Average Shares": 8924000.0,
        "Basic Average Shares": 8782000.0,
        "Diluted EPS": 0.03,
        "Basic EPS": 0.03,
        "Diluted NI Availto Com Stockholders": 302000.0,
        "Net Income Common Stockholders": 302000.0,
        "Otherunder Preferred Stock Dividend": 19000.0,
        "Net Income": 321000.0,
        "Net Income Including Noncontrolling Interests": 321000.0,
        "Net Income Continuous Operations": 321000.0,
        "Tax Provision": 71000.0,
        "Pretax Income": 392000.0,
        "Other Income Expense": -108000.0,
        "Other Non Operating Income Expenses": 7000.0,
        "Gain On Sale Of Security": -115000.0,
        "Net Non Operating Interest Income Expense": 263000.0,
        "Interest Expense Non Operating": 62000.0,
        "Interest Income Non Operating": 325000.0,
        "Operating Income": 237000.0,
        "Operating Expense": 4753000.0,
        "Research And Development": 858000.0,
        "Selling General And Administration": 3895000.0,
        "Gross Profit": 4990000.0,
        "Cost Of Revenue": 8279000.0,
        "Total Revenue": 13269000.0,
        "Operating Revenue": 13269000.0
    },
    "2022-12-31": {
        "Tax Effect Of Unusual Items": -60907.678245,
        "Tax Rate For Calcs": 0.121572,
        "Normalized EBITDA": 1898000.0,
        "Total Unusual Items": -501000.0,
        "Total Unusual Items Excluding Goodwill": -501000.0,
        "Net Income From Continuing Operation Net Minority Interest": 961000.0,
        "Reconciled Depreciation": 239000.0,
        "Reconciled Cost Of Revenue": 12527000.0,
        "EBITDA": 1397000.0,
        "EBIT": 1158000.0,
        "Net Interest Income": 197000.0,
        "Interest Expense": 64000.0,
        "Interest Income": 261000.0,
        "Normalized Income": 1401092.321755,
        "Net Income From Continuing And Discontinued Operation": 961000.0,
        "Total Expenses": 16980000.0,
        "Total Operating Income As Reported": 1364000.0,
        "Diluted Average Shares": 4328000.0,
        "Basic Average Shares": 4295000.0,
        "Diluted EPS": 0.21,
        "Basic EPS": 0.21,
        "Diluted NI Availto Com Stockholders": 906000.0,
        "Net Income Common Stockholders": 906000.0,
        "Otherunder Preferred Stock Dividend": 55000.0,
        "Net Income": 961000.0,
        "Net Income Including Noncontrolling Interests": 961000.0,
        "Net Income Continuous Operations": 961000.0,
        "Tax Provision": 133000.0,
        "Pretax Income": 1094000.0,
        "Other Income Expense": -467000.0,
        "Other Non Operating Income Expenses": 34000.0,
        "Gain On Sale Of Security": -501000.0,
        "Net Non Operating Interest Income Expense": 197000.0,
        "Interest Expense Non Operating": 64000.0,
        "Interest Income Non Operating": 261000.0,
        "Operating Income": 1364000.0,
        "Operating Expense": 4453000.0,
        "Research And Development": 836000.0,
        "Selling General And Administration": 3617000.0,
        "Gross Profit": 5817000.0,
        "Cost Of Revenue": 12527000.0,
        "Total Revenue": 18344000.0,
        "Operating Revenue": 18344000.0
    },
    "2022-09-30": {
        "Tax Effect Of Unusual Items": NaN,
        "Tax Rate For Calcs": NaN,
        "Normalized EBITDA": NaN,
        "Total Unusual Items": NaN,
        "Total Unusual Items Excluding Goodwill": NaN,
        "Net Income From Continuing Operation Net Minority Interest": NaN,
        "Reconciled Depreciation": NaN,
        "Reconciled Cost Of Revenue": NaN,
        "EBITDA": NaN,
        "EBIT": NaN,
        "Net Interest Income": NaN,
        "Interest Expense": NaN,
        "Interest Income": NaN,
        "Normalized Income": NaN,
        "Net Income From Continuing And Discontinued Operation": NaN,
        "Total Expenses": NaN,
        "Total Operating Income As Reported": NaN,
        "Diluted Average Shares": NaN,
        "Basic Average Shares": NaN,
        "Diluted EPS": NaN,
        "Basic EPS": NaN,
        "Diluted NI Availto Com Stockholders": NaN,
        "Net Income Common Stockholders": NaN,
        "Otherunder Preferred Stock Dividend": NaN,
        "Net Income": NaN,
        "Net Income Including Noncontrolling Interests": NaN,
        "Net Income Continuous Operations": NaN,
        "Tax Provision": NaN,
        "Pretax Income": NaN,
        "Other Income Expense": NaN,
        "Other Non Operating Income Expenses": NaN,
        "Special Income Charges": 0.0,
        "Gain On Sale Of Security": NaN,
        "Net Non Operating Interest Income Expense": NaN,
        "Interest Expense Non Operating": NaN,
        "Interest Income Non Operating": NaN,
        "Operating Income": NaN,
        "Operating Expense": NaN,
        "Research And Development": NaN,
        "Selling General And Administration": NaN,
        "Gross Profit": NaN,
        "Cost Of Revenue": NaN,
        "Total Revenue": NaN,
        "Operating Revenue": NaN
    },
    "2022-06-30": {
        "Tax Effect Of Unusual Items": 9781.294964,
        "Tax Rate For Calcs": 0.015827,
        "Normalized EBITDA": 354000.0,
        "Total Unusual Items": 618000.0,
        "Total Unusual Items Excluding Goodwill": 618000.0,
        "Net Income From Continuing Operation Net Minority Interest": 684000.0,
        "Reconciled Depreciation": 197000.0,
        "Reconciled Cost Of Revenue": 8352000.0,
        "EBITDA": 972000.0,
        "EBIT": 775000.0,
        "Net Interest Income": 78000.0,
        "Interest Expense": 80000.0,
        "Interest Income": 158000.0,
        "Normalized Income": 75781.294964,
        "Net Income From Continuing And Discontinued Operation": 684000.0,
        "Total Expenses": 13307000.0,
        "Total Operating Income As Reported": 19000.0,
        "Diluted Average Shares": 4283000.0,
        "Basic Average Shares": 4280000.0,
        "Diluted EPS": 0.15,
        "Basic EPS": 0.15,
        "Diluted NI Availto Com Stockholders": 646000.0,
        "Net Income Common Stockholders": 646000.0,
        "Otherunder Preferred Stock Dividend": 38000.0,
        "Net Income": 684000.0,
        "Net Income Including Noncontrolling Interests": 684000.0,
        "Net Income Discontinuous Operations": NaN,
        "Net Income Continuous Operations": 684000.0,
        "Tax Provision": 11000.0,
        "Pretax Income": 695000.0,
        "Other Income Expense": 598000.0,
        "Other Non Operating Income Expenses": -20000.0,
        "Special Income Charges": 0.0,
        "Gain On Sale Of Security": 618000.0,
        "Net Non Operating Interest Income Expense": 78000.0,
        "Interest Expense Non Operating": 80000.0,
        "Interest Income Non Operating": 158000.0,
        "Operating Income": 19000.0,
        "Operating Expense": 4955000.0,
        "Research And Development": 884000.0,
        "Selling General And Administration": 4071000.0,
        "Gross Profit": 4974000.0,
        "Cost Of Revenue": 8352000.0,
        "Total Revenue": 13326000.0,
        "Operating Revenue": 13326000.0
    },
    "2022-03-31": {
        "Diluted EPS": 0.03,
        "Total Revenue": 12,
        "Gross Profit": 4,
        "Operating Income": 0,
        "EBIT": 0,
        "Net Income": 0
    },
    "2021-12-31": {
        "Diluted EPS": -0.09,
        "Total Revenue": 12,
        "Gross Profit": 4,
        "Operating Income": 0,
        "EBIT": 0,
        "Net Income": 0
    },
    "2021-09-30": {
        "Diluted EPS": 0.2,
        "Total Revenue": 10,
        "Gross Profit": 4,
        "Operating Income": 0,
        "EBIT": 0,
        "Net Income": 1
    },
    "2021-06-30": {
        "Diluted EPS": -0.1,
        "Total Revenue": 14,
        "Gross Profit": 4,
        "Operating Income": 0,
        "EBIT": 0,
        "Net Income": 0
    },
    "2021-03-31": {
        "Diluted EPS": -0.2,
        "Total Revenue": 14,
        "Gross Profit": 4,
        "Operating Income": 0,
        "EBIT": 0,
        "Net Income": -1
    },
    "2020-12-31": {
        "Diluted EPS": 0.26,
        "Total Revenue": 11,
        "Gross Profit": 3,
        "Operating Income": -1,
        "EBIT": 0,
        "Net Income": 1
    },
    "2020-09-30": {
        "Diluted EPS": 0.01,
        "Total Revenue": 14,
        "Gross Profit": 4,
        "Operating Income": 0,
        "EBIT": 0,
        "Net Income": 0
    },
    "2020-06-30": {
        "Diluted EPS": -0.05,
        "Total Revenue": 14,
        "Gross Profit": 4,
        "Operating Income": 0,
        "EBIT": 0,
        "Net Income": 0
    },
    "2020-03-31": {
        "Diluted EPS": -0.18,
        "Total Revenue": 17,
        "Gross Profit": 4,
        "Operating Income": 0,
        "EBIT": 0,
        "Net Income": -1
    },
    "2019-12-31": {
        "Diluted EPS": -0.14,
        "Total Revenue": 17,
        "Gross Profit": 4,
        "Operating Income": 0,
        "EBIT": 0,
        "Net Income": -1
    },
    "2019-09-30": {
        "Diluted EPS": -0.07,
        "Total Revenue": 22,
        "Gross Profit": 5,
        "Operating Income": 0,
        "EBIT": 0,
        "Net Income": 0
    },
    "2019-06-30": {
        "Diluted EPS": 0.12,
        "Total Revenue": 22,
        "Gross Profit": 5,
        "Operating Income": 0,
        "EBIT": 0,
        "Net Income": 1
    },
    "2019-03-31": {
        "Diluted EPS": -0.15,
        "Total Revenue": 16,
        "Gross Profit": 4,
        "Operating Income": -1,
        "EBIT": -1,
        "Net Income": -1
    },
    "2018-12-31": {
        "Diluted EPS": 0.01,
        "Total Revenue": 19,
        "Gross Profit": 4,
        "Operating Income": 0,
        "EBIT": 0,
        "Net Income": 0
    },
    "2018-09-30": {
        "Diluted EPS": 4.03,
        "Total Revenue": 20,
        "Gross Profit": 5,
        "Operating Income": -1,
        "EBIT": -1,
        "Net Income": 16
    },
    "2018-06-30": {
        "Diluted EPS": 0.0,
        "Total Revenue": 20,
        "Gross Profit": 5,
        "Operating Income": 0,
        "EBIT": 0,
        "Net Income": 0
    },
    "2018-03-31": {
        "Diluted EPS": -0.16,
        "Total Revenue": 17,
        "Gross Profit": 4,
        "Operating Income": -1,
        "EBIT": -1,
        "Net Income": -1
    },
    "2017-12-31": {
        "Diluted EPS": -0.32,
        "Total Revenue": 17,
        "Gross Profit": 4,
        "Operating Income": 0,
        "EBIT": 0,
        "Net Income": -1
    },
    "2017-09-30": {
        "Diluted EPS": 0.35,
        "Total Revenue": 17,
        "Gross Profit": 5,
        "Operating Income": 2,
        "EBIT": 2,
        "Net Income": 1
    },
    "2017-06-30": {
        "Diluted EPS": 0.18,
        "Total Revenue": 26,
        "Gross Profit": 6,
        "Operating Income": 1,
        "EBIT": 1,
        "Net Income": 1
    },
    "2017-03-31": {
        "Diluted EPS": 0.11,
        "Total Revenue": 25,
        "Gross Profit": 6,
        "Operating Income": 1,
        "EBIT": 1,
        "Net Income": 0
    },
    "2016-12-31": {
        "Diluted EPS": -0.01,
        "Total Revenue": 20,
        "Gross Profit": 4,
        "Operating Income": 0,
        "EBIT": 0,
        "Net Income": 0
    },
    "2016-09-30": {
        "Diluted EPS": 0.15,
        "Total Revenue": 26,
        "Gross Profit": 6,
        "Operating Income": 1,
        "EBIT": 1,
        "Net Income": 1
    },
    "2016-06-30": {
        "Diluted EPS": 0.32,
        "Total Revenue": 27,
        "Gross Profit": 7,
        "Operating Income": 2,
        "EBIT": 2,
        "Net Income": 1
    },
    "2016-03-31": {
        "Diluted EPS": 0.13,
        "Total Revenue": 27,
        "Gross Profit": 6,
        "Operating Income": 1,
        "EBIT": 1,
        "Net Income": 0
    },
    "2015-12-31": {
        "Diluted EPS": 0.07,
        "Total Revenue": 24,
        "Gross Profit": 5,
        "Operating Income": 0,
        "EBIT": 1,
        "Net Income": 0
    },
    "2015-09-30": {
        "Diluted EPS": 0.18,
        "Total Revenue": 28,
        "Gross Profit": 6,
        "Operating Income": 1,
        "EBIT": 1,
        "Net Income": 1
    },
    "2015-06-30": {
        "Diluted EPS": 0.07,
        "Total Revenue": 22,
        "Gross Profit": 5,
        "Operating Income": 1,
        "EBIT": 1,
        "Net Income": 0
    },
    "2015-03-31": {
        "Diluted EPS": -0.19,
        "Total Revenue": 19,
        "Gross Profit": 4,
        "Operating Income": -1,
        "EBIT": 0,
        "Net Income": -1
    },
    "2014-12-31": {
        "Diluted EPS": -0.12,
        "Total Revenue": 20,
        "Gross Profit": 4,
        "Operating Income": -1,
        "EBIT": -1,
        "Net Income": 0
    },
    "2014-09-30": {
        "Diluted EPS": -0.03,
        "Total Revenue": 20,
        "Gross Profit": 5,
        "Operating Income": 0,
        "EBIT": 0,
        "Net Income": 0
    },
    "2014-06-30": {
        "Diluted EPS": 0.25,
        "Total Revenue": 23,
        "Gross Profit": 6,
        "Operating Income": 1,
        "EBIT": 1,
        "Net Income": 1
    },
    "2014-03-31": {
        "Diluted EPS": 0.05,
        "Total Revenue": 21,
        "Gross Profit": 5,
        "Operating Income": 0,
        "EBIT": 0,
        "Net Income": 0
    },
    "2013-12-31": {
        "Diluted EPS": 0.1,
        "Total Revenue": 21,
        "Gross Profit": 5,
        "Operating Income": 0,
        "EBIT": 1,
        "Net Income": 0
    },
    "2013-09-30": {
        "Diluted EPS": 0.0,
        "Total Revenue": 22,
        "Gross Profit": 5,
        "Operating Income": 0,
        "EBIT": 0,
        "Net Income": 0
    },
    "2013-06-30": {
        "Diluted EPS": -0.14,
        "Total Revenue": 19,
        "Gross Profit": 4,
        "Operating Income": -1,
        "EBIT": -1,
        "Net Income": 0
    },
    "2013-03-31": {
        "Diluted EPS": 0.21,
        "Total Revenue": 26,
        "Gross Profit": 6,
        "Operating Income": 1,
        "EBIT": 1,
        "Net Income": 1
    },
    "2012-12-31": {
        "Diluted EPS": 0.03,
        "Total Revenue": 21,
        "Gross Profit": 4,
        "Operating Income": 0,
        "EBIT": 0,
        "Net Income": 0
    },
    "2012-09-30": {
        "Diluted EPS": 1.43,
        "Total Revenue": 22,
        "Gross Profit": 6,
        "Operating Income": 2,
        "EBIT": 2,
        "Net Income": 5
    },
    "2012-06-30": {
        "Diluted EPS": 0.22,
        "Total Revenue": 22,
        "Gross Profit": 5,
        "Operating Income": 1,
        "EBIT": 1,
        "Net Income": 1
    },
    "2012-03-31": {
        "Diluted EPS": 0.13,
        "Total Revenue": 19,
        "Gross Profit": 5,
        "Operating Income": 1,
        "EBIT": 1,
        "Net Income": 0
    },
    "2011-12-31": {
        "Diluted EPS": 0.13,
        "Total Revenue": 21,
        "Gross Profit": 5,
        "Operating Income": 1,
        "EBIT": 1,
        "Net Income": 0
    },
    "2011-09-30": {
        "Diluted EPS": -0.03,
        "Total Revenue": 17,
        "Gross Profit": 4,
        "Operating Income": 0,
        "EBIT": 0,
        "Net Income": 0
    },
    "2011-06-30": {
        "Diluted EPS": -0.06,
        "Total Revenue": 19,
        "Gross Profit": 4,
        "Operating Income": 0,
        "EBIT": 0,
        "Net Income": 0
    },
    "2011-03-31": {
        "Diluted EPS": 0.08,
        "Total Revenue": 18,
        "Gross Profit": 4,
        "Operating Income": 0,
        "EBIT": 1,
        "Net Income": 0
    },
    "2010-12-31": {
        "Diluted EPS": 0.11,
        "Total Revenue": 21,
        "Gross Profit": 5,
        "Operating Income": 1,
        "EBIT": 1,
        "Net Income": 0
    },
    "2010-09-30": {
        "Diluted EPS": 0.02,
        "Total Revenue": 21,
        "Gross Profit": 5,
        "Operating Income": 0,
        "EBIT": 0,
        "Net Income": 0
    },
    "2010-06-30": {
        "Diluted EPS": 0.17,
        "Total Revenue": 27,
        "Gross Profit": 5,
        "Operating Income": 1,
        "EBIT": 1,
        "Net Income": 1
    },
    "2010-03-31": {
        "Diluted EPS": 0.27,
        "Total Revenue": 24,
        "Gross Profit": 5,
        "Operating Income": 2,
        "EBIT": 2,
        "Net Income": 1
    },
    "2009-12-31": {
        "Diluted EPS": -0.21,
        "Total Revenue": 19,
        "Gross Profit": 2,
        "Operating Income": -1,
        "EBIT": -1,
        "Net Income": -1
    },
    "2009-09-30": {
        "Diluted EPS": -0.99,
        "Total Revenue": 18,
        "Gross Profit": 3,
        "Operating Income": -5,
        "EBIT": -1,
        "Net Income": -4
    },
    "2009-06-30": {
        "Diluted EPS": -0.21,
        "Total Revenue": 19,
        "Gross Profit": 3,
        "Operating Income": -1,
        "EBIT": -1,
        "Net Income": -1
    },
    "2009-03-31": {
        "Diluted EPS": 0.06,
        "Total Revenue": 23,
        "Gross Profit": 4,
        "Operating Income": 0,
        "EBIT": 0,
        "Net Income": 0
    },
    "2023-06-30": {
        "Tax Effect Of Unusual Items": -19530.0,
        "Tax Rate For Calcs": 0.21,
        "Normalized EBITDA": 1241000.0,
        "Total Unusual Items": -93000.0,
        "Total Unusual Items Excluding Goodwill": -93000.0,
        "Net Income From Continuing Operation Net Minority Interest": 2514000.0,
        "Reconciled Depreciation": 244000.0,
        "Reconciled Cost Of Revenue": 11781000.0,
        "EBITDA": 1148000.0,
        "EBIT": 904000.0,
        "Net Interest Income": 319000.0,
        "Interest Expense": 82000.0,
        "Interest Income": 401000.0,
        "Normalized Income": 2587470.0,
        "Net Income From Continuing And Discontinued Operation": 2514000.0,
        "Total Expenses": 17133000.0,
        "Total Operating Income As Reported": 575000.0,
        "Diluted Average Shares": 9032000.0,
        "Basic Average Shares": 8826000.0,
        "Diluted EPS": 0.26,
        "Basic EPS": 0.27,
        "Diluted NI Availto Com Stockholders": 2355000.0,
        "Net Income Common Stockholders": 2355000.0,
        "Otherunder Preferred Stock Dividend": 159000.0,
        "Net Income": 2514000.0,
        "Net Income Including Noncontrolling Interests": 2514000.0,
        "Net Income Continuous Operations": 2514000.0,
        "Tax Provision": -1692000.0,
        "Pretax Income": 822000.0,
        "Other Income Expense": -72000.0,
        "Other Non Operating Income Expenses": 21000.0,
        "Gain On Sale Of Security": -93000.0,
        "Net Non Operating Interest Income Expense": 319000.0,
        "Interest Expense Non Operating": 82000.0,
        "Interest Income Non Operating": 401000.0,
        "Operating Income": 575000.0,
        "Operating Expense": 5352000.0,
        "Research And Development": 741000.0,
        "Selling General And Administration": 4611000.0,
        "Gross Profit": 5927000.0,
        "Cost Of Revenue": 11781000.0,
        "Total Revenue": 17708000.0,
        "Operating Revenue": 17708000.0
    },
    "2023-09-30": {
        "Tax Effect Of Unusual Items": 475440.0,
        "Tax Rate For Calcs": 0.21,
        "Normalized EBITDA": 428000.0,
        "Total Unusual Items": 2264000.0,
        "Total Unusual Items Excluding Goodwill": 2264000.0,
        "Net Income From Continuing Operation Net Minority Interest": 1408000.0,
        "Reconciled Depreciation": 211000.0,
        "Reconciled Cost Of Revenue": 10140000.0,
        "EBITDA": 2692000.0,
        "EBIT": 2481000.0,
        "Net Interest Income": 419000.0,
        "Interest Expense": 54000.0,
        "Interest Income": 473000.0,
        "Normalized Income": -380560.0,
        "Net Income From Continuing And Discontinued Operation": 1408000.0,
        "Total Expenses": 15632000.0,
        "Total Operating Income As Reported": -306000.0,
        "Diluted Average Shares": 8928000.0,
        "Basic Average Shares": 8852000.0,
        "Diluted EPS": 0.15,
        "Basic EPS": 0.15,
        "Diluted NI Availto Com Stockholders": 1320000.0,
        "Net Income Common Stockholders": 1320000.0,
        "Otherunder Preferred Stock Dividend": 88000.0,
        "Net Income": 1408000.0,
        "Net Income Including Noncontrolling Interests": 1408000.0,
        "Net Income Continuous Operations": 1408000.0,
        "Tax Provision": 1019000.0,
        "Pretax Income": 2427000.0,
        "Other Income Expense": 2314000.0,
        "Other Non Operating Income Expenses": 50000.0,
        "Gain On Sale Of Security": 128000.0,
        "Net Non Operating Interest Income Expense": 419000.0,
        "Interest Expense Non Operating": 54000.0,
        "Interest Income Non Operating": 473000.0,
        "Operating Income": -306000.0,
        "Operating Expense": 5492000.0,
        "Research And Development": 705000.0,
        "Selling General And Administration": 4787000.0,
        "Gross Profit": 5186000.0,
        "Cost Of Revenue": 10140000.0,
        "Total Revenue": 15326000.0,
        "Operating Revenue": 15326000.0
    },
    "2023-12-31": {
        "Tax Effect Of Unusual Items": -40020.0,
        "Tax Rate For Calcs": 0.23,
        "Normalized EBITDA": 363000.0,
        "Total Unusual Items": -174000.0,
        "Total Unusual Items Excluding Goodwill": -174000.0,
        "Net Income From Continuing Operation Net Minority Interest": -73000.0,
        "Reconciled Depreciation": 200000.0,
        "Reconciled Cost Of Revenue": 11280000.0,
        "EBITDA": 189000.0,
        "EBIT": -11000.0,
        "Net Interest Income": 447000.0,
        "Interest Expense": 49000.0,
        "Interest Income": 496000.0,
        "Normalized Income": 60980.0,
        "Net Income From Continuing And Discontinued Operation": -73000.0,
        "Total Expenses": 15718000.0,
        "Total Operating Income As Reported": -343000.0,
        "Diluted Average Shares": 8864000.0,
        "Basic Average Shares": 8864000.0,
        "Diluted EPS": -0.01,
        "Basic EPS": -0.01,
        "Diluted NI Availto Com Stockholders": -73000.0,
        "Net Income Common Stockholders": -73000.0,
        "Otherunder Preferred Stock Dividend": 0.0,
        "Net Income": -73000.0,
        "Net Income Including Noncontrolling Interests": -73000.0,
        "Net Income Continuous Operations": -73000.0,
        "Tax Provision": 13000.0,
        "Pretax Income": -60000.0,
        "Other Income Expense": -164000.0,
        "Other Non Operating Income Expenses": 10000.0,
        "Gain On Sale Of Security": -174000.0,
        "Net Non Operating Interest Income Expense": 447000.0,
        "Interest Expense Non Operating": 49000.0,
        "Interest Income Non Operating": 496000.0,
        "Operating Income": -343000.0,
        "Operating Expense": 4438000.0,
        "Research And Development": 700000.0,
        "Selling General And Administration": 3738000.0,
        "Gross Profit": 4095000.0,
        "Cost Of Revenue": 11280000.0,
        "Total Revenue": 15375000.0,
        "Operating Revenue": 15375000.0
    },
    "2024-03-31": {
        "Tax Effect Of Unusual Items": 2507.254788,
        "Tax Rate For Calcs": 0.078352,
        "Normalized EBITDA": 1935000.0,
        "Total Unusual Items": 32000.0,
        "Total Unusual Items Excluding Goodwill": 32000.0,
        "Net Income From Continuing Operation Net Minority Interest": 1588000.0,
        "Reconciled Depreciation": 198000.0,
        "Reconciled Cost Of Revenue": 7228000.0,
        "EBITDA": 1967000.0,
        "EBIT": 1769000.0,
        "Net Interest Income": 432000.0,
        "Interest Expense": 46000.0,
        "Interest Income": 478000.0,
        "Normalized Income": 1558507.254788,
        "Net Income From Continuing And Discontinued Operation": 1588000.0,
        "Total Expenses": 12472000.0,
        "Total Operating Income As Reported": 1234000.0,
        "Diluted Average Shares": 9455000.0,
        "Basic Average Shares": 9070000.0,
        "Diluted EPS": 0.16,
        "Basic EPS": 0.16,
        "Diluted NI Availto Com Stockholders": 1482000.0,
        "Net Income Common Stockholders": 1482000.0,
        "Otherunder Preferred Stock Dividend": 106000.0,
        "Net Income": 1588000.0,
        "Net Income Including Noncontrolling Interests": 1588000.0,
        "Net Income Continuous Operations": 1588000.0,
        "Tax Provision": 135000.0,
        "Pretax Income": 1723000.0,
        "Other Income Expense": 57000.0,
        "Other Non Operating Income Expenses": 25000.0,
        "Gain On Sale Of Security": 32000.0,
        "Net Non Operating Interest Income Expense": 432000.0,
        "Interest Expense Non Operating": 46000.0,
        "Interest Income Non Operating": 478000.0,
        "Operating Income": 1234000.0,
        "Operating Expense": 5244000.0,
        "Research And Development": 726000.0,
        "Selling General And Administration": 4518000.0,
        "Gross Profit": 6478000.0,
        "Cost Of Revenue": 7228000.0,
        "Total Revenue": 13706000.0,
        "Operating Revenue": 13706000.0
    },
    "2024-06-30": {
        "Tax Effect Of Unusual Items": -2930.0,
        "Tax Rate For Calcs": 0.293,
        "Normalized EBITDA": 5000.0,
        "Total Unusual Items": -10000.0,
        "Total Unusual Items Excluding Goodwill": -10000.0,
        "Net Income From Continuing Operation Net Minority Interest": -185000.0,
        "Reconciled Depreciation": 200000.0,
        "Reconciled Cost Of Revenue": 8523000.0,
        "EBITDA": -5000.0,
        "EBIT": -205000.0,
        "Net Interest Income": 468000.0,
        "Interest Expense": 55000.0,
        "Interest Income": 523000.0,
        "Normalized Income": -177930.0,
        "Net Income From Continuing And Discontinued Operation": -185000.0,
        "Total Expenses": 13825000.0,
        "Total Operating Income As Reported": -720000.0,
        "Diluted Average Shares": 9110000.0,
        "Basic Average Shares": 9110000.0,
        "Diluted EPS": -0.02,
        "Basic EPS": -0.02,
        "Diluted NI Availto Com Stockholders": -185000.0,
        "Net Income Common Stockholders": -185000.0,
        "Otherunder Preferred Stock Dividend": 0.0,
        "Net Income": -185000.0,
        "Net Income Including Noncontrolling Interests": -185000.0,
        "Net Income Continuous Operations": -185000.0,
        "Tax Provision": -75000.0,
        "Pretax Income": -260000.0,
        "Other Income Expense": -8000.0,
        "Other Non Operating Income Expenses": 2000.0,
        "Gain On Sale Of Security": -10000.0,
        "Net Non Operating Interest Income Expense": 468000.0,
        "Interest Expense Non Operating": 55000.0,
        "Interest Income Non Operating": 523000.0,
        "Operating Income": -720000.0,
        "Operating Expense": 5302000.0,
        "Research And Development": 737000.0,
        "Selling General And Administration": 4565000.0,
        "Gross Profit": 4582000.0,
        "Cost Of Revenue": 8523000.0,
        "Total Revenue": 13105000.0,
        "Operating Revenue": 13105000.0
    }
}