{
    "2023-03-31": {
        "Tax Effect Of Unusual Items": 0.0,
        "Tax Rate For Calcs": 0.21,
        "Normalized EBITDA": 622525.0,
        "Total Unusual Items": -351004.0,
        "Total Unusual Items Excluding Goodwill": -351004.0,
        "Net Income From Continuing Operation Net Minority Interest": -55564542.0,
        "Reconciled Depreciation": 38434319.0,
        "Reconciled Cost Of Revenue": 69055766.0,
        "EBITDA": 622525.0,
        "EBIT": -37811794.0,
        "Net Interest Income": -16666259.0,
        "Interest Expense": 16666259.0,
        "Normalized Income": -55564542.0,
        "Net Income From Continuing And Discontinued Operation": -55564542.0,
        "Total Expenses": 148105777.0,
        "Total Operating Income As Reported": -38506484.0,
        "Diluted Average Shares": 21249105.0,
        "Basic Average Shares": 21249105.0,
        "Diluted EPS": -2.76,
        "Basic EPS": -2.76,
        "Diluted NI Availto Com Stockholders": -58577133.0,
        "Net Income Common Stockholders": -58577133.0,
        "Preferred Stock Dividends": 3012591.0,
        "Net Income": -55564542.0,
        "Minority Interests": 127662.0,
        "Net Income Including Noncontrolling Interests": -55692204.0,
        "Net Income Continuous Operations": -55692204.0,
        "Tax Provision": 1214151.0,
        "Pretax Income": -54478053.0,
        "Other Income Expense": 694690.0,
        "Other Non Operating Income Expenses": 694690.0,
        "Special Income Charges": -351004.0,
        "Write Off": 351004.0,
        "Impairment Of Capital Assets": NaN,
        "Restructuring And Mergern Acquisition": NaN,
        "Net Non Operating Interest Income Expense": -16666259.0,
        "Interest Expense Non Operating": 16666259.0,
        "Operating Income": -38506484.0,
        "Operating Expense": 51799409.0,
        "Other Operating Expenses": 16328330.0,
        "Depreciation Amortization Depletion Income Statement": 11183717.0,
        "Depreciation And Amortization In Income Statement": 11183717.0,
        "Selling General And Administration": 24287362.0,
        "General And Administrative Expense": 24287362.0,
        "Other Gand A": 1857104.0,
        "Salaries And Wages": 22430258.0,
        "Gross Profit": 13292925.0,
        "Cost Of Revenue": 96306368.0,
        "Total Revenue": 109599293.0,
        "Operating Revenue": 109599293.0
    },
    "2022-12-31": {
        "Tax Effect Of Unusual Items": NaN,
        "Tax Rate For Calcs": NaN,
        "Normalized EBITDA": NaN,
        "Total Unusual Items": -3936463.0,
        "Total Unusual Items Excluding Goodwill": -3936463.0,
        "Net Income From Continuing Operation Net Minority Interest": NaN,
        "Reconciled Depreciation": NaN,
        "Reconciled Cost Of Revenue": NaN,
        "EBITDA": NaN,
        "EBIT": NaN,
        "Net Interest Income": NaN,
        "Interest Expense": NaN,
        "Normalized Income": NaN,
        "Net Income From Continuing And Discontinued Operation": NaN,
        "Total Expenses": NaN,
        "Total Operating Income As Reported": NaN,
        "Diluted Average Shares": 20885719.0,
        "Basic Average Shares": 20885719.0,
        "Diluted EPS": -2.7,
        "Basic EPS": -2.7,
        "Diluted NI Availto Com Stockholders": NaN,
        "Net Income Common Stockholders": NaN,
        "Preferred Stock Dividends": NaN,
        "Net Income": NaN,
        "Minority Interests": NaN,
        "Net Income Including Noncontrolling Interests": NaN,
        "Net Income Continuous Operations": NaN,
        "Tax Provision": NaN,
        "Pretax Income": NaN,
        "Other Income Expense": NaN,
        "Other Non Operating Income Expenses": NaN,
        "Special Income Charges": -3936463.0,
        "Write Off": 436463.0,
        "Impairment Of Capital Assets": NaN,
        "Restructuring And Mergern Acquisition": 3500000.0,
        "Net Non Operating Interest Income Expense": NaN,
        "Interest Expense Non Operating": NaN,
        "Operating Income": NaN,
        "Operating Expense": NaN,
        "Other Operating Expenses": NaN,
        "Depreciation Amortization Depletion Income Statement": NaN,
        "Depreciation And Amortization In Income Statement": NaN,
        "Selling General And Administration": NaN,
        "General And Administrative Expense": NaN,
        "Other Gand A": NaN,
        "Salaries And Wages": NaN,
        "Gross Profit": NaN,
        "Cost Of Revenue": NaN,
        "Total Revenue": NaN,
        "Operating Revenue": NaN
    },
    "2022-09-30": {
        "Tax Effect Of Unusual Items": NaN,
        "Tax Rate For Calcs": NaN,
        "Normalized EBITDA": NaN,
        "Total Unusual Items": NaN,
        "Total Unusual Items Excluding Goodwill": NaN,
        "Net Income From Continuing Operation Net Minority Interest": NaN,
        "Reconciled Depreciation": NaN,
        "Reconciled Cost Of Revenue": NaN,
        "EBITDA": NaN,
        "EBIT": NaN,
        "Net Interest Income": NaN,
        "Interest Expense": NaN,
        "Normalized Income": NaN,
        "Net Income From Continuing And Discontinued Operation": NaN,
        "Total Expenses": NaN,
        "Total Operating Income As Reported": NaN,
        "Diluted Average Shares": NaN,
        "Basic Average Shares": NaN,
        "Diluted EPS": NaN,
        "Basic EPS": NaN,
        "Diluted NI Availto Com Stockholders": NaN,
        "Net Income Common Stockholders": NaN,
        "Preferred Stock Dividends": NaN,
        "Net Income": NaN,
        "Minority Interests": NaN,
        "Net Income Including Noncontrolling Interests": NaN,
        "Net Income Continuous Operations": NaN,
        "Tax Provision": NaN,
        "Pretax Income": NaN,
        "Other Income Expense": NaN,
        "Other Non Operating Income Expenses": NaN,
        "Special Income Charges": NaN,
        "Write Off": -45614.0,
        "Impairment Of Capital Assets": 0.0,
        "Restructuring And Mergern Acquisition": 15476452.0,
        "Net Non Operating Interest Income Expense": NaN,
        "Interest Expense Non Operating": NaN,
        "Operating Income": NaN,
        "Operating Expense": NaN,
        "Other Operating Expenses": NaN,
        "Depreciation Amortization Depletion Income Statement": NaN,
        "Depreciation And Amortization In Income Statement": NaN,
        "Selling General And Administration": NaN,
        "General And Administrative Expense": NaN,
        "Other Gand A": NaN,
        "Salaries And Wages": NaN,
        "Gross Profit": NaN,
        "Cost Of Revenue": NaN,
        "Total Revenue": NaN,
        "Operating Revenue": NaN
    },
    "2022-06-30": {
        "Tax Effect Of Unusual Items": 0.0,
        "Tax Rate For Calcs": 0.0,
        "Normalized EBITDA": -3369912.0,
        "Total Unusual Items": -37425.0,
        "Total Unusual Items Excluding Goodwill": -37425.0,
        "Net Income From Continuing Operation Net Minority Interest": -18391748.0,
        "Reconciled Depreciation": 13307670.0,
        "Reconciled Cost Of Revenue": 19969297.0,
        "EBITDA": -3407337.0,
        "EBIT": -16715007.0,
        "Net Interest Income": -2022770.0,
        "Interest Expense": 1805091.0,
        "Normalized Income": -18354323.0,
        "Net Income From Continuing And Discontinued Operation": -18391748.0,
        "Total Expenses": 54376255.0,
        "Total Operating Income As Reported": -16776733.0,
        "Diluted Average Shares": 14950458.0,
        "Basic Average Shares": 14950458.0,
        "Diluted EPS": -1.39,
        "Basic EPS": -1.39,
        "Diluted NI Availto Com Stockholders": -20783190.0,
        "Net Income Common Stockholders": -20783190.0,
        "Preferred Stock Dividends": 2391442.0,
        "Net Income": -18391748.0,
        "Minority Interests": 142350.0,
        "Net Income Including Noncontrolling Interests": -18534098.0,
        "Net Income Continuous Operations": -18534098.0,
        "Tax Provision": 14000.0,
        "Pretax Income": -18520098.0,
        "Other Income Expense": 241980.0,
        "Other Non Operating Income Expenses": 279405.0,
        "Special Income Charges": -37425.0,
        "Write Off": 37425.0,
        "Restructuring And Mergern Acquisition": NaN,
        "Net Non Operating Interest Income Expense": -2022770.0,
        "Total Other Finance Cost": 217679.0,
        "Interest Expense Non Operating": 1805091.0,
        "Operating Income": -16739308.0,
        "Operating Expense": 22779731.0,
        "Other Operating Expenses": 7916696.0,
        "Depreciation Amortization Depletion Income Statement": 1680443.0,
        "Depreciation And Amortization In Income Statement": 1680443.0,
        "Selling General And Administration": 13182592.0,
        "General And Administrative Expense": 13182592.0,
        "Other Gand A": 4274104.0,
        "Salaries And Wages": 8908488.0,
        "Gross Profit": 6040423.0,
        "Cost Of Revenue": 31596524.0,
        "Total Revenue": 37636947.0,
        "Operating Revenue": 37636947.0
    },
    "2022-03-31": {
        "Diluted EPS": -0.92,
        "Total Revenue": 29,
        "Gross Profit": 7,
        "Operating Income": -11,
        "EBIT": -4,
        "Net Income": -14
    },
    "2021-12-31": {
        "Diluted EPS": -1.46,
        "Total Revenue": 36,
        "Gross Profit": 2,
        "Operating Income": -19,
        "EBIT": 3,
        "Net Income": -22
    },
    "2021-09-30": {
        "Diluted EPS": -1.04,
        "Total Revenue": 29,
        "Gross Profit": 6,
        "Operating Income": -13,
        "EBIT": 1,
        "Net Income": -17
    },
    "2021-06-30": {
        "Diluted EPS": -0.79,
        "Total Revenue": 22,
        "Gross Profit": 7,
        "Operating Income": -8,
        "EBIT": 2,
        "Net Income": -11
    },
    "2021-03-31": {
        "Diluted EPS": -0.67,
        "Total Revenue": 23,
        "Gross Profit": 7,
        "Operating Income": -6,
        "EBIT": 5,
        "Net Income": -9
    },
    "2020-12-31": {
        "Diluted EPS": -0.8,
        "Total Revenue": 20,
        "Gross Profit": 6,
        "Operating Income": -10,
        "EBIT": 3,
        "Net Income": -10
    },
    "2020-09-30": {
        "Diluted EPS": -1.04,
        "Total Revenue": 19,
        "Gross Profit": 5,
        "Operating Income": -11,
        "EBIT": 2,
        "Net Income": -13
    },
    "2020-06-30": {
        "Diluted EPS": -0.83,
        "Total Revenue": 14,
        "Gross Profit": 1,
        "Operating Income": -13,
        "EBIT": -1,
        "Net Income": -10
    },
    "2020-03-31": {
        "Diluted EPS": -0.95,
        "Total Revenue": 13,
        "Gross Profit": 3,
        "Operating Income": -10,
        "EBIT": -2,
        "Net Income": -11
    },
    "2019-12-31": {
        "Diluted EPS": -1.04,
        "Total Revenue": 24,
        "Gross Profit": 8,
        "Operating Income": -11,
        "EBIT": 4,
        "Net Income": -12
    },
    "2019-09-30": {
        "Diluted EPS": -1.11,
        "Total Revenue": 17,
        "Gross Profit": 3,
        "Operating Income": -10,
        "EBIT": -3,
        "Net Income": -13
    },
    "2019-06-30": {
        "Diluted EPS": -0.49,
        "Total Revenue": 12,
        "Gross Profit": 4,
        "Operating Income": -3,
        "EBIT": -1,
        "Net Income": -6
    },
    "2019-03-31": {
        "Diluted EPS": -0.28,
        "Total Revenue": 2,
        "Gross Profit": 1,
        "Operating Income": -3,
        "EBIT": -2,
        "Net Income": -3
    },
    "2018-12-31": {
        "Diluted EPS": 0.09,
        "Total Revenue": 12,
        "Gross Profit": 7,
        "Operating Income": 2,
        "EBIT": 6,
        "Net Income": 1
    },
    "2018-09-30": {
        "Diluted EPS": -0.02,
        "Total Revenue": 6,
        "Gross Profit": 4,
        "Operating Income": 1,
        "EBIT": 3,
        "Net Income": 0
    },
    "2018-06-30": {
        "Diluted EPS": -0.14,
        "Total Revenue": 3,
        "Gross Profit": 1,
        "Operating Income": -2,
        "EBIT": 0,
        "Net Income": -2
    },
    "2018-03-31": {
        "Diluted EPS": -0.09,
        "Total Revenue": 6,
        "Gross Profit": 3,
        "Operating Income": -1,
        "EBIT": 2,
        "Net Income": -1
    },
    "2017-12-31": {
        "Diluted EPS": 2.13,
        "Total Revenue": 8,
        "Gross Profit": 5,
        "Operating Income": 0,
        "EBIT": 3,
        "Net Income": 22
    },
    "2017-09-30": {
        "Diluted EPS": -0.05,
        "Total Revenue": 0,
        "Gross Profit": 0,
        "Operating Income": -1,
        "EBIT": -1,
        "Net Income": -1
    },
    "2017-06-30": {
        "Diluted EPS": -0.08,
        "Total Revenue": 1,
        "Gross Profit": 0,
        "Operating Income": 0,
        "EBIT": 1,
        "Net Income": -1
    },
    "2017-03-31": {
        "Diluted EPS": -0.01,
        "Total Revenue": 1,
        "Gross Profit": 1,
        "Operating Income": 1,
        "EBIT": 1,
        "Net Income": 0
    },
    "2016-12-31": {
        "Diluted EPS": 0.17,
        "Total Revenue": 6,
        "Gross Profit": 4,
        "Operating Income": 3,
        "EBIT": 5,
        "Net Income": 2
    },
    "2016-09-30": {
        "Diluted EPS": -0.12,
        "Total Revenue": 0,
        "Gross Profit": 0,
        "Operating Income": -2,
        "EBIT": -2,
        "Net Income": -1
    },
    "2016-06-30": {
        "Diluted EPS": 0.01,
        "Total Revenue": 1,
        "Gross Profit": 1,
        "Operating Income": 0,
        "EBIT": 1,
        "Net Income": 0
    },
    "2016-03-31": {
        "Diluted EPS": 0.03,
        "Total Revenue": 1,
        "Gross Profit": 1,
        "Operating Income": 0,
        "EBIT": 1,
        "Net Income": 0
    },
    "2023-06-30": {
        "Tax Effect Of Unusual Items": -12127.984,
        "Tax Rate For Calcs": 0.044,
        "Normalized EBITDA": -24912.0,
        "Total Unusual Items": -275636.0,
        "Total Unusual Items Excluding Goodwill": -275636.0,
        "Net Income From Continuing Operation Net Minority Interest": -40408643.0,
        "Reconciled Depreciation": 24182625.0,
        "Reconciled Cost Of Revenue": 52098227.0,
        "EBITDA": -300548.0,
        "EBIT": -24483173.0,
        "Net Interest Income": -17901099.0,
        "Interest Expense": 17901099.0,
        "Normalized Income": -40145134.984,
        "Net Income From Continuing And Discontinued Operation": -40408643.0,
        "Total Expenses": 105488095.0,
        "Total Operating Income As Reported": -25853668.0,
        "Diluted Average Shares": 29171223.0,
        "Basic Average Shares": 29171223.0,
        "Diluted EPS": -1.5,
        "Basic EPS": -1.5,
        "Diluted NI Availto Com Stockholders": -43732399.0,
        "Net Income Common Stockholders": -43732399.0,
        "Preferred Stock Dividends": 3323756.0,
        "Net Income": -40408643.0,
        "Minority Interests": 76942.0,
        "Net Income Including Noncontrolling Interests": -40485585.0,
        "Net Income Continuous Operations": -40485585.0,
        "Tax Provision": -1898687.0,
        "Pretax Income": -42384272.0,
        "Other Income Expense": 1094859.0,
        "Other Non Operating Income Expenses": 1370495.0,
        "Special Income Charges": -275636.0,
        "Write Off": 275636.0,
        "Impairment Of Capital Assets": NaN,
        "Restructuring And Mergern Acquisition": NaN,
        "Net Non Operating Interest Income Expense": -17901099.0,
        "Interest Expense Non Operating": 17901099.0,
        "Operating Income": -25578032.0,
        "Operating Expense": 40202328.0,
        "Other Operating Expenses": 11457255.0,
        "Depreciation Amortization Depletion Income Statement": 10995085.0,
        "Depreciation And Amortization In Income Statement": 10995085.0,
        "Selling General And Administration": 17749988.0,
        "General And Administrative Expense": 17749988.0,
        "Other Gand A": 5773089.0,
        "Salaries And Wages": 11976899.0,
        "Gross Profit": 14624296.0,
        "Cost Of Revenue": 65285767.0,
        "Total Revenue": 79910063.0,
        "Operating Revenue": 79910063.0
    },
    "2023-09-30": {
        "Tax Effect Of Unusual Items": -4121773.326,
        "Tax Rate For Calcs": 0.011,
        "Normalized EBITDA": -28580297.0,
        "Total Unusual Items": -374706666.0,
        "Total Unusual Items Excluding Goodwill": -374706666.0,
        "Net Income From Continuing Operation Net Minority Interest": -429793146.0,
        "Reconciled Depreciation": -29986110.0,
        "Reconciled Cost Of Revenue": 106327984.0,
        "EBITDA": -403286963.0,
        "EBIT": -413738995.0,
        "Net Interest Income": -20924973.0,
        "Interest Expense": 20924973.0,
        "Normalized Income": -59208253.326,
        "Net Income From Continuing And Discontinued Operation": -429793146.0,
        "Total Expenses": 105695543.0,
        "Total Operating Income As Reported": -414678323.0,
        "Diluted Average Shares": 31442984.0,
        "Basic Average Shares": 31442984.0,
        "Diluted EPS": -13.78,
        "Basic EPS": -13.78,
        "Diluted NI Availto Com Stockholders": -433354738.0,
        "Net Income Common Stockholders": -433354738.0,
        "Preferred Stock Dividends": 3561592.0,
        "Net Income": -429793146.0,
        "Minority Interests": 155074.0,
        "Net Income Including Noncontrolling Interests": -429948220.0,
        "Net Income Continuous Operations": -429948220.0,
        "Tax Provision": -4715748.0,
        "Pretax Income": -434663968.0,
        "Other Income Expense": -373767338.0,
        "Other Non Operating Income Expenses": 939328.0,
        "Special Income Charges": -374706666.0,
        "Write Off": NaN,
        "Impairment Of Capital Assets": 374706666.0,
        "Restructuring And Mergern Acquisition": 0.0,
        "Net Non Operating Interest Income Expense": -20924973.0,
        "Interest Expense Non Operating": 20924973.0,
        "Operating Income": -39971657.0,
        "Operating Expense": 39805701.0,
        "Other Operating Expenses": 11741575.0,
        "Depreciation Amortization Depletion Income Statement": 10452032.0,
        "Depreciation And Amortization In Income Statement": 10452032.0,
        "Selling General And Administration": 17612094.0,
        "General And Administrative Expense": 17612094.0,
        "Other Gand A": 2693868.0,
        "Salaries And Wages": 14918226.0,
        "Gross Profit": -165956.0,
        "Cost Of Revenue": 65889842.0,
        "Total Revenue": 65723886.0,
        "Operating Revenue": 65723886.0
    },
    "2023-12-31": {
        "Tax Effect Of Unusual Items": -19035.190182,
        "Tax Rate For Calcs": 0.003119,
        "Normalized EBITDA": 26483371.0,
        "Total Unusual Items": -6103120.0,
        "Total Unusual Items Excluding Goodwill": -6103120.0,
        "Net Income From Continuing Operation Net Minority Interest": -96749305.0,
        "Reconciled Depreciation": 101655067.0,
        "Reconciled Cost Of Revenue": 78077825.0,
        "EBITDA": 20380251.0,
        "EBIT": -81274816.0,
        "Net Interest Income": -20618966.0,
        "Interest Expense": 15870109.0,
        "Normalized Income": -90665220.190182,
        "Net Income From Continuing And Discontinued Operation": -96749305.0,
        "Total Expenses": 110433505.0,
        "Total Operating Income As Reported": -77362973.0,
        "Diluted Average Shares": NaN,
        "Basic Average Shares": NaN,
        "Diluted EPS": NaN,
        "Basic EPS": NaN,
        "Diluted NI Availto Com Stockholders": -100887114.0,
        "Net Income Common Stockholders": -100887114.0,
        "Preferred Stock Dividends": 4137809.0,
        "Net Income": -96749305.0,
        "Minority Interests": 92632.0,
        "Net Income Including Noncontrolling Interests": -96841937.0,
        "Net Income Continuous Operations": -96841937.0,
        "Tax Provision": -302988.0,
        "Pretax Income": -97144925.0,
        "Other Income Expense": -5266106.0,
        "Other Non Operating Income Expenses": 837014.0,
        "Special Income Charges": -6103120.0,
        "Write Off": NaN,
        "Impairment Of Capital Assets": 6103120.0,
        "Restructuring And Mergern Acquisition": 0.0,
        "Net Non Operating Interest Income Expense": -20618966.0,
        "Interest Expense Non Operating": 15870109.0,
        "Operating Income": -71259853.0,
        "Operating Expense": 32355680.0,
        "Other Operating Expenses": 10274973.0,
        "Depreciation Amortization Depletion Income Statement": 5169201.0,
        "Depreciation And Amortization In Income Statement": 5169201.0,
        "Selling General And Administration": 16911506.0,
        "General And Administrative Expense": 16911506.0,
        "Other Gand A": 3115056.0,
        "Salaries And Wages": 13796450.0,
        "Gross Profit": -38904173.0,
        "Cost Of Revenue": 78077825.0,
        "Total Revenue": 39173652.0,
        "Operating Revenue": 39173652.0
    },
    "2024-03-31": {
        "Tax Effect Of Unusual Items": 0.0,
        "Tax Rate For Calcs": 0.0,
        "Normalized EBITDA": -20837122.0,
        "Total Unusual Items": NaN,
        "Total Unusual Items Excluding Goodwill": NaN,
        "Net Income From Continuing Operation Net Minority Interest": -48699807.0,
        "Reconciled Depreciation": 6059295.0,
        "Reconciled Cost Of Revenue": 26216233.0,
        "EBITDA": -20837122.0,
        "EBIT": -26896417.0,
        "Net Interest Income": -21839172.0,
        "Interest Expense": 21839172.0,
        "Normalized Income": -48699807.0,
        "Net Income From Continuing And Discontinued Operation": -48699807.0,
        "Total Expenses": 54766877.0,
        "Total Operating Income As Reported": -27370933.0,
        "Diluted Average Shares": 32388203.0,
        "Basic Average Shares": 32388203.0,
        "Diluted EPS": -1.63,
        "Basic EPS": -1.63,
        "Diluted NI Availto Com Stockholders": -52902178.0,
        "Net Income Common Stockholders": -52902178.0,
        "Preferred Stock Dividends": 4202371.0,
        "Net Income": -48699807.0,
        "Minority Interests": 35782.0,
        "Net Income Including Noncontrolling Interests": -48735589.0,
        "Net Income Continuous Operations": -48735589.0,
        "Tax Provision": 0.0,
        "Pretax Income": -48735589.0,
        "Other Income Expense": 474516.0,
        "Other Non Operating Income Expenses": 474516.0,
        "Special Income Charges": NaN,
        "Write Off": NaN,
        "Impairment Of Capital Assets": NaN,
        "Restructuring And Mergern Acquisition": NaN,
        "Net Non Operating Interest Income Expense": -21839172.0,
        "Interest Expense Non Operating": 21839172.0,
        "Operating Income": -27370933.0,
        "Operating Expense": 26379881.0,
        "Other Operating Expenses": 6407159.0,
        "Depreciation Amortization Depletion Income Statement": 3888532.0,
        "Depreciation And Amortization In Income Statement": 3888532.0,
        "Selling General And Administration": 16084190.0,
        "General And Administrative Expense": 16084190.0,
        "Other Gand A": 3403854.0,
        "Salaries And Wages": 12680336.0,
        "Gross Profit": -991052.0,
        "Cost Of Revenue": 28386996.0,
        "Total Revenue": 27395944.0,
        "Operating Revenue": 27395944.0
    }
}