{
    "2023-03-31": {
        "Tax Effect Of Unusual Items": 279300.0,
        "Tax Rate For Calcs": 0.21,
        "Normalized EBITDA": -1007000.0,
        "Total Unusual Items": 1330000.0,
        "Total Unusual Items Excluding Goodwill": 1330000.0,
        "Net Income From Continuing Operation Net Minority Interest": -3778000.0,
        "Reconciled Depreciation": 7571000.0,
        "Reconciled Cost Of Revenue": 121031000.0,
        "EBITDA": 323000.0,
        "EBIT": -7248000.0,
        "Net Interest Income": 2336000.0,
        "Interest Expense": NaN,
        "Interest Income": 2336000.0,
        "Normalized Income": -4828700.0,
        "Net Income From Continuing And Discontinued Operation": -3778000.0,
        "Total Expenses": 157881000.0,
        "Total Operating Income As Reported": -5918000.0,
        "Diluted NI Availto Com Stockholders": -3778000.0,
        "Net Income Common Stockholders": -3778000.0,
        "Net Income": -3778000.0,
        "Minority Interests": 73000.0,
        "Net Income Including Noncontrolling Interests": -3851000.0,
        "Net Income Continuous Operations": -3851000.0,
        "Tax Provision": 269000.0,
        "Pretax Income": -3582000.0,
        "Other Income Expense": 1330000.0,
        "Special Income Charges": 1330000.0,
        "Other Special Charges": -1330000.0,
        "Impairment Of Capital Assets": NaN,
        "Restructuring And Mergern Acquisition": NaN,
        "Net Non Operating Interest Income Expense": 2336000.0,
        "Total Other Finance Cost": NaN,
        "Interest Expense Non Operating": NaN,
        "Interest Income Non Operating": 2336000.0,
        "Operating Income": -7248000.0,
        "Operating Expense": 36850000.0,
        "Research And Development": 1046000.0,
        "Selling General And Administration": 35804000.0,
        "Selling And Marketing Expense": 21825000.0,
        "General And Administrative Expense": 13979000.0,
        "Other Gand A": 13979000.0,
        "Gross Profit": 29602000.0,
        "Cost Of Revenue": 121031000.0,
        "Total Revenue": 150633000.0,
        "Operating Revenue": 150633000.0
    },
    "2022-12-31": {
        "Tax Effect Of Unusual Items": -1394318.705598,
        "Tax Rate For Calcs": 0.022477,
        "Normalized EBITDA": 3719000.0,
        "Total Unusual Items": -62032000.0,
        "Total Unusual Items Excluding Goodwill": -62032000.0,
        "Net Income From Continuing Operation Net Minority Interest": -73966000.0,
        "Reconciled Depreciation": 9121000.0,
        "Reconciled Cost Of Revenue": 128438000.0,
        "EBITDA": -58313000.0,
        "EBIT": -67434000.0,
        "Net Interest Income": -8905000.0,
        "Interest Expense": 407000.0,
        "Interest Income": NaN,
        "Normalized Income": -13328318.705598,
        "Net Income From Continuing And Discontinued Operation": -73966000.0,
        "Total Expenses": 163782000.0,
        "Total Operating Income As Reported": -75180000.0,
        "Diluted NI Availto Com Stockholders": -73966000.0,
        "Net Income Common Stockholders": -73966000.0,
        "Net Income": -73966000.0,
        "Minority Interests": -78000.0,
        "Net Income Including Noncontrolling Interests": -73888000.0,
        "Net Income Continuous Operations": -73888000.0,
        "Tax Provision": -1699000.0,
        "Pretax Income": -75587000.0,
        "Other Income Expense": -62269000.0,
        "Special Income Charges": -70767000.0,
        "Other Special Charges": -491000.0,
        "Impairment Of Capital Assets": 71258000.0,
        "Restructuring And Mergern Acquisition": NaN,
        "Net Non Operating Interest Income Expense": -8905000.0,
        "Total Other Finance Cost": NaN,
        "Interest Expense Non Operating": 407000.0,
        "Interest Income Non Operating": NaN,
        "Operating Income": -4413000.0,
        "Operating Expense": 35344000.0,
        "Research And Development": 1151000.0,
        "Selling General And Administration": 34193000.0,
        "Selling And Marketing Expense": 22332000.0,
        "General And Administrative Expense": 11861000.0,
        "Other Gand A": 11861000.0,
        "Gross Profit": 30931000.0,
        "Cost Of Revenue": 128438000.0,
        "Total Revenue": 159369000.0,
        "Operating Revenue": 159369000.0
    },
    "2022-09-30": {
        "Tax Effect Of Unusual Items": -240400.0,
        "Tax Rate For Calcs": 0.4,
        "Normalized EBITDA": 13557000.0,
        "Total Unusual Items": -601000.0,
        "Total Unusual Items Excluding Goodwill": -601000.0,
        "Net Income From Continuing Operation Net Minority Interest": -463000.0,
        "Reconciled Depreciation": 9200000.0,
        "Reconciled Cost Of Revenue": 139110000.0,
        "EBITDA": 12956000.0,
        "EBIT": 3756000.0,
        "Net Interest Income": -4307000.0,
        "Interest Expense": NaN,
        "Interest Income": NaN,
        "Normalized Income": -102400.0,
        "Net Income From Continuing And Discontinued Operation": -463000.0,
        "Total Expenses": 176971000.0,
        "Total Operating Income As Reported": 3155000.0,
        "Diluted Average Shares": 34493599.0,
        "Basic Average Shares": 34493599.0,
        "Diluted EPS": -0.02,
        "Basic EPS": -0.02,
        "Diluted NI Availto Com Stockholders": -463000.0,
        "Net Income Common Stockholders": -463000.0,
        "Net Income": -463000.0,
        "Minority Interests": -99000.0,
        "Net Income Including Noncontrolling Interests": -364000.0,
        "Net Income Continuous Operations": -364000.0,
        "Tax Provision": -788000.0,
        "Pretax Income": -1152000.0,
        "Other Income Expense": -601000.0,
        "Special Income Charges": -601000.0,
        "Other Special Charges": 601000.0,
        "Impairment Of Capital Assets": NaN,
        "Restructuring And Mergern Acquisition": NaN,
        "Net Non Operating Interest Income Expense": -4307000.0,
        "Total Other Finance Cost": 4307000.0,
        "Interest Expense Non Operating": NaN,
        "Interest Income Non Operating": NaN,
        "Operating Income": 3756000.0,
        "Operating Expense": 37861000.0,
        "Research And Development": 853000.0,
        "Selling General And Administration": 37008000.0,
        "Selling And Marketing Expense": 23821000.0,
        "General And Administrative Expense": 13187000.0,
        "Other Gand A": 13187000.0,
        "Gross Profit": 41617000.0,
        "Cost Of Revenue": 139110000.0,
        "Total Revenue": 180727000.0,
        "Operating Revenue": 180727000.0
    },
    "2022-06-30": {
        "Tax Effect Of Unusual Items": -163714.866026,
        "Tax Rate For Calcs": 0.122725,
        "Normalized EBITDA": 17847000.0,
        "Total Unusual Items": -1334000.0,
        "Total Unusual Items Excluding Goodwill": -1334000.0,
        "Net Income From Continuing Operation Net Minority Interest": 11147000.0,
        "Reconciled Depreciation": 8823000.0,
        "Reconciled Cost Of Revenue": 132747000.0,
        "EBITDA": 16513000.0,
        "EBIT": 7690000.0,
        "Net Interest Income": 6445000.0,
        "Interest Expense": NaN,
        "Interest Income": 6445000.0,
        "Normalized Income": 12317285.133974,
        "Net Income From Continuing And Discontinued Operation": 11147000.0,
        "Total Expenses": 172582000.0,
        "Total Operating Income As Reported": 6356000.0,
        "Diluted Average Shares": 34524257.0,
        "Basic Average Shares": 34479635.0,
        "Diluted EPS": 0.32,
        "Basic EPS": 0.32,
        "Diluted NI Availto Com Stockholders": 11147000.0,
        "Net Income Common Stockholders": 11147000.0,
        "Net Income": 11147000.0,
        "Minority Interests": -83000.0,
        "Net Income Including Noncontrolling Interests": 11230000.0,
        "Net Income Continuous Operations": 11230000.0,
        "Tax Provision": 1571000.0,
        "Pretax Income": 12801000.0,
        "Other Income Expense": -1334000.0,
        "Special Income Charges": -1334000.0,
        "Other Special Charges": 1334000.0,
        "Impairment Of Capital Assets": NaN,
        "Restructuring And Mergern Acquisition": NaN,
        "Net Non Operating Interest Income Expense": 6445000.0,
        "Total Other Finance Cost": NaN,
        "Interest Expense Non Operating": NaN,
        "Interest Income Non Operating": 6445000.0,
        "Operating Income": 7690000.0,
        "Operating Expense": 39835000.0,
        "Research And Development": 1190000.0,
        "Selling General And Administration": 38645000.0,
        "Selling And Marketing Expense": 24884000.0,
        "General And Administrative Expense": 13761000.0,
        "Other Gand A": 13761000.0,
        "Gross Profit": 47525000.0,
        "Cost Of Revenue": 132747000.0,
        "Total Revenue": 180272000.0,
        "Operating Revenue": 180272000.0
    },
    "2022-03-31": {
        "Diluted EPS": 0.18,
        "Total Revenue": 170,
        "Gross Profit": 43,
        "Operating Income": 7,
        "EBIT": 16,
        "Net Income": 6
    },
    "2021-12-31": {
        "Diluted EPS": -0.12,
        "Total Revenue": 171,
        "Gross Profit": 40,
        "Operating Income": 3,
        "EBIT": 12,
        "Net Income": -4
    },
    "2021-09-30": {
        "Diluted EPS": 0.17,
        "Total Revenue": 163,
        "Gross Profit": 43,
        "Operating Income": 9,
        "EBIT": 18,
        "Net Income": 6
    },
    "2021-06-30": {
        "Diluted EPS": 0.05,
        "Total Revenue": 163,
        "Gross Profit": 46,
        "Operating Income": 5,
        "EBIT": 14,
        "Net Income": 2
    },
    "2021-03-31": {
        "Diluted EPS": 0.41,
        "Total Revenue": 146,
        "Gross Profit": 43,
        "Operating Income": 10,
        "EBIT": 19,
        "Net Income": 14
    },
    "2020-12-31": {
        "Diluted EPS": -0.07,
        "Total Revenue": 137,
        "Gross Profit": 39,
        "Operating Income": 8,
        "EBIT": 16,
        "Net Income": -2
    },
    "2020-09-30": {
        "Diluted EPS": 0.37,
        "Total Revenue": 124,
        "Gross Profit": 39,
        "Operating Income": 15,
        "EBIT": 22,
        "Net Income": 13
    },
    "2020-06-30": {
        "Diluted EPS": -0.17,
        "Total Revenue": 99,
        "Gross Profit": 20,
        "Operating Income": -3,
        "EBIT": 4,
        "Net Income": -6
    },
    "2020-03-31": {
        "Diluted EPS": 0.08,
        "Total Revenue": 127,
        "Gross Profit": 36,
        "Operating Income": 2,
        "EBIT": 9,
        "Net Income": 3
    },
    "2019-12-31": {
        "Diluted EPS": -0.02,
        "Total Revenue": 134,
        "Gross Profit": 35,
        "Operating Income": 0,
        "EBIT": 7,
        "Net Income": 0
    },
    "2019-09-30": {
        "Diluted EPS": 0.21,
        "Total Revenue": 143,
        "Gross Profit": 43,
        "Operating Income": 13,
        "EBIT": 20,
        "Net Income": 7
    },
    "2019-06-30": {
        "Diluted EPS": 0.19,
        "Total Revenue": 141,
        "Gross Profit": 40,
        "Operating Income": 11,
        "EBIT": 19,
        "Net Income": 6
    },
    "2019-03-31": {
        "Diluted EPS": -0.01,
        "Total Revenue": 128,
        "Gross Profit": 31,
        "Operating Income": 1,
        "EBIT": 7,
        "Net Income": 0
    },
    "2018-12-31": {
        "Diluted EPS": 0.04,
        "Total Revenue": 143,
        "Gross Profit": 37,
        "Operating Income": 4,
        "EBIT": 11,
        "Net Income": 2
    },
    "2018-09-30": {
        "Diluted EPS": 0.31,
        "Total Revenue": 148,
        "Gross Profit": 44,
        "Operating Income": 14,
        "EBIT": 21,
        "Net Income": 11
    },
    "2018-06-30": {
        "Diluted EPS": 0.32,
        "Total Revenue": 149,
        "Gross Profit": 48,
        "Operating Income": 13,
        "EBIT": 20,
        "Net Income": 11
    },
    "2018-03-31": {
        "Diluted EPS": 0.05,
        "Total Revenue": 136,
        "Gross Profit": 34,
        "Operating Income": 1,
        "EBIT": 9,
        "Net Income": 1
    },
    "2017-12-31": {
        "Diluted EPS": -0.19,
        "Total Revenue": 148,
        "Gross Profit": 46,
        "Operating Income": -5,
        "EBIT": 3,
        "Net Income": -8
    },
    "2017-09-30": {
        "Diluted EPS": 0.19,
        "Total Revenue": 155,
        "Gross Profit": 50,
        "Operating Income": 11,
        "EBIT": 18,
        "Net Income": 7
    },
    "2017-06-30": {
        "Diluted EPS": 0.42,
        "Total Revenue": 149,
        "Gross Profit": 52,
        "Operating Income": 19,
        "EBIT": 27,
        "Net Income": 15
    },
    "2017-03-31": {
        "Diluted EPS": 0.31,
        "Total Revenue": 136,
        "Gross Profit": 49,
        "Operating Income": 15,
        "EBIT": 23,
        "Net Income": 11
    },
    "2016-12-31": {
        "Diluted EPS": 0.37,
        "Total Revenue": 135,
        "Gross Profit": 51,
        "Operating Income": 19,
        "EBIT": 26,
        "Net Income": 13
    },
    "2016-09-30": {
        "Diluted EPS": 0.65,
        "Total Revenue": 144,
        "Gross Profit": 58,
        "Operating Income": 28,
        "EBIT": 35,
        "Net Income": 22
    },
    "2016-06-30": {
        "Diluted EPS": 0.73,
        "Total Revenue": 142,
        "Gross Profit": 60,
        "Operating Income": 31,
        "EBIT": 38,
        "Net Income": 25
    },
    "2016-03-31": {
        "Diluted EPS": 0.33,
        "Total Revenue": 117,
        "Gross Profit": 43,
        "Operating Income": 14,
        "EBIT": 21,
        "Net Income": 12
    },
    "2015-12-31": {
        "Diluted EPS": 0.53,
        "Total Revenue": 127,
        "Gross Profit": 48,
        "Operating Income": 23,
        "EBIT": 29,
        "Net Income": 19
    },
    "2015-09-30": {
        "Diluted EPS": 0.56,
        "Total Revenue": 137,
        "Gross Profit": 54,
        "Operating Income": 25,
        "EBIT": 31,
        "Net Income": 20
    },
    "2015-06-30": {
        "Diluted EPS": 0.65,
        "Total Revenue": 128,
        "Gross Profit": 53,
        "Operating Income": 28,
        "EBIT": 33,
        "Net Income": 23
    },
    "2015-03-31": {
        "Diluted EPS": 0.46,
        "Total Revenue": 108,
        "Gross Profit": 45,
        "Operating Income": 21,
        "EBIT": 25,
        "Net Income": 16
    },
    "2014-12-31": {
        "Diluted EPS": 0.58,
        "Total Revenue": 114,
        "Gross Profit": 49,
        "Operating Income": 23,
        "EBIT": 27,
        "Net Income": 20
    },
    "2014-09-30": {
        "Diluted EPS": 0.75,
        "Total Revenue": 123,
        "Gross Profit": 54,
        "Operating Income": 31,
        "EBIT": 35,
        "Net Income": 27
    },
    "2014-06-30": {
        "Diluted EPS": 0.51,
        "Total Revenue": 116,
        "Gross Profit": 48,
        "Operating Income": 24,
        "EBIT": 28,
        "Net Income": 18
    },
    "2014-03-31": {
        "Diluted EPS": 0.37,
        "Total Revenue": 94,
        "Gross Profit": 39,
        "Operating Income": 17,
        "EBIT": 22,
        "Net Income": 13
    },
    "2013-12-31": {
        "Diluted EPS": 0.48,
        "Total Revenue": 97,
        "Gross Profit": 42,
        "Operating Income": 20,
        "EBIT": 24,
        "Net Income": 17
    },
    "2013-09-30": {
        "Diluted EPS": 0.46,
        "Total Revenue": 94,
        "Gross Profit": 42,
        "Operating Income": 21,
        "EBIT": 25,
        "Net Income": 16
    },
    "2013-06-30": {
        "Diluted EPS": 0.56,
        "Total Revenue": 89,
        "Gross Profit": 44,
        "Operating Income": 22,
        "EBIT": 26,
        "Net Income": 20
    },
    "2013-03-31": {
        "Diluted EPS": 0.3,
        "Total Revenue": 76,
        "Gross Profit": 34,
        "Operating Income": 13,
        "EBIT": 17,
        "Net Income": 11
    },
    "2012-12-31": {
        "Diluted EPS": 0.31,
        "Total Revenue": 76,
        "Gross Profit": 32,
        "Operating Income": 12,
        "EBIT": 16,
        "Net Income": 11
    },
    "2012-09-30": {
        "Diluted EPS": 0.36,
        "Total Revenue": 78,
        "Gross Profit": 35,
        "Operating Income": 17,
        "EBIT": 20,
        "Net Income": 13
    },
    "2012-06-30": {
        "Diluted EPS": 0.34,
        "Total Revenue": 75,
        "Gross Profit": 32,
        "Operating Income": 14,
        "EBIT": 14,
        "Net Income": 12
    },
    "2012-03-31": {
        "Diluted EPS": 0.18,
        "Total Revenue": 67,
        "Gross Profit": 28,
        "Operating Income": 7,
        "EBIT": 7,
        "Net Income": 5
    },
    "2011-12-31": {
        "Diluted EPS": 0.14,
        "Total Revenue": 67,
        "Gross Profit": 67,
        "Operating Income": 67,
        "EBIT": 67,
        "Net Income": 4
    },
    "2011-09-30": {
        "Diluted EPS": 0.37,
        "Total Revenue": 74,
        "Gross Profit": 74,
        "Operating Income": 74,
        "EBIT": 74,
        "Net Income": 10
    },
    "2011-06-30": {
        "Diluted EPS": 0.27,
        "Total Revenue": 66,
        "Gross Profit": 66,
        "Operating Income": 66,
        "EBIT": 66,
        "Net Income": 7
    },
    "2011-03-31": {
        "Diluted EPS": 0.29,
        "Total Revenue": 52,
        "Gross Profit": 52,
        "Operating Income": 52,
        "EBIT": 52,
        "Net Income": 8
    },
    "2023-06-30": {
        "Tax Effect Of Unusual Items": -5001360.0,
        "Tax Rate For Calcs": 0.21,
        "Normalized EBITDA": 8369000.0,
        "Total Unusual Items": -23816000.0,
        "Total Unusual Items Excluding Goodwill": -23816000.0,
        "Net Income From Continuing Operation Net Minority Interest": -52470000.0,
        "Reconciled Depreciation": 7668000.0,
        "Reconciled Cost Of Revenue": 131811000.0,
        "EBITDA": -15447000.0,
        "EBIT": -23115000.0,
        "Net Interest Income": 1188000.0,
        "Interest Expense": NaN,
        "Interest Income": 1188000.0,
        "Normalized Income": -33655360.0,
        "Net Income From Continuing And Discontinued Operation": -52470000.0,
        "Total Expenses": 166794000.0,
        "Total Operating Income As Reported": -46931000.0,
        "Diluted NI Availto Com Stockholders": -52470000.0,
        "Net Income Common Stockholders": -52470000.0,
        "Net Income": -52470000.0,
        "Minority Interests": 253000.0,
        "Net Income Including Noncontrolling Interests": -52723000.0,
        "Net Income Continuous Operations": -52723000.0,
        "Tax Provision": 6980000.0,
        "Pretax Income": -45743000.0,
        "Other Income Expense": -23816000.0,
        "Special Income Charges": -23816000.0,
        "Other Special Charges": 243000.0,
        "Impairment Of Capital Assets": NaN,
        "Restructuring And Mergern Acquisition": 23573000.0,
        "Net Non Operating Interest Income Expense": 1188000.0,
        "Total Other Finance Cost": NaN,
        "Interest Expense Non Operating": NaN,
        "Interest Income Non Operating": 1188000.0,
        "Operating Income": -23115000.0,
        "Operating Expense": 34983000.0,
        "Research And Development": 1549000.0,
        "Selling General And Administration": 33434000.0,
        "Selling And Marketing Expense": 20235000.0,
        "General And Administrative Expense": 13199000.0,
        "Other Gand A": 13199000.0,
        "Gross Profit": 11868000.0,
        "Cost Of Revenue": 131811000.0,
        "Total Revenue": 143679000.0,
        "Operating Revenue": 143679000.0
    },
    "2023-09-30": {
        "Tax Effect Of Unusual Items": 967680.0,
        "Tax Rate For Calcs": 0.21,
        "Normalized EBITDA": -3731000.0,
        "Total Unusual Items": 4608000.0,
        "Total Unusual Items Excluding Goodwill": 4608000.0,
        "Net Income From Continuing Operation Net Minority Interest": -887000.0,
        "Reconciled Depreciation": 7472000.0,
        "Reconciled Cost Of Revenue": 115205000.0,
        "EBITDA": 877000.0,
        "EBIT": -6595000.0,
        "Net Interest Income": 1292000.0,
        "Interest Expense": NaN,
        "Interest Income": NaN,
        "Normalized Income": -4527320.0,
        "Net Income From Continuing And Discontinued Operation": -887000.0,
        "Total Expenses": 148989000.0,
        "Total Operating Income As Reported": -1987000.0,
        "Diluted NI Availto Com Stockholders": -887000.0,
        "Net Income Common Stockholders": -887000.0,
        "Net Income": -887000.0,
        "Minority Interests": -109000.0,
        "Net Income Including Noncontrolling Interests": -778000.0,
        "Net Income Continuous Operations": -778000.0,
        "Tax Provision": 83000.0,
        "Pretax Income": -695000.0,
        "Other Income Expense": 4608000.0,
        "Special Income Charges": 4608000.0,
        "Other Special Charges": -1259000.0,
        "Impairment Of Capital Assets": NaN,
        "Restructuring And Mergern Acquisition": -3349000.0,
        "Net Non Operating Interest Income Expense": 1292000.0,
        "Total Other Finance Cost": -1292000.0,
        "Interest Expense Non Operating": NaN,
        "Interest Income Non Operating": NaN,
        "Operating Income": -6595000.0,
        "Operating Expense": 33784000.0,
        "Research And Development": 1242000.0,
        "Selling General And Administration": 32542000.0,
        "Selling And Marketing Expense": 20398000.0,
        "General And Administrative Expense": 12144000.0,
        "Other Gand A": 12144000.0,
        "Gross Profit": 27189000.0,
        "Cost Of Revenue": 115205000.0,
        "Total Revenue": 142394000.0,
        "Operating Revenue": 142394000.0
    }
}