{
    "2023-03-31": {
        "Tax Effect Of Unusual Items": NaN,
        "Tax Rate For Calcs": NaN,
        "Normalized EBITDA": NaN,
        "Total Unusual Items": 0.0,
        "Total Unusual Items Excluding Goodwill": 0.0,
        "Net Income From Continuing Operation Net Minority Interest": NaN,
        "Reconciled Depreciation": NaN,
        "Reconciled Cost Of Revenue": NaN,
        "EBITDA": NaN,
        "EBIT": NaN,
        "Net Interest Income": NaN,
        "Interest Expense": NaN,
        "Interest Income": NaN,
        "Normalized Income": NaN,
        "Net Income From Continuing And Discontinued Operation": NaN,
        "Total Expenses": NaN,
        "Total Operating Income As Reported": NaN,
        "Diluted Average Shares": 26607000.0,
        "Basic Average Shares": 26607000.0,
        "Diluted EPS": -1.1,
        "Basic EPS": -1.1,
        "Diluted NI Availto Com Stockholders": NaN,
        "Net Income Common Stockholders": NaN,
        "Net Income": NaN,
        "Net Income Including Noncontrolling Interests": NaN,
        "Net Income Continuous Operations": NaN,
        "Tax Provision": NaN,
        "Pretax Income": NaN,
        "Other Income Expense": NaN,
        "Special Income Charges": 0.0,
        "Restructuring And Mergern Acquisition": 0.0,
        "Net Non Operating Interest Income Expense": NaN,
        "Interest Expense Non Operating": NaN,
        "Interest Income Non Operating": NaN,
        "Operating Income": NaN,
        "Operating Expense": NaN,
        "Depreciation Amortization Depletion Income Statement": NaN,
        "Depreciation And Amortization In Income Statement": NaN,
        "Amortization": NaN,
        "Amortization Of Intangibles Income Statement": NaN,
        "Research And Development": NaN,
        "Selling General And Administration": NaN,
        "Selling And Marketing Expense": NaN,
        "General And Administrative Expense": NaN,
        "Other Gand A": NaN,
        "Gross Profit": NaN,
        "Cost Of Revenue": NaN,
        "Total Revenue": NaN,
        "Operating Revenue": NaN
    },
    "2022-12-31": {
        "Tax Effect Of Unusual Items": NaN,
        "Tax Rate For Calcs": NaN,
        "Normalized EBITDA": NaN,
        "Total Unusual Items": 300000.0,
        "Total Unusual Items Excluding Goodwill": 300000.0,
        "Net Income From Continuing Operation Net Minority Interest": NaN,
        "Reconciled Depreciation": NaN,
        "Reconciled Cost Of Revenue": NaN,
        "EBITDA": NaN,
        "EBIT": NaN,
        "Net Interest Income": NaN,
        "Interest Expense": NaN,
        "Interest Income": NaN,
        "Normalized Income": NaN,
        "Net Income From Continuing And Discontinued Operation": NaN,
        "Total Expenses": NaN,
        "Total Operating Income As Reported": NaN,
        "Diluted Average Shares": NaN,
        "Basic Average Shares": NaN,
        "Diluted EPS": NaN,
        "Basic EPS": NaN,
        "Diluted NI Availto Com Stockholders": NaN,
        "Net Income Common Stockholders": NaN,
        "Net Income": NaN,
        "Net Income Including Noncontrolling Interests": NaN,
        "Net Income Continuous Operations": NaN,
        "Tax Provision": NaN,
        "Pretax Income": NaN,
        "Other Income Expense": 300000.0,
        "Special Income Charges": 300000.0,
        "Restructuring And Mergern Acquisition": -300000.0,
        "Net Non Operating Interest Income Expense": NaN,
        "Interest Expense Non Operating": NaN,
        "Interest Income Non Operating": NaN,
        "Operating Income": NaN,
        "Operating Expense": NaN,
        "Depreciation Amortization Depletion Income Statement": NaN,
        "Depreciation And Amortization In Income Statement": NaN,
        "Amortization": NaN,
        "Amortization Of Intangibles Income Statement": NaN,
        "Research And Development": NaN,
        "Selling General And Administration": NaN,
        "Selling And Marketing Expense": NaN,
        "General And Administrative Expense": NaN,
        "Other Gand A": NaN,
        "Gross Profit": NaN,
        "Cost Of Revenue": NaN,
        "Total Revenue": NaN,
        "Operating Revenue": NaN
    },
    "2022-09-30": {
        "Tax Effect Of Unusual Items": NaN,
        "Tax Rate For Calcs": NaN,
        "Normalized EBITDA": NaN,
        "Total Unusual Items": NaN,
        "Total Unusual Items Excluding Goodwill": NaN,
        "Net Income From Continuing Operation Net Minority Interest": NaN,
        "Reconciled Depreciation": NaN,
        "Reconciled Cost Of Revenue": NaN,
        "EBITDA": NaN,
        "EBIT": NaN,
        "Net Interest Income": NaN,
        "Interest Expense": NaN,
        "Interest Income": NaN,
        "Normalized Income": NaN,
        "Net Income From Continuing And Discontinued Operation": NaN,
        "Total Expenses": NaN,
        "Total Operating Income As Reported": NaN,
        "Diluted Average Shares": NaN,
        "Basic Average Shares": NaN,
        "Diluted EPS": NaN,
        "Basic EPS": NaN,
        "Diluted NI Availto Com Stockholders": NaN,
        "Net Income Common Stockholders": NaN,
        "Net Income": NaN,
        "Net Income Including Noncontrolling Interests": NaN,
        "Net Income Continuous Operations": NaN,
        "Tax Provision": NaN,
        "Pretax Income": NaN,
        "Other Income Expense": 151000.0,
        "Special Income Charges": NaN,
        "Restructuring And Mergern Acquisition": NaN,
        "Net Non Operating Interest Income Expense": NaN,
        "Interest Expense Non Operating": NaN,
        "Interest Income Non Operating": NaN,
        "Operating Income": NaN,
        "Operating Expense": NaN,
        "Depreciation Amortization Depletion Income Statement": NaN,
        "Depreciation And Amortization In Income Statement": NaN,
        "Amortization": NaN,
        "Amortization Of Intangibles Income Statement": NaN,
        "Research And Development": NaN,
        "Selling General And Administration": NaN,
        "Selling And Marketing Expense": NaN,
        "General And Administrative Expense": NaN,
        "Other Gand A": NaN,
        "Gross Profit": NaN,
        "Cost Of Revenue": NaN,
        "Total Revenue": NaN,
        "Operating Revenue": NaN
    },
    "2022-06-30": {
        "Tax Effect Of Unusual Items": 8159200.0,
        "Tax Rate For Calcs": 0.4,
        "Normalized EBITDA": -21371000.0,
        "Total Unusual Items": 20398000.0,
        "Total Unusual Items Excluding Goodwill": 20398000.0,
        "Net Income From Continuing Operation Net Minority Interest": -1648000.0,
        "Reconciled Depreciation": 2628000.0,
        "Reconciled Cost Of Revenue": 7155000.0,
        "EBITDA": -973000.0,
        "EBIT": -3601000.0,
        "Net Interest Income": 366000.0,
        "Interest Expense": 4000.0,
        "Interest Income": 370000.0,
        "Normalized Income": -13886800.0,
        "Net Income From Continuing And Discontinued Operation": -1648000.0,
        "Total Expenses": 59207000.0,
        "Total Operating Income As Reported": -3971000.0,
        "Diluted Average Shares": 26064000.0,
        "Basic Average Shares": 26064000.0,
        "Diluted EPS": -0.06,
        "Basic EPS": -0.06,
        "Diluted NI Availto Com Stockholders": -1648000.0,
        "Net Income Common Stockholders": -1648000.0,
        "Net Income": -1648000.0,
        "Net Income Including Noncontrolling Interests": -1648000.0,
        "Net Income Continuous Operations": -1648000.0,
        "Tax Provision": -1957000.0,
        "Pretax Income": -3605000.0,
        "Other Income Expense": 20398000.0,
        "Special Income Charges": 20398000.0,
        "Restructuring And Mergern Acquisition": -20398000.0,
        "Net Non Operating Interest Income Expense": 366000.0,
        "Interest Expense Non Operating": 4000.0,
        "Interest Income Non Operating": 370000.0,
        "Operating Income": -24369000.0,
        "Operating Expense": 51521000.0,
        "Depreciation Amortization Depletion Income Statement": 2097000.0,
        "Depreciation And Amortization In Income Statement": 2097000.0,
        "Amortization": 2097000.0,
        "Amortization Of Intangibles Income Statement": 2097000.0,
        "Research And Development": 11926000.0,
        "Selling General And Administration": 37498000.0,
        "Selling And Marketing Expense": 21581000.0,
        "General And Administrative Expense": 15917000.0,
        "Other Gand A": 15917000.0,
        "Gross Profit": 27152000.0,
        "Cost Of Revenue": 7686000.0,
        "Total Revenue": 34838000.0,
        "Operating Revenue": 34838000.0
    },
    "2023-06-30": {
        "Tax Effect Of Unusual Items": 0.0,
        "Tax Rate For Calcs": 0.21,
        "Normalized EBITDA": -15718000.0,
        "Total Unusual Items": 0.0,
        "Total Unusual Items Excluding Goodwill": 0.0,
        "Net Income From Continuing Operation Net Minority Interest": -18777000.0,
        "Reconciled Depreciation": 3040000.0,
        "Reconciled Cost Of Revenue": 10266000.0,
        "EBITDA": -15718000.0,
        "EBIT": -18758000.0,
        "Net Interest Income": 2396000.0,
        "Interest Expense": 3000.0,
        "Interest Income": 2399000.0,
        "Normalized Income": -18777000.0,
        "Net Income From Continuing And Discontinued Operation": -18777000.0,
        "Total Expenses": 71295000.0,
        "Total Operating Income As Reported": -21157000.0,
        "Diluted Average Shares": 26733000.0,
        "Basic Average Shares": 26733000.0,
        "Diluted EPS": -0.7,
        "Basic EPS": -0.7,
        "Diluted NI Availto Com Stockholders": -18777000.0,
        "Net Income Common Stockholders": -18777000.0,
        "Net Income": -18777000.0,
        "Net Income Including Noncontrolling Interests": -18777000.0,
        "Net Income Continuous Operations": -18777000.0,
        "Tax Provision": 16000.0,
        "Pretax Income": -18761000.0,
        "Other Income Expense": NaN,
        "Special Income Charges": 0.0,
        "Restructuring And Mergern Acquisition": 0.0,
        "Net Non Operating Interest Income Expense": 2396000.0,
        "Interest Expense Non Operating": 3000.0,
        "Interest Income Non Operating": 2399000.0,
        "Operating Income": -21157000.0,
        "Operating Expense": 60237000.0,
        "Depreciation Amortization Depletion Income Statement": 2248000.0,
        "Depreciation And Amortization In Income Statement": 2248000.0,
        "Amortization": 2248000.0,
        "Amortization Of Intangibles Income Statement": 2248000.0,
        "Research And Development": 13308000.0,
        "Selling General And Administration": 44681000.0,
        "Selling And Marketing Expense": 28252000.0,
        "General And Administrative Expense": 16429000.0,
        "Other Gand A": 16429000.0,
        "Gross Profit": 39080000.0,
        "Cost Of Revenue": 11058000.0,
        "Total Revenue": 50138000.0,
        "Operating Revenue": 50138000.0
    },
    "2022-03-31": {
        "Diluted EPS": -0.97,
        "Total Revenue": 27,
        "Gross Profit": 21,
        "Operating Income": -25,
        "EBIT": -22,
        "Net Income": -25
    },
    "2021-12-31": {
        "Diluted EPS": -0.25,
        "Total Revenue": 25,
        "Gross Profit": 20,
        "Operating Income": -15,
        "EBIT": -14,
        "Net Income": -6
    },
    "2021-09-30": {
        "Diluted EPS": -0.47,
        "Total Revenue": 23,
        "Gross Profit": 19,
        "Operating Income": -12,
        "EBIT": -11,
        "Net Income": -12
    },
    "2021-06-30": {
        "Diluted EPS": -0.35,
        "Total Revenue": 23,
        "Gross Profit": 19,
        "Operating Income": -9,
        "EBIT": -8,
        "Net Income": -9
    },
    "2021-03-31": {
        "Diluted EPS": -0.17,
        "Total Revenue": 23,
        "Gross Profit": 20,
        "Operating Income": -4,
        "EBIT": -4,
        "Net Income": -4
    },
    "2020-12-31": {
        "Diluted EPS": -0.26,
        "Total Revenue": 17,
        "Gross Profit": 15,
        "Operating Income": -3,
        "EBIT": -3,
        "Net Income": -5
    },
    "2020-09-30": {
        "Diluted EPS": -0.23,
        "Total Revenue": 15,
        "Gross Profit": 13,
        "Operating Income": -4,
        "EBIT": -4,
        "Net Income": -5
    },
    "2020-06-30": {
        "Diluted EPS": -0.08,
        "Total Revenue": 13,
        "Gross Profit": 11,
        "Operating Income": -1,
        "EBIT": 0,
        "Net Income": -1
    },
    "2020-03-31": {
        "Diluted EPS": 0.03,
        "Total Revenue": 17,
        "Gross Profit": 15,
        "Operating Income": 1,
        "EBIT": 1,
        "Net Income": 1
    },
    "2019-12-31": {
        "Diluted EPS": 2.01,
        "Total Revenue": 18,
        "Gross Profit": 16,
        "Operating Income": 3,
        "EBIT": 3,
        "Net Income": 2
    },
    "2019-09-30": {
        "Diluted EPS": 0.05,
        "Total Revenue": 15,
        "Gross Profit": 13,
        "Operating Income": 4,
        "EBIT": 5,
        "Net Income": 6
    },
    "2019-06-30": {
        "Diluted EPS": -1.05,
        "Total Revenue": 11,
        "Gross Profit": 9,
        "Operating Income": 1,
        "EBIT": 2,
        "Net Income": -2
    },
    "2019-03-31": {
        "Diluted EPS": -1.22,
        "Total Revenue": 9,
        "Gross Profit": 7,
        "Operating Income": 0,
        "EBIT": 0,
        "Net Income": -2
    },
    "2018-12-31": {
        "Diluted EPS": 0.0,
        "Total Revenue": NaN,
        "Gross Profit": NaN,
        "Operating Income": NaN,
        "EBIT": NaN,
        "Net Income": NaN
    },
    "2018-09-30": {
        "Diluted EPS": -2.33,
        "Total Revenue": 4,
        "Gross Profit": 2,
        "Operating Income": -3,
        "EBIT": -3,
        "Net Income": -4
    },
    "2018-06-30": {
        "Diluted EPS": -2.15,
        "Total Revenue": 4,
        "Gross Profit": 3,
        "Operating Income": -3,
        "EBIT": -3,
        "Net Income": -4
    },
    "2023-09-30": {
        "Tax Effect Of Unusual Items": 0.0,
        "Tax Rate For Calcs": 0.21,
        "Normalized EBITDA": -3697000.0,
        "Total Unusual Items": 0.0,
        "Total Unusual Items Excluding Goodwill": 0.0,
        "Net Income From Continuing Operation Net Minority Interest": -6905000.0,
        "Reconciled Depreciation": 3174000.0,
        "Reconciled Cost Of Revenue": 10417000.0,
        "EBITDA": -3697000.0,
        "EBIT": -6871000.0,
        "Net Interest Income": 2767000.0,
        "Interest Expense": 2000.0,
        "Interest Income": 2769000.0,
        "Normalized Income": -6905000.0,
        "Net Income From Continuing And Discontinued Operation": -6905000.0,
        "Total Expenses": 71133000.0,
        "Total Operating Income As Reported": -9640000.0,
        "Diluted Average Shares": 26834000.0,
        "Basic Average Shares": 26834000.0,
        "Diluted EPS": -0.26,
        "Basic EPS": -0.26,
        "Diluted NI Availto Com Stockholders": -6905000.0,
        "Net Income Common Stockholders": -6905000.0,
        "Net Income": -6905000.0,
        "Net Income Including Noncontrolling Interests": -6905000.0,
        "Net Income Continuous Operations": -6905000.0,
        "Tax Provision": 32000.0,
        "Pretax Income": -6873000.0,
        "Other Income Expense": NaN,
        "Special Income Charges": 0.0,
        "Restructuring And Mergern Acquisition": 0.0,
        "Net Non Operating Interest Income Expense": 2767000.0,
        "Interest Expense Non Operating": 2000.0,
        "Interest Income Non Operating": 2769000.0,
        "Operating Income": -9640000.0,
        "Operating Expense": 59814000.0,
        "Depreciation Amortization Depletion Income Statement": 2272000.0,
        "Depreciation And Amortization In Income Statement": 2272000.0,
        "Amortization": 2272000.0,
        "Amortization Of Intangibles Income Statement": 2272000.0,
        "Research And Development": 12923000.0,
        "Selling General And Administration": 44619000.0,
        "Selling And Marketing Expense": 28496000.0,
        "General And Administrative Expense": 16123000.0,
        "Other Gand A": 16123000.0,
        "Gross Profit": 50174000.0,
        "Cost Of Revenue": 11319000.0,
        "Total Revenue": 61493000.0,
        "Operating Revenue": 61493000.0
    },
    "2023-12-31": {
        "Tax Effect Of Unusual Items": 0.0,
        "Tax Rate For Calcs": 0.21,
        "Normalized EBITDA": 685000.0,
        "Total Unusual Items": 0.0,
        "Total Unusual Items Excluding Goodwill": 0.0,
        "Net Income From Continuing Operation Net Minority Interest": -2580000.0,
        "Reconciled Depreciation": 3224000.0,
        "Reconciled Cost Of Revenue": 11470000.0,
        "EBITDA": 685000.0,
        "EBIT": -2539000.0,
        "Net Interest Income": 3117000.0,
        "Interest Expense": 2000.0,
        "Interest Income": 3119000.0,
        "Normalized Income": -2580000.0,
        "Net Income From Continuing And Discontinued Operation": -2580000.0,
        "Total Expenses": 71778000.0,
        "Total Operating Income As Reported": -5658000.0,
        "Diluted Average Shares": NaN,
        "Basic Average Shares": NaN,
        "Diluted EPS": NaN,
        "Basic EPS": NaN,
        "Diluted NI Availto Com Stockholders": -2580000.0,
        "Net Income Common Stockholders": -2580000.0,
        "Net Income": -2580000.0,
        "Net Income Including Noncontrolling Interests": -2580000.0,
        "Net Income Continuous Operations": -2580000.0,
        "Tax Provision": 39000.0,
        "Pretax Income": -2541000.0,
        "Other Income Expense": NaN,
        "Special Income Charges": 0.0,
        "Restructuring And Mergern Acquisition": 0.0,
        "Net Non Operating Interest Income Expense": 3117000.0,
        "Interest Expense Non Operating": 2000.0,
        "Interest Income Non Operating": 3119000.0,
        "Operating Income": -5658000.0,
        "Operating Expense": 59355000.0,
        "Depreciation Amortization Depletion Income Statement": 2271000.0,
        "Depreciation And Amortization In Income Statement": 2271000.0,
        "Amortization": 2271000.0,
        "Amortization Of Intangibles Income Statement": 2271000.0,
        "Research And Development": 12994000.0,
        "Selling General And Administration": 44090000.0,
        "Selling And Marketing Expense": 26964000.0,
        "General And Administrative Expense": 17126000.0,
        "Other Gand A": 17126000.0,
        "Gross Profit": 53697000.0,
        "Cost Of Revenue": 12423000.0,
        "Total Revenue": 66120000.0,
        "Operating Revenue": 66120000.0
    },
    "2024-03-31": {
        "Tax Effect Of Unusual Items": 0.0,
        "Tax Rate For Calcs": 0.21,
        "Normalized EBITDA": 865000.0,
        "Total Unusual Items": NaN,
        "Total Unusual Items Excluding Goodwill": NaN,
        "Net Income From Continuing Operation Net Minority Interest": -2534000.0,
        "Reconciled Depreciation": 3340000.0,
        "Reconciled Cost Of Revenue": 12801000.0,
        "EBITDA": 865000.0,
        "EBIT": -2475000.0,
        "Net Interest Income": 2982000.0,
        "Interest Expense": 14000.0,
        "Interest Income": 2996000.0,
        "Normalized Income": -2534000.0,
        "Net Income From Continuing And Discontinued Operation": -2534000.0,
        "Total Expenses": 78445000.0,
        "Total Operating Income As Reported": -5471000.0,
        "Diluted Average Shares": 27485000.0,
        "Basic Average Shares": 27485000.0,
        "Diluted EPS": -0.09,
        "Basic EPS": -0.09,
        "Diluted NI Availto Com Stockholders": -2534000.0,
        "Net Income Common Stockholders": -2534000.0,
        "Net Income": -2534000.0,
        "Net Income Including Noncontrolling Interests": -2534000.0,
        "Net Income Continuous Operations": -2534000.0,
        "Tax Provision": 45000.0,
        "Pretax Income": -2489000.0,
        "Other Income Expense": NaN,
        "Special Income Charges": NaN,
        "Restructuring And Mergern Acquisition": NaN,
        "Net Non Operating Interest Income Expense": 2982000.0,
        "Interest Expense Non Operating": 14000.0,
        "Interest Income Non Operating": 2996000.0,
        "Operating Income": -5471000.0,
        "Operating Expense": 64551000.0,
        "Depreciation Amortization Depletion Income Statement": 2247000.0,
        "Depreciation And Amortization In Income Statement": 2247000.0,
        "Amortization": 2247000.0,
        "Amortization Of Intangibles Income Statement": 2247000.0,
        "Research And Development": 13809000.0,
        "Selling General And Administration": 48495000.0,
        "Selling And Marketing Expense": 30544000.0,
        "General And Administrative Expense": 17951000.0,
        "Other Gand A": 17951000.0,
        "Gross Profit": 59080000.0,
        "Cost Of Revenue": 13894000.0,
        "Total Revenue": 72974000.0,
        "Operating Revenue": 72974000.0
    },
    "2024-06-30": {
        "Tax Effect Of Unusual Items": 0.0,
        "Tax Rate For Calcs": 0.21,
        "Normalized EBITDA": 11504000.0,
        "Total Unusual Items": NaN,
        "Total Unusual Items Excluding Goodwill": NaN,
        "Net Income From Continuing Operation Net Minority Interest": 8920000.0,
        "Reconciled Depreciation": 3348000.0,
        "Reconciled Cost Of Revenue": 13418000.0,
        "EBITDA": 11504000.0,
        "EBIT": 8156000.0,
        "Net Interest Income": 2874000.0,
        "Interest Expense": 270000.0,
        "Interest Income": 3144000.0,
        "Normalized Income": 8920000.0,
        "Net Income From Continuing And Discontinued Operation": 8920000.0,
        "Total Expenses": 81990000.0,
        "Total Operating Income As Reported": 5012000.0,
        "Diluted Average Shares": 28738000.0,
        "Basic Average Shares": 27646000.0,
        "Diluted EPS": 0.31,
        "Basic EPS": 0.32,
        "Diluted NI Availto Com Stockholders": 8920000.0,
        "Net Income Common Stockholders": 8920000.0,
        "Net Income": 8920000.0,
        "Net Income Including Noncontrolling Interests": 8920000.0,
        "Net Income Continuous Operations": 8920000.0,
        "Tax Provision": -1034000.0,
        "Pretax Income": 7886000.0,
        "Other Income Expense": NaN,
        "Special Income Charges": NaN,
        "Restructuring And Mergern Acquisition": NaN,
        "Net Non Operating Interest Income Expense": 2874000.0,
        "Interest Expense Non Operating": 270000.0,
        "Interest Income Non Operating": 3144000.0,
        "Operating Income": 5012000.0,
        "Operating Expense": 67471000.0,
        "Depreciation Amortization Depletion Income Statement": 2247000.0,
        "Depreciation And Amortization In Income Statement": 2247000.0,
        "Amortization": 2247000.0,
        "Amortization Of Intangibles Income Statement": 2247000.0,
        "Research And Development": 14136000.0,
        "Selling General And Administration": 51088000.0,
        "Selling And Marketing Expense": 32675000.0,
        "General And Administrative Expense": 18413000.0,
        "Other Gand A": 18413000.0,
        "Gross Profit": 72483000.0,
        "Cost Of Revenue": 14519000.0,
        "Total Revenue": 87002000.0,
        "Operating Revenue": 87002000.0
    }
}