{
    "2023-06-30": {
        "Tax Effect Of Unusual Items": 0.0,
        "Tax Rate For Calcs": 0.186,
        "Total Unusual Items": NaN,
        "Total Unusual Items Excluding Goodwill": NaN,
        "Net Income From Continuing Operation Net Minority Interest": 7804000.0,
        "Reconciled Depreciation": 368000.0,
        "Net Interest Income": 22571000.0,
        "Interest Expense": 16716000.0,
        "Interest Income": 39287000.0,
        "Normalized Income": 7804000.0,
        "Net Income From Continuing And Discontinued Operation": 7804000.0,
        "Diluted Average Shares": 21107457.0,
        "Basic Average Shares": 21065115.0,
        "Diluted EPS": 0.37,
        "Basic EPS": 0.37,
        "Diluted NI Availto Com Stockholders": 7804000.0,
        "Net Income Common Stockholders": 7804000.0,
        "Net Income": 7804000.0,
        "Net Income Including Noncontrolling Interests": 7804000.0,
        "Net Income Continuous Operations": 7804000.0,
        "Tax Provision": 1785000.0,
        "Pretax Income": 9589000.0,
        "Special Income Charges": NaN,
        "Restructuring And Mergern Acquisition": NaN,
        "Gain On Sale Of Security": 0.0,
        "Depreciation Amortization Depletion Income Statement": 368000.0,
        "Depreciation And Amortization In Income Statement": 368000.0,
        "Amortization": 368000.0,
        "Amortization Of Intangibles Income Statement": 368000.0,
        "Selling General And Administration": 10533000.0,
        "General And Administrative Expense": 10533000.0,
        "Other Gand A": NaN,
        "Salaries And Wages": 10533000.0,
        "Total Revenue": 28783000.0,
        "Operating Revenue": 28783000.0
    },
    "2023-03-31": {
        "Tax Effect Of Unusual Items": 0.0,
        "Tax Rate For Calcs": 0.194,
        "Total Unusual Items": NaN,
        "Total Unusual Items Excluding Goodwill": NaN,
        "Net Income From Continuing Operation Net Minority Interest": 6446000.0,
        "Reconciled Depreciation": 384000.0,
        "Net Interest Income": 23219000.0,
        "Interest Expense": 12564000.0,
        "Interest Income": 35783000.0,
        "Normalized Income": 6446000.0,
        "Net Income From Continuing And Discontinued Operation": 6446000.0,
        "Diluted Average Shares": 21595182.0,
        "Basic Average Shares": 21561007.0,
        "Diluted EPS": 0.3,
        "Basic EPS": 0.3,
        "Diluted NI Availto Com Stockholders": 6446000.0,
        "Net Income Common Stockholders": 6446000.0,
        "Net Income": 6446000.0,
        "Net Income Including Noncontrolling Interests": 6446000.0,
        "Net Income Continuous Operations": 6446000.0,
        "Tax Provision": 1552000.0,
        "Pretax Income": 7998000.0,
        "Special Income Charges": NaN,
        "Restructuring And Mergern Acquisition": NaN,
        "Gain On Sale Of Security": 5000.0,
        "Depreciation Amortization Depletion Income Statement": 384000.0,
        "Depreciation And Amortization In Income Statement": 384000.0,
        "Amortization": 384000.0,
        "Amortization Of Intangibles Income Statement": 384000.0,
        "Selling General And Administration": 10341000.0,
        "General And Administrative Expense": 10341000.0,
        "Other Gand A": NaN,
        "Salaries And Wages": 10341000.0,
        "Total Revenue": 29494000.0,
        "Operating Revenue": 29494000.0
    },
    "2022-12-31": {
        "Tax Effect Of Unusual Items": 0.0,
        "Tax Rate For Calcs": 0.21,
        "Total Unusual Items": 0.0,
        "Total Unusual Items Excluding Goodwill": 0.0,
        "Net Income From Continuing Operation Net Minority Interest": 10333000.0,
        "Reconciled Depreciation": 399000.0,
        "Net Interest Income": 24959000.0,
        "Interest Expense": 8847000.0,
        "Interest Income": 33806000.0,
        "Normalized Income": 10333000.0,
        "Net Income From Continuing And Discontinued Operation": 10333000.0,
        "Diluted Average Shares": 21926821.0,
        "Basic Average Shares": 21887351.0,
        "Diluted EPS": 0.47,
        "Basic EPS": 0.47,
        "Diluted NI Availto Com Stockholders": 10333000.0,
        "Net Income Common Stockholders": 10333000.0,
        "Net Income": 10333000.0,
        "Net Income Including Noncontrolling Interests": 10333000.0,
        "Net Income Continuous Operations": 10333000.0,
        "Tax Provision": 2735000.0,
        "Pretax Income": 13068000.0,
        "Special Income Charges": 0.0,
        "Restructuring And Mergern Acquisition": 0.0,
        "Gain On Sale Of Security": 1000.0,
        "Depreciation Amortization Depletion Income Statement": 399000.0,
        "Depreciation And Amortization In Income Statement": 399000.0,
        "Amortization": 399000.0,
        "Amortization Of Intangibles Income Statement": 399000.0,
        "Selling General And Administration": 9875000.0,
        "General And Administrative Expense": 9875000.0,
        "Other Gand A": NaN,
        "Salaries And Wages": 9875000.0,
        "Total Revenue": 31244000.0,
        "Operating Revenue": 31244000.0
    },
    "2022-09-30": {
        "Tax Effect Of Unusual Items": 0.0,
        "Tax Rate For Calcs": 0.2,
        "Total Unusual Items": 0.0,
        "Total Unusual Items Excluding Goodwill": 0.0,
        "Net Income From Continuing Operation Net Minority Interest": 8193000.0,
        "Reconciled Depreciation": 415000.0,
        "Net Interest Income": 25553000.0,
        "Interest Expense": 4901000.0,
        "Interest Income": 30454000.0,
        "Normalized Income": 8193000.0,
        "Net Income From Continuing And Discontinued Operation": 8193000.0,
        "Diluted Average Shares": 21988085.0,
        "Basic Average Shares": 21938259.0,
        "Diluted EPS": 0.37,
        "Basic EPS": 0.37,
        "Diluted NI Availto Com Stockholders": 8193000.0,
        "Net Income Common Stockholders": 8193000.0,
        "Net Income": 8193000.0,
        "Net Income Including Noncontrolling Interests": 8193000.0,
        "Net Income Continuous Operations": 8193000.0,
        "Tax Provision": 2030000.0,
        "Pretax Income": 10223000.0,
        "Special Income Charges": 0.0,
        "Restructuring And Mergern Acquisition": 0.0,
        "Gain On Sale Of Security": 7000.0,
        "Depreciation Amortization Depletion Income Statement": 415000.0,
        "Depreciation And Amortization In Income Statement": 415000.0,
        "Amortization": 415000.0,
        "Amortization Of Intangibles Income Statement": 415000.0,
        "Selling General And Administration": 8235000.0,
        "General And Administrative Expense": 8235000.0,
        "Other Gand A": 3130000.0,
        "Salaries And Wages": 8235000.0,
        "Total Revenue": 28825000.0,
        "Operating Revenue": 28825000.0
    },
    "2022-06-30": {
        "Tax Effect Of Unusual Items": 0.0,
        "Tax Rate For Calcs": 0.196,
        "Total Unusual Items": 0.0,
        "Total Unusual Items Excluding Goodwill": 0.0,
        "Net Income From Continuing Operation Net Minority Interest": 9972000.0,
        "Reconciled Depreciation": 430000.0,
        "Net Interest Income": 24440000.0,
        "Interest Expense": 2049000.0,
        "Interest Income": 26489000.0,
        "Normalized Income": 9972000.0,
        "Net Income From Continuing And Discontinued Operation": 9972000.0,
        "Diluted Average Shares": 22074260.0,
        "Basic Average Shares": 22022109.0,
        "Diluted EPS": 0.45,
        "Basic EPS": 0.45,
        "Diluted NI Availto Com Stockholders": 9972000.0,
        "Net Income Common Stockholders": 9972000.0,
        "Net Income": 9972000.0,
        "Net Income Including Noncontrolling Interests": 9972000.0,
        "Net Income Continuous Operations": 9972000.0,
        "Tax Provision": 2426000.0,
        "Pretax Income": 12398000.0,
        "Special Income Charges": 0.0,
        "Restructuring And Mergern Acquisition": 0.0,
        "Gain On Sale Of Security": 0.0,
        "Depreciation Amortization Depletion Income Statement": 430000.0,
        "Depreciation And Amortization In Income Statement": 430000.0,
        "Amortization": 430000.0,
        "Amortization Of Intangibles Income Statement": 430000.0,
        "Selling General And Administration": 9209000.0,
        "General And Administrative Expense": 9209000.0,
        "Other Gand A": 3112000.0,
        "Salaries And Wages": 9209000.0,
        "Total Revenue": 30316000.0,
        "Operating Revenue": 30316000.0
    },
    "2022-03-31": {
        "Diluted EPS": 0.48,
        "Total Revenue": 32,
        "Gross Profit": 30,
        "Operating Income": 13,
        "EBIT": NaN,
        "Net Income": 11
    },
    "2021-12-31": {
        "Diluted EPS": 0.56,
        "Total Revenue": 36,
        "Gross Profit": 34,
        "Operating Income": 16,
        "EBIT": NaN,
        "Net Income": 12
    },
    "2021-09-30": {
        "Diluted EPS": 0.59,
        "Total Revenue": 36,
        "Gross Profit": 35,
        "Operating Income": 16,
        "EBIT": NaN,
        "Net Income": 13
    },
    "2021-06-30": {
        "Diluted EPS": 0.54,
        "Total Revenue": 35,
        "Gross Profit": 33,
        "Operating Income": 15,
        "EBIT": NaN,
        "Net Income": 12
    },
    "2021-03-31": {
        "Diluted EPS": 0.5,
        "Total Revenue": 34,
        "Gross Profit": 32,
        "Operating Income": 14,
        "EBIT": NaN,
        "Net Income": 11
    },
    "2020-12-31": {
        "Diluted EPS": 0.47,
        "Total Revenue": 36,
        "Gross Profit": 34,
        "Operating Income": 15,
        "EBIT": NaN,
        "Net Income": 10
    },
    "2020-09-30": {
        "Diluted EPS": 0.34,
        "Total Revenue": 39,
        "Gross Profit": 34,
        "Operating Income": 12,
        "EBIT": NaN,
        "Net Income": 7
    },
    "2020-06-30": {
        "Diluted EPS": 0.34,
        "Total Revenue": 32,
        "Gross Profit": 28,
        "Operating Income": 8,
        "EBIT": NaN,
        "Net Income": 6
    },
    "2020-03-31": {
        "Diluted EPS": 0.07,
        "Total Revenue": 28,
        "Gross Profit": 23,
        "Operating Income": 1,
        "EBIT": NaN,
        "Net Income": 1
    },
    "2019-12-31": {
        "Diluted EPS": 0.29,
        "Total Revenue": 28,
        "Gross Profit": 22,
        "Operating Income": 7,
        "EBIT": NaN,
        "Net Income": 5
    },
    "2019-09-30": {
        "Diluted EPS": 0.35,
        "Total Revenue": 30,
        "Gross Profit": 24,
        "Operating Income": 9,
        "EBIT": NaN,
        "Net Income": 6
    },
    "2019-06-30": {
        "Diluted EPS": 0.31,
        "Total Revenue": 30,
        "Gross Profit": 24,
        "Operating Income": 9,
        "EBIT": NaN,
        "Net Income": 6
    },
    "2019-03-31": {
        "Diluted EPS": 0.25,
        "Total Revenue": 28,
        "Gross Profit": 22,
        "Operating Income": 7,
        "EBIT": NaN,
        "Net Income": 5
    },
    "2018-12-31": {
        "Diluted EPS": -0.13,
        "Total Revenue": 29,
        "Gross Profit": 24,
        "Operating Income": 8,
        "EBIT": NaN,
        "Net Income": -1
    },
    "2018-09-30": {
        "Diluted EPS": 0.28,
        "Total Revenue": 19,
        "Gross Profit": 15,
        "Operating Income": 5,
        "EBIT": NaN,
        "Net Income": 4
    },
    "2018-06-30": {
        "Diluted EPS": 0.27,
        "Total Revenue": 18,
        "Gross Profit": 14,
        "Operating Income": 5,
        "EBIT": NaN,
        "Net Income": 4
    },
    "2018-03-31": {
        "Diluted EPS": 0.25,
        "Total Revenue": 17,
        "Gross Profit": 14,
        "Operating Income": 4,
        "EBIT": NaN,
        "Net Income": 3
    },
    "2017-12-31": {
        "Diluted EPS": 0.0,
        "Total Revenue": 16,
        "Gross Profit": 13,
        "Operating Income": 5,
        "EBIT": NaN,
        "Net Income": 0
    },
    "2017-09-30": {
        "Diluted EPS": 0.35,
        "Total Revenue": 17,
        "Gross Profit": 14,
        "Operating Income": 6,
        "EBIT": NaN,
        "Net Income": 4
    },
    "2017-06-30": {
        "Diluted EPS": -0.26,
        "Total Revenue": 16,
        "Gross Profit": 13,
        "Operating Income": -5,
        "EBIT": NaN,
        "Net Income": -3
    },
    "2017-03-31": {
        "Diluted EPS": 0.03,
        "Total Revenue": 14,
        "Gross Profit": 12,
        "Operating Income": 0,
        "EBIT": NaN,
        "Net Income": 0
    },
    "2016-12-31": {
        "Diluted EPS": 0.23,
        "Total Revenue": 15,
        "Gross Profit": 13,
        "Operating Income": 4,
        "EBIT": NaN,
        "Net Income": 3
    },
    "2016-09-30": {
        "Diluted EPS": 0.2,
        "Total Revenue": 15,
        "Gross Profit": 13,
        "Operating Income": 3,
        "EBIT": NaN,
        "Net Income": 2
    },
    "2016-06-30": {
        "Diluted EPS": 0.23,
        "Total Revenue": 13,
        "Gross Profit": 12,
        "Operating Income": 4,
        "EBIT": NaN,
        "Net Income": 2
    },
    "2016-03-31": {
        "Diluted EPS": 0.15,
        "Total Revenue": 13,
        "Gross Profit": 11,
        "Operating Income": 2,
        "EBIT": NaN,
        "Net Income": 2
    },
    "2015-12-31": {
        "Diluted EPS": 0.0,
        "Total Revenue": NaN,
        "Gross Profit": NaN,
        "Operating Income": NaN,
        "EBIT": NaN,
        "Net Income": NaN
    },
    "2015-09-30": {
        "Diluted EPS": 0.2,
        "Total Revenue": 13,
        "Gross Profit": 12,
        "Operating Income": 3,
        "EBIT": NaN,
        "Net Income": 2
    },
    "2014-12-31": {
        "Diluted EPS": 0.0,
        "Total Revenue": NaN,
        "Gross Profit": NaN,
        "Operating Income": NaN,
        "EBIT": NaN,
        "Net Income": NaN
    },
    "2013-12-31": {
        "Diluted EPS": 0.0,
        "Total Revenue": NaN,
        "Gross Profit": NaN,
        "Operating Income": NaN,
        "EBIT": NaN,
        "Net Income": NaN
    }
}