{
    "2023-03-31": {
        "Tax Effect Of Unusual Items": -147968.0,
        "Tax Rate For Calcs": 0.289,
        "Normalized EBITDA": 26487000.0,
        "Total Unusual Items": -512000.0,
        "Total Unusual Items Excluding Goodwill": -512000.0,
        "Net Income From Continuing Operation Net Minority Interest": 8844000.0,
        "Reconciled Depreciation": 5090000.0,
        "Reconciled Cost Of Revenue": 64459000.0,
        "EBITDA": 25975000.0,
        "EBIT": 20885000.0,
        "Net Interest Income": -8539000.0,
        "Interest Expense": 8539000.0,
        "Normalized Income": 9208032.0,
        "Net Income From Continuing And Discontinued Operation": 8844000.0,
        "Total Expenses": 74639000.0,
        "Total Operating Income As Reported": 20634000.0,
        "Diluted Average Shares": 15468000.0,
        "Basic Average Shares": 14758000.0,
        "Diluted EPS": 0.57,
        "Basic EPS": 0.59,
        "Diluted NI Availto Com Stockholders": 8773000.0,
        "Net Income Common Stockholders": 8773000.0,
        "Otherunder Preferred Stock Dividend": 71000.0,
        "Net Income": 8844000.0,
        "Net Income Including Noncontrolling Interests": 8844000.0,
        "Net Income Continuous Operations": 8844000.0,
        "Tax Provision": 3502000.0,
        "Pretax Income": 12346000.0,
        "Other Income Expense": 10000.0,
        "Other Non Operating Income Expenses": 522000.0,
        "Special Income Charges": -512000.0,
        "Gain On Sale Of Ppe": -159000.0,
        "Gain On Sale Of Business": -82000.0,
        "Other Special Charges": 271000.0,
        "Net Non Operating Interest Income Expense": -8539000.0,
        "Interest Expense Non Operating": 8539000.0,
        "Operating Income": 20875000.0,
        "Operating Expense": 10180000.0,
        "Selling General And Administration": 10180000.0,
        "General And Administrative Expense": 10180000.0,
        "Other Gand A": 10180000.0,
        "Gross Profit": 31055000.0,
        "Cost Of Revenue": 64459000.0,
        "Total Revenue": 95514000.0,
        "Operating Revenue": 88218000.0
    },
    "2022-12-31": {
        "Tax Effect Of Unusual Items": -766742.197306,
        "Tax Rate For Calcs": 0.312191,
        "Normalized EBITDA": 27611000.0,
        "Total Unusual Items": -2456000.0,
        "Total Unusual Items Excluding Goodwill": -2456000.0,
        "Net Income From Continuing Operation Net Minority Interest": 8220000.0,
        "Reconciled Depreciation": 5517000.0,
        "Reconciled Cost Of Revenue": 62478000.0,
        "EBITDA": 25155000.0,
        "EBIT": 19638000.0,
        "Net Interest Income": -7687000.0,
        "Interest Expense": 7687000.0,
        "Normalized Income": 9909257.802694,
        "Net Income From Continuing And Discontinued Operation": 8220000.0,
        "Total Expenses": 71826000.0,
        "Total Operating Income As Reported": 19628000.0,
        "Diluted Average Shares": 15418000.0,
        "Basic Average Shares": 14707000.0,
        "Diluted EPS": 0.53,
        "Basic EPS": 0.56,
        "Diluted NI Availto Com Stockholders": 8215000.0,
        "Net Income Common Stockholders": 8215000.0,
        "Otherunder Preferred Stock Dividend": 5000.0,
        "Net Income": 8220000.0,
        "Net Income Including Noncontrolling Interests": 8220000.0,
        "Net Income Continuous Operations": 8220000.0,
        "Tax Provision": 3731000.0,
        "Pretax Income": 11951000.0,
        "Other Income Expense": -2452000.0,
        "Other Non Operating Income Expenses": 4000.0,
        "Special Income Charges": -2456000.0,
        "Gain On Sale Of Business": -2462000.0,
        "Other Special Charges": -6000.0,
        "Net Non Operating Interest Income Expense": -7687000.0,
        "Interest Expense Non Operating": 7687000.0,
        "Operating Income": 22090000.0,
        "Operating Expense": 9348000.0,
        "Selling General And Administration": 9348000.0,
        "General And Administrative Expense": 9348000.0,
        "Other Gand A": 9348000.0,
        "Gross Profit": 31438000.0,
        "Cost Of Revenue": 62478000.0,
        "Total Revenue": 93916000.0,
        "Operating Revenue": 87467000.0
    },
    "2022-09-30": {
        "Tax Effect Of Unusual Items": 2251.765251,
        "Tax Rate For Calcs": 0.321681,
        "Normalized EBITDA": 20349000.0,
        "Total Unusual Items": 7000.0,
        "Total Unusual Items Excluding Goodwill": 7000.0,
        "Net Income From Continuing Operation Net Minority Interest": 5860000.0,
        "Reconciled Depreciation": 5039000.0,
        "Reconciled Cost Of Revenue": 61899000.0,
        "EBITDA": 20356000.0,
        "EBIT": 15317000.0,
        "Net Interest Income": -6678000.0,
        "Interest Expense": 6678000.0,
        "Normalized Income": 5855251.765251,
        "Net Income From Continuing And Discontinued Operation": 5860000.0,
        "Total Expenses": 72282000.0,
        "Total Operating Income As Reported": 15222000.0,
        "Diluted Average Shares": 15537000.0,
        "Basic Average Shares": 14689000.0,
        "Diluted EPS": 0.38,
        "Basic EPS": 0.4,
        "Diluted NI Availto Com Stockholders": 5860000.0,
        "Net Income Common Stockholders": 5860000.0,
        "Otherunder Preferred Stock Dividend": 3000.0,
        "Net Income": 5860000.0,
        "Net Income Including Noncontrolling Interests": 5860000.0,
        "Net Income Continuous Operations": 5860000.0,
        "Tax Provision": 2779000.0,
        "Pretax Income": 8639000.0,
        "Other Income Expense": 102000.0,
        "Other Non Operating Income Expenses": 95000.0,
        "Special Income Charges": 7000.0,
        "Gain On Sale Of Business": 7000.0,
        "Other Special Charges": NaN,
        "Net Non Operating Interest Income Expense": -6678000.0,
        "Interest Expense Non Operating": 6678000.0,
        "Operating Income": 15215000.0,
        "Operating Expense": 10383000.0,
        "Selling General And Administration": 10383000.0,
        "General And Administrative Expense": 10383000.0,
        "Other Gand A": 10383000.0,
        "Gross Profit": 25598000.0,
        "Cost Of Revenue": 61899000.0,
        "Total Revenue": 87497000.0,
        "Operating Revenue": 80599000.0
    },
    "2022-06-30": {
        "Tax Effect Of Unusual Items": 717179.166667,
        "Tax Rate For Calcs": 0.279167,
        "Normalized EBITDA": 23967000.0,
        "Total Unusual Items": 2569000.0,
        "Total Unusual Items Excluding Goodwill": 2569000.0,
        "Net Income From Continuing Operation Net Minority Interest": 10899000.0,
        "Reconciled Depreciation": 5428000.0,
        "Reconciled Cost Of Revenue": 62888000.0,
        "EBITDA": 26536000.0,
        "EBIT": 21108000.0,
        "Net Interest Income": -5988000.0,
        "Interest Expense": 5988000.0,
        "Normalized Income": 9047179.166667,
        "Net Income From Continuing And Discontinued Operation": 10899000.0,
        "Total Expenses": 72068000.0,
        "Total Operating Income As Reported": 19725000.0,
        "Diluted Average Shares": 15712000.0,
        "Basic Average Shares": 14798000.0,
        "Diluted EPS": 0.69,
        "Basic EPS": 0.74,
        "Diluted NI Availto Com Stockholders": 10899000.0,
        "Net Income Common Stockholders": 10899000.0,
        "Otherunder Preferred Stock Dividend": 6000.0,
        "Net Income": 10899000.0,
        "Net Income Including Noncontrolling Interests": 10899000.0,
        "Net Income Continuous Operations": 10899000.0,
        "Tax Provision": 4221000.0,
        "Pretax Income": 15120000.0,
        "Other Income Expense": 2576000.0,
        "Other Non Operating Income Expenses": 7000.0,
        "Special Income Charges": 2569000.0,
        "Gain On Sale Of Business": 1193000.0,
        "Other Special Charges": -1376000.0,
        "Net Non Operating Interest Income Expense": -5988000.0,
        "Interest Expense Non Operating": 5988000.0,
        "Operating Income": 18532000.0,
        "Operating Expense": 9180000.0,
        "Selling General And Administration": 9180000.0,
        "General And Administrative Expense": 9180000.0,
        "Other Gand A": 9180000.0,
        "Gross Profit": 27712000.0,
        "Cost Of Revenue": 62888000.0,
        "Total Revenue": 90600000.0,
        "Operating Revenue": 83826000.0
    },
    "2022-03-31": {
        "Diluted EPS": 1.0,
        "Total Revenue": 98,
        "Gross Profit": 34,
        "Operating Income": 25,
        "EBIT": 30,
        "Net Income": 16
    },
    "2021-12-31": {
        "Diluted EPS": 0.72,
        "Total Revenue": 96,
        "Gross Profit": 32,
        "Operating Income": 23,
        "EBIT": 29,
        "Net Income": 13
    },
    "2021-09-30": {
        "Diluted EPS": 0.71,
        "Total Revenue": 95,
        "Gross Profit": 33,
        "Operating Income": 23,
        "EBIT": 29,
        "Net Income": 13
    },
    "2021-06-30": {
        "Diluted EPS": -0.33,
        "Total Revenue": 88,
        "Gross Profit": 29,
        "Operating Income": 21,
        "EBIT": 27,
        "Net Income": -6
    },
    "2021-03-31": {
        "Diluted EPS": 0.71,
        "Total Revenue": 97,
        "Gross Profit": 35,
        "Operating Income": 26,
        "EBIT": 32,
        "Net Income": 13
    },
    "2020-12-31": {
        "Diluted EPS": 0.45,
        "Total Revenue": 90,
        "Gross Profit": 30,
        "Operating Income": 20,
        "EBIT": 26,
        "Net Income": 8
    },
    "2020-09-30": {
        "Diluted EPS": 0.31,
        "Total Revenue": 84,
        "Gross Profit": 28,
        "Operating Income": 16,
        "EBIT": 22,
        "Net Income": 6
    },
    "2020-06-30": {
        "Diluted EPS": 0.36,
        "Total Revenue": 77,
        "Gross Profit": 25,
        "Operating Income": 18,
        "EBIT": 24,
        "Net Income": 6
    },
    "2020-03-31": {
        "Diluted EPS": -0.23,
        "Total Revenue": 77,
        "Gross Profit": 23,
        "Operating Income": 2,
        "EBIT": 7,
        "Net Income": -4
    },
    "2019-12-31": {
        "Diluted EPS": 0.14,
        "Total Revenue": 71,
        "Gross Profit": 21,
        "Operating Income": 11,
        "EBIT": 17,
        "Net Income": 3
    },
    "2019-09-30": {
        "Diluted EPS": 0.03,
        "Total Revenue": 66,
        "Gross Profit": 18,
        "Operating Income": 7,
        "EBIT": 12,
        "Net Income": 1
    },
    "2019-06-30": {
        "Diluted EPS": 0.27,
        "Total Revenue": 68,
        "Gross Profit": 19,
        "Operating Income": 13,
        "EBIT": 18,
        "Net Income": 5
    },
    "2019-03-31": {
        "Diluted EPS": 0.36,
        "Total Revenue": 69,
        "Gross Profit": 22,
        "Operating Income": 16,
        "EBIT": 20,
        "Net Income": 7
    },
    "2018-12-31": {
        "Diluted EPS": -0.15,
        "Total Revenue": 67,
        "Gross Profit": 18,
        "Operating Income": 5,
        "EBIT": 10,
        "Net Income": -3
    },
    "2018-09-30": {
        "Diluted EPS": 0.11,
        "Total Revenue": 64,
        "Gross Profit": 17,
        "Operating Income": 10,
        "EBIT": 15,
        "Net Income": 2
    },
    "2018-06-30": {
        "Diluted EPS": 0.15,
        "Total Revenue": 64,
        "Gross Profit": 17,
        "Operating Income": 10,
        "EBIT": 15,
        "Net Income": 3
    },
    "2018-03-31": {
        "Diluted EPS": 0.52,
        "Total Revenue": 73,
        "Gross Profit": 24,
        "Operating Income": 17,
        "EBIT": 23,
        "Net Income": 9
    },
    "2017-12-31": {
        "Diluted EPS": 1.29,
        "Total Revenue": 65,
        "Gross Profit": 20,
        "Operating Income": 12,
        "EBIT": 18,
        "Net Income": 23
    },
    "2017-09-30": {
        "Diluted EPS": 0.17,
        "Total Revenue": 61,
        "Gross Profit": 15,
        "Operating Income": 9,
        "EBIT": 14,
        "Net Income": 3
    },
    "2017-06-30": {
        "Diluted EPS": 0.24,
        "Total Revenue": 64,
        "Gross Profit": 19,
        "Operating Income": 12,
        "EBIT": 17,
        "Net Income": 4
    },
    "2017-03-31": {
        "Diluted EPS": 0.39,
        "Total Revenue": 68,
        "Gross Profit": 23,
        "Operating Income": 16,
        "EBIT": 21,
        "Net Income": 7
    },
    "2016-12-31": {
        "Diluted EPS": 0.22,
        "Total Revenue": 63,
        "Gross Profit": 21,
        "Operating Income": 14,
        "EBIT": 19,
        "Net Income": 4
    },
    "2016-09-30": {
        "Diluted EPS": 0.33,
        "Total Revenue": 60,
        "Gross Profit": 18,
        "Operating Income": 12,
        "EBIT": 17,
        "Net Income": 6
    },
    "2016-06-30": {
        "Diluted EPS": 0.3,
        "Total Revenue": 62,
        "Gross Profit": 19,
        "Operating Income": 13,
        "EBIT": 18,
        "Net Income": 5
    },
    "2016-03-31": {
        "Diluted EPS": 0.27,
        "Total Revenue": 63,
        "Gross Profit": 21,
        "Operating Income": 12,
        "EBIT": 17,
        "Net Income": 5
    },
    "2015-12-31": {
        "Diluted EPS": 0.3,
        "Total Revenue": 62,
        "Gross Profit": 20,
        "Operating Income": 12,
        "EBIT": 17,
        "Net Income": 5
    },
    "2015-09-30": {
        "Diluted EPS": 0.24,
        "Total Revenue": 58,
        "Gross Profit": 17,
        "Operating Income": 11,
        "EBIT": 15,
        "Net Income": 4
    },
    "2015-06-30": {
        "Diluted EPS": 0.24,
        "Total Revenue": 59,
        "Gross Profit": 18,
        "Operating Income": 11,
        "EBIT": 15,
        "Net Income": 5
    },
    "2015-03-31": {
        "Diluted EPS": 0.34,
        "Total Revenue": 63,
        "Gross Profit": 22,
        "Operating Income": 15,
        "EBIT": 19,
        "Net Income": 6
    },
    "2014-12-31": {
        "Diluted EPS": 0.3,
        "Total Revenue": 59,
        "Gross Profit": 19,
        "Operating Income": 12,
        "EBIT": 15,
        "Net Income": 5
    },
    "2014-09-30": {
        "Diluted EPS": 0.26,
        "Total Revenue": 55,
        "Gross Profit": 15,
        "Operating Income": 8,
        "EBIT": 12,
        "Net Income": 5
    },
    "2014-06-30": {
        "Diluted EPS": 0.17,
        "Total Revenue": 57,
        "Gross Profit": 18,
        "Operating Income": 11,
        "EBIT": 16,
        "Net Income": 3
    },
    "2014-03-31": {
        "Diluted EPS": 0.12,
        "Total Revenue": 56,
        "Gross Profit": 18,
        "Operating Income": 8,
        "EBIT": 12,
        "Net Income": 2
    },
    "2013-12-31": {
        "Diluted EPS": 0.2,
        "Total Revenue": 52,
        "Gross Profit": 14,
        "Operating Income": 9,
        "EBIT": 12,
        "Net Income": 4
    },
    "2013-09-30": {
        "Diluted EPS": 0.32,
        "Total Revenue": 50,
        "Gross Profit": 14,
        "Operating Income": 6,
        "EBIT": 10,
        "Net Income": 6
    },
    "2013-06-30": {
        "Diluted EPS": 0.23,
        "Total Revenue": 54,
        "Gross Profit": 17,
        "Operating Income": 9,
        "EBIT": 13,
        "Net Income": 4
    },
    "2013-03-31": {
        "Diluted EPS": 0.25,
        "Total Revenue": 57,
        "Gross Profit": 19,
        "Operating Income": 12,
        "EBIT": 15,
        "Net Income": 5
    },
    "2012-12-31": {
        "Diluted EPS": 0.21,
        "Total Revenue": 50,
        "Gross Profit": 17,
        "Operating Income": 8,
        "EBIT": 12,
        "Net Income": 4
    },
    "2012-09-30": {
        "Diluted EPS": 0.03,
        "Total Revenue": 48,
        "Gross Profit": 13,
        "Operating Income": 8,
        "EBIT": 11,
        "Net Income": 1
    },
    "2012-06-30": {
        "Diluted EPS": 0.15,
        "Total Revenue": 49,
        "Gross Profit": 14,
        "Operating Income": 9,
        "EBIT": 12,
        "Net Income": 3
    },
    "2012-03-31": {
        "Diluted EPS": 0.24,
        "Total Revenue": 51,
        "Gross Profit": 17,
        "Operating Income": 11,
        "EBIT": 14,
        "Net Income": 4
    },
    "2011-12-31": {
        "Diluted EPS": 0.02,
        "Total Revenue": 47,
        "Gross Profit": 13,
        "Operating Income": 5,
        "EBIT": 8,
        "Net Income": 0
    },
    "2011-09-30": {
        "Diluted EPS": 0.04,
        "Total Revenue": 43,
        "Gross Profit": 11,
        "Operating Income": 6,
        "EBIT": 8,
        "Net Income": 1
    },
    "2011-06-30": {
        "Diluted EPS": 0.14,
        "Total Revenue": 48,
        "Gross Profit": 14,
        "Operating Income": 8,
        "EBIT": 11,
        "Net Income": 3
    },
    "2011-03-31": {
        "Diluted EPS": 0.18,
        "Total Revenue": 51,
        "Gross Profit": 15,
        "Operating Income": 10,
        "EBIT": 13,
        "Net Income": 3
    },
    "2010-12-31": {
        "Diluted EPS": 0.11,
        "Total Revenue": 45,
        "Gross Profit": 12,
        "Operating Income": 7,
        "EBIT": 10,
        "Net Income": 2
    },
    "2010-09-30": {
        "Diluted EPS": 0.05,
        "Total Revenue": 45,
        "Gross Profit": 10,
        "Operating Income": 6,
        "EBIT": 9,
        "Net Income": 1
    },
    "2010-06-30": {
        "Diluted EPS": 0.13,
        "Total Revenue": 45,
        "Gross Profit": 12,
        "Operating Income": 8,
        "EBIT": 11,
        "Net Income": 2
    },
    "2010-03-31": {
        "Diluted EPS": 0.16,
        "Total Revenue": 47,
        "Gross Profit": 14,
        "Operating Income": 9,
        "EBIT": 12,
        "Net Income": 3
    },
    "2009-12-31": {
        "Diluted EPS": 0.1,
        "Total Revenue": 45,
        "Gross Profit": 12,
        "Operating Income": 8,
        "EBIT": 10,
        "Net Income": 2
    },
    "2009-09-30": {
        "Diluted EPS": 0.05,
        "Total Revenue": 42,
        "Gross Profit": 10,
        "Operating Income": 6,
        "EBIT": 9,
        "Net Income": 1
    },
    "2009-06-30": {
        "Diluted EPS": 0.12,
        "Total Revenue": 45,
        "Gross Profit": 12,
        "Operating Income": 8,
        "EBIT": 11,
        "Net Income": 2
    },
    "2009-03-31": {
        "Diluted EPS": 0.13,
        "Total Revenue": 46,
        "Gross Profit": 13,
        "Operating Income": 9,
        "EBIT": 11,
        "Net Income": 2
    },
    "2023-06-30": {
        "Tax Effect Of Unusual Items": -8400.0,
        "Tax Rate For Calcs": 0.28,
        "Normalized EBITDA": 27122000.0,
        "Total Unusual Items": -30000.0,
        "Total Unusual Items Excluding Goodwill": -30000.0,
        "Net Income From Continuing Operation Net Minority Interest": 8286000.0,
        "Reconciled Depreciation": 5994000.0,
        "Reconciled Cost Of Revenue": 66476000.0,
        "EBITDA": 27092000.0,
        "EBIT": 21098000.0,
        "Net Interest Income": -9396000.0,
        "Interest Expense": 9396000.0,
        "Normalized Income": 8307600.0,
        "Net Income From Continuing And Discontinued Operation": 8286000.0,
        "Total Expenses": 76675000.0,
        "Total Operating Income As Reported": 20738000.0,
        "Diluted Average Shares": 15454000.0,
        "Basic Average Shares": 14793000.0,
        "Diluted EPS": 0.53,
        "Basic EPS": 0.55,
        "Diluted NI Availto Com Stockholders": 8207000.0,
        "Net Income Common Stockholders": 8207000.0,
        "Otherunder Preferred Stock Dividend": 79000.0,
        "Net Income": 8286000.0,
        "Net Income Including Noncontrolling Interests": 8286000.0,
        "Net Income Continuous Operations": 8286000.0,
        "Tax Provision": 3416000.0,
        "Pretax Income": 11702000.0,
        "Other Income Expense": 95000.0,
        "Other Non Operating Income Expenses": 125000.0,
        "Special Income Charges": -30000.0,
        "Gain On Sale Of Ppe": NaN,
        "Gain On Sale Of Business": -265000.0,
        "Other Special Charges": -235000.0,
        "Net Non Operating Interest Income Expense": -9396000.0,
        "Interest Expense Non Operating": 9396000.0,
        "Operating Income": 21003000.0,
        "Operating Expense": 10199000.0,
        "Selling General And Administration": 10199000.0,
        "General And Administrative Expense": 10199000.0,
        "Other Gand A": 10199000.0,
        "Gross Profit": 31202000.0,
        "Cost Of Revenue": 66476000.0,
        "Total Revenue": 97678000.0,
        "Operating Revenue": 90152000.0
    },
    "2023-09-30": {
        "Tax Effect Of Unusual Items": -13376.0,
        "Tax Rate For Calcs": 0.304,
        "Normalized EBITDA": 21619000.0,
        "Total Unusual Items": -44000.0,
        "Total Unusual Items Excluding Goodwill": -44000.0,
        "Net Income From Continuing Operation Net Minority Interest": 4645000.0,
        "Reconciled Depreciation": 5521000.0,
        "Reconciled Cost Of Revenue": 63082000.0,
        "EBITDA": 21575000.0,
        "EBIT": 16054000.0,
        "Net Interest Income": -9278000.0,
        "Interest Expense": 9278000.0,
        "Normalized Income": 4675624.0,
        "Net Income From Continuing And Discontinued Operation": 4645000.0,
        "Total Expenses": 74385000.0,
        "Total Operating Income As Reported": 15686000.0,
        "Diluted Average Shares": 15514000.0,
        "Basic Average Shares": 14820000.0,
        "Diluted EPS": 0.3,
        "Basic EPS": 0.31,
        "Diluted NI Availto Com Stockholders": 4601000.0,
        "Net Income Common Stockholders": 4601000.0,
        "Otherunder Preferred Stock Dividend": 44000.0,
        "Net Income": 4645000.0,
        "Net Income Including Noncontrolling Interests": 4645000.0,
        "Net Income Continuous Operations": 4645000.0,
        "Tax Provision": 2131000.0,
        "Pretax Income": 6776000.0,
        "Other Income Expense": -55000.0,
        "Other Non Operating Income Expenses": -11000.0,
        "Special Income Charges": -44000.0,
        "Gain On Sale Of Ppe": NaN,
        "Gain On Sale Of Business": -423000.0,
        "Other Special Charges": -379000.0,
        "Net Non Operating Interest Income Expense": -9278000.0,
        "Interest Expense Non Operating": 9278000.0,
        "Operating Income": 16109000.0,
        "Operating Expense": 11303000.0,
        "Selling General And Administration": 11303000.0,
        "General And Administrative Expense": 11303000.0,
        "Other Gand A": 11303000.0,
        "Gross Profit": 27412000.0,
        "Cost Of Revenue": 63082000.0,
        "Total Revenue": 90494000.0,
        "Operating Revenue": 83995000.0
    },
    "2023-12-31": {
        "Tax Effect Of Unusual Items": -66603.909004,
        "Tax Rate For Calcs": 0.254213,
        "Normalized EBITDA": 30833000.0,
        "Total Unusual Items": -262000.0,
        "Total Unusual Items Excluding Goodwill": -262000.0,
        "Net Income From Continuing Operation Net Minority Interest": 11638000.0,
        "Reconciled Depreciation": 5913000.0,
        "Reconciled Cost Of Revenue": 64208000.0,
        "EBITDA": 30571000.0,
        "EBIT": 24658000.0,
        "Net Interest Income": -9053000.0,
        "Interest Expense": 9053000.0,
        "Normalized Income": 11833396.090996,
        "Net Income From Continuing And Discontinued Operation": 11638000.0,
        "Total Expenses": 74651000.0,
        "Total Operating Income As Reported": 23921000.0,
        "Diluted Average Shares": 15448000.0,
        "Basic Average Shares": 14838000.0,
        "Diluted EPS": 0.75,
        "Basic EPS": 0.78,
        "Diluted NI Availto Com Stockholders": 11526000.0,
        "Net Income Common Stockholders": 11526000.0,
        "Otherunder Preferred Stock Dividend": 112000.0,
        "Net Income": 11638000.0,
        "Net Income Including Noncontrolling Interests": 11638000.0,
        "Net Income Continuous Operations": 11638000.0,
        "Tax Provision": 3967000.0,
        "Pretax Income": 15605000.0,
        "Other Income Expense": 475000.0,
        "Other Non Operating Income Expenses": 737000.0,
        "Special Income Charges": -262000.0,
        "Gain On Sale Of Ppe": NaN,
        "Gain On Sale Of Business": 823000.0,
        "Other Special Charges": 0.0,
        "Net Non Operating Interest Income Expense": -9053000.0,
        "Interest Expense Non Operating": 9053000.0,
        "Operating Income": 24183000.0,
        "Operating Expense": 10443000.0,
        "Selling General And Administration": 10443000.0,
        "General And Administrative Expense": 10443000.0,
        "Other Gand A": 10443000.0,
        "Gross Profit": 34626000.0,
        "Cost Of Revenue": 64208000.0,
        "Total Revenue": 98834000.0,
        "Operating Revenue": 89291000.0
    },
    "2024-03-31": {
        "Tax Effect Of Unusual Items": -506760.0,
        "Tax Rate For Calcs": 0.328,
        "Normalized EBITDA": 26771000.0,
        "Total Unusual Items": -1545000.0,
        "Total Unusual Items Excluding Goodwill": -1545000.0,
        "Net Income From Continuing Operation Net Minority Interest": 6973000.0,
        "Reconciled Depreciation": 5792000.0,
        "Reconciled Cost Of Revenue": 66231000.0,
        "EBITDA": 25226000.0,
        "EBIT": 19434000.0,
        "Net Interest Income": -8712000.0,
        "Interest Expense": 8712000.0,
        "Normalized Income": 8011240.0,
        "Net Income From Continuing And Discontinued Operation": 6973000.0,
        "Total Expenses": 82471000.0,
        "Total Operating Income As Reported": 19477000.0,
        "Diluted Average Shares": 15309000.0,
        "Basic Average Shares": 14876000.0,
        "Diluted EPS": 0.45,
        "Basic EPS": 0.46,
        "Diluted NI Availto Com Stockholders": 6872000.0,
        "Net Income Common Stockholders": 6872000.0,
        "Otherunder Preferred Stock Dividend": 101000.0,
        "Net Income": 6973000.0,
        "Net Income Including Noncontrolling Interests": 6973000.0,
        "Net Income Continuous Operations": 6973000.0,
        "Tax Provision": 3749000.0,
        "Pretax Income": 10722000.0,
        "Other Income Expense": -1588000.0,
        "Other Non Operating Income Expenses": -43000.0,
        "Special Income Charges": -1545000.0,
        "Gain On Sale Of Ppe": -44000.0,
        "Gain On Sale Of Business": -1501000.0,
        "Other Special Charges": NaN,
        "Net Non Operating Interest Income Expense": -8712000.0,
        "Interest Expense Non Operating": 8712000.0,
        "Operating Income": 21022000.0,
        "Operating Expense": 16240000.0,
        "Selling General And Administration": 16240000.0,
        "General And Administrative Expense": 16240000.0,
        "Other Gand A": 16240000.0,
        "Gross Profit": 37262000.0,
        "Cost Of Revenue": 66231000.0,
        "Total Revenue": 103493000.0,
        "Operating Revenue": 95201000.0
    }
}