{
    "2023-06-30": {
        "Tax Effect Of Unusual Items": 0.0,
        "Tax Rate For Calcs": 0.217612,
        "Net Income From Continuing Operation Net Minority Interest": 19404000.0,
        "Reconciled Depreciation": 1654000.0,
        "Net Interest Income": 43079000.0,
        "Interest Expense": 21748000.0,
        "Interest Income": 64827000.0,
        "Normalized Income": 19404000.0,
        "Net Income From Continuing And Discontinued Operation": 19404000.0,
        "Diluted Average Shares": 17890000.0,
        "Basic Average Shares": 17884000.0,
        "Diluted EPS": 1.08,
        "Basic EPS": 1.09,
        "Diluted NI Availto Com Stockholders": 19404000.0,
        "Net Income Common Stockholders": 19404000.0,
        "Net Income": 19404000.0,
        "Net Income Including Noncontrolling Interests": 19404000.0,
        "Net Income Continuous Operations": 19404000.0,
        "Tax Provision": 5397000.0,
        "Pretax Income": 24801000.0,
        "Securities Amortization": 598000.0,
        "Gain On Sale Of Security": 165000.0,
        "Selling General And Administration": 19619000.0,
        "Selling And Marketing Expense": 704000.0,
        "General And Administrative Expense": 18915000.0,
        "Insurance And Claims": 610000.0,
        "Salaries And Wages": 18305000.0,
        "Total Revenue": 57835000.0,
        "Operating Revenue": 57835000.0
    },
    "2023-03-31": {
        "Tax Effect Of Unusual Items": 0.0,
        "Tax Rate For Calcs": 0.214663,
        "Net Income From Continuing Operation Net Minority Interest": 19313000.0,
        "Reconciled Depreciation": 907000.0,
        "Net Interest Income": 43916000.0,
        "Interest Expense": 17079000.0,
        "Interest Income": 60995000.0,
        "Normalized Income": 19313000.0,
        "Net Income From Continuing And Discontinued Operation": 19313000.0,
        "Diluted Average Shares": 17884000.0,
        "Basic Average Shares": 17872000.0,
        "Diluted EPS": 1.08,
        "Basic EPS": 1.08,
        "Diluted NI Availto Com Stockholders": 19313000.0,
        "Net Income Common Stockholders": 19313000.0,
        "Net Income": 19313000.0,
        "Net Income Including Noncontrolling Interests": 19313000.0,
        "Net Income Continuous Operations": 19313000.0,
        "Tax Provision": 5279000.0,
        "Pretax Income": 24592000.0,
        "Securities Amortization": 597000.0,
        "Gain On Sale Of Security": 218000.0,
        "Selling General And Administration": 20334000.0,
        "Selling And Marketing Expense": 820000.0,
        "General And Administrative Expense": 19514000.0,
        "Insurance And Claims": 606000.0,
        "Salaries And Wages": 18908000.0,
        "Total Revenue": 57598000.0,
        "Operating Revenue": 57598000.0
    },
    "2022-12-31": {
        "Tax Effect Of Unusual Items": NaN,
        "Tax Rate For Calcs": NaN,
        "Net Income From Continuing Operation Net Minority Interest": NaN,
        "Reconciled Depreciation": NaN,
        "Net Interest Income": NaN,
        "Interest Expense": NaN,
        "Interest Income": NaN,
        "Normalized Income": NaN,
        "Net Income From Continuing And Discontinued Operation": NaN,
        "Diluted Average Shares": NaN,
        "Basic Average Shares": NaN,
        "Diluted EPS": NaN,
        "Basic EPS": NaN,
        "Diluted NI Availto Com Stockholders": NaN,
        "Net Income Common Stockholders": NaN,
        "Net Income": NaN,
        "Net Income Including Noncontrolling Interests": NaN,
        "Net Income Continuous Operations": NaN,
        "Tax Provision": NaN,
        "Pretax Income": NaN,
        "Securities Amortization": 686000.0,
        "Gain On Sale Of Security": NaN,
        "Selling General And Administration": NaN,
        "Selling And Marketing Expense": NaN,
        "General And Administrative Expense": NaN,
        "Insurance And Claims": NaN,
        "Salaries And Wages": NaN,
        "Total Revenue": NaN,
        "Operating Revenue": NaN
    },
    "2022-09-30": {
        "Tax Effect Of Unusual Items": NaN,
        "Tax Rate For Calcs": NaN,
        "Net Income From Continuing Operation Net Minority Interest": NaN,
        "Reconciled Depreciation": NaN,
        "Net Interest Income": NaN,
        "Interest Expense": NaN,
        "Interest Income": NaN,
        "Normalized Income": NaN,
        "Net Income From Continuing And Discontinued Operation": NaN,
        "Diluted Average Shares": NaN,
        "Basic Average Shares": NaN,
        "Diluted EPS": NaN,
        "Basic EPS": NaN,
        "Diluted NI Availto Com Stockholders": NaN,
        "Net Income Common Stockholders": NaN,
        "Net Income": NaN,
        "Net Income Including Noncontrolling Interests": NaN,
        "Net Income Continuous Operations": NaN,
        "Tax Provision": NaN,
        "Pretax Income": NaN,
        "Securities Amortization": NaN,
        "Gain On Sale Of Security": NaN,
        "Selling General And Administration": NaN,
        "Selling And Marketing Expense": NaN,
        "General And Administrative Expense": NaN,
        "Other Gand A": 2270000.0,
        "Insurance And Claims": NaN,
        "Salaries And Wages": NaN,
        "Total Revenue": NaN,
        "Operating Revenue": NaN
    },
    "2022-06-30": {
        "Tax Effect Of Unusual Items": 0.0,
        "Tax Rate For Calcs": 0.196743,
        "Net Income From Continuing Operation Net Minority Interest": 20271000.0,
        "Reconciled Depreciation": 1274000.0,
        "Net Interest Income": 40790000.0,
        "Interest Expense": 4562000.0,
        "Interest Income": 45352000.0,
        "Normalized Income": 20271000.0,
        "Net Income From Continuing And Discontinued Operation": 20271000.0,
        "Diluted Average Shares": 17843000.0,
        "Basic Average Shares": 17835000.0,
        "Diluted EPS": 1.14,
        "Basic EPS": 1.14,
        "Diluted NI Availto Com Stockholders": 20271000.0,
        "Net Income Common Stockholders": 20271000.0,
        "Net Income": 20271000.0,
        "Net Income Including Noncontrolling Interests": 20271000.0,
        "Net Income Continuous Operations": 20271000.0,
        "Tax Provision": 4965000.0,
        "Pretax Income": 25236000.0,
        "Securities Amortization": 747000.0,
        "Gain On Sale Of Security": -225000.0,
        "Selling General And Administration": 20987000.0,
        "Selling And Marketing Expense": 659000.0,
        "General And Administrative Expense": 20987000.0,
        "Other Gand A": 2095000.0,
        "Insurance And Claims": 358000.0,
        "Salaries And Wages": 18534000.0,
        "Total Revenue": 55291000.0,
        "Operating Revenue": 55291000.0
    },
    "2022-03-31": {
        "Diluted EPS": 1.11,
        "Total Revenue": 58,
        "Gross Profit": 55,
        "Operating Income": 25,
        "EBIT": NaN,
        "Net Income": 20
    },
    "2021-12-31": {
        "Diluted EPS": 1.08,
        "Total Revenue": 59,
        "Gross Profit": 56,
        "Operating Income": 24,
        "EBIT": NaN,
        "Net Income": 19
    },
    "2021-09-30": {
        "Diluted EPS": 1.19,
        "Total Revenue": 60,
        "Gross Profit": 56,
        "Operating Income": 26,
        "EBIT": NaN,
        "Net Income": 21
    },
    "2021-06-30": {
        "Diluted EPS": 1.34,
        "Total Revenue": 59,
        "Gross Profit": 56,
        "Operating Income": 30,
        "EBIT": NaN,
        "Net Income": 24
    },
    "2021-03-31": {
        "Diluted EPS": 1.33,
        "Total Revenue": 60,
        "Gross Profit": 56,
        "Operating Income": 30,
        "EBIT": NaN,
        "Net Income": 24
    },
    "2020-12-31": {
        "Diluted EPS": 0.89,
        "Total Revenue": 58,
        "Gross Profit": 54,
        "Operating Income": 19,
        "EBIT": NaN,
        "Net Income": 16
    },
    "2020-09-30": {
        "Diluted EPS": 0.98,
        "Total Revenue": 59,
        "Gross Profit": 53,
        "Operating Income": 21,
        "EBIT": NaN,
        "Net Income": 17
    },
    "2020-06-30": {
        "Diluted EPS": 1.11,
        "Total Revenue": 58,
        "Gross Profit": 51,
        "Operating Income": 23,
        "EBIT": NaN,
        "Net Income": 20
    },
    "2020-03-31": {
        "Diluted EPS": 0.37,
        "Total Revenue": 56,
        "Gross Profit": 48,
        "Operating Income": 7,
        "EBIT": NaN,
        "Net Income": 7
    },
    "2019-12-31": {
        "Diluted EPS": 0.91,
        "Total Revenue": 59,
        "Gross Profit": 50,
        "Operating Income": 19,
        "EBIT": NaN,
        "Net Income": 16
    },
    "2019-09-30": {
        "Diluted EPS": 0.86,
        "Total Revenue": 59,
        "Gross Profit": 49,
        "Operating Income": 18,
        "EBIT": NaN,
        "Net Income": 15
    },
    "2019-06-30": {
        "Diluted EPS": 1.03,
        "Total Revenue": 59,
        "Gross Profit": 48,
        "Operating Income": 17,
        "EBIT": NaN,
        "Net Income": 18
    },
    "2019-03-31": {
        "Diluted EPS": 0.84,
        "Total Revenue": 58,
        "Gross Profit": 48,
        "Operating Income": 19,
        "EBIT": NaN,
        "Net Income": 15
    },
    "2018-12-31": {
        "Diluted EPS": 0.89,
        "Total Revenue": 57,
        "Gross Profit": 49,
        "Operating Income": 19,
        "EBIT": NaN,
        "Net Income": 16
    },
    "2018-09-30": {
        "Diluted EPS": 0.91,
        "Total Revenue": 56,
        "Gross Profit": 49,
        "Operating Income": 19,
        "EBIT": NaN,
        "Net Income": 16
    },
    "2018-06-30": {
        "Diluted EPS": 0.66,
        "Total Revenue": 56,
        "Gross Profit": 49,
        "Operating Income": 15,
        "EBIT": NaN,
        "Net Income": 12
    },
    "2018-03-31": {
        "Diluted EPS": 0.89,
        "Total Revenue": 54,
        "Gross Profit": 48,
        "Operating Income": 18,
        "EBIT": NaN,
        "Net Income": 16
    },
    "2017-12-31": {
        "Diluted EPS": 0.85,
        "Total Revenue": 53,
        "Gross Profit": 48,
        "Operating Income": 17,
        "EBIT": NaN,
        "Net Income": 15
    },
    "2017-09-30": {
        "Diluted EPS": 0.78,
        "Total Revenue": 52,
        "Gross Profit": 47,
        "Operating Income": 20,
        "EBIT": NaN,
        "Net Income": 14
    },
    "2017-06-30": {
        "Diluted EPS": 0.65,
        "Total Revenue": 51,
        "Gross Profit": 47,
        "Operating Income": 16,
        "EBIT": NaN,
        "Net Income": 12
    },
    "2017-03-31": {
        "Diluted EPS": 0.64,
        "Total Revenue": 48,
        "Gross Profit": 45,
        "Operating Income": 16,
        "EBIT": NaN,
        "Net Income": 11
    },
    "2016-12-31": {
        "Diluted EPS": 0.68,
        "Total Revenue": 50,
        "Gross Profit": 46,
        "Operating Income": 17,
        "EBIT": NaN,
        "Net Income": 12
    },
    "2016-09-30": {
        "Diluted EPS": 0.7,
        "Total Revenue": 50,
        "Gross Profit": 46,
        "Operating Income": 18,
        "EBIT": NaN,
        "Net Income": 12
    },
    "2016-06-30": {
        "Diluted EPS": 0.66,
        "Total Revenue": 48,
        "Gross Profit": 45,
        "Operating Income": 16,
        "EBIT": NaN,
        "Net Income": 12
    },
    "2016-03-31": {
        "Diluted EPS": 0.66,
        "Total Revenue": 47,
        "Gross Profit": 44,
        "Operating Income": 16,
        "EBIT": NaN,
        "Net Income": 12
    },
    "2015-12-31": {
        "Diluted EPS": 0.68,
        "Total Revenue": 48,
        "Gross Profit": 45,
        "Operating Income": 17,
        "EBIT": NaN,
        "Net Income": 12
    },
    "2015-09-30": {
        "Diluted EPS": 0.64,
        "Total Revenue": 48,
        "Gross Profit": 45,
        "Operating Income": 15,
        "EBIT": NaN,
        "Net Income": 11
    },
    "2015-06-30": {
        "Diluted EPS": 0.71,
        "Total Revenue": 48,
        "Gross Profit": 45,
        "Operating Income": 17,
        "EBIT": NaN,
        "Net Income": 12
    },
    "2015-03-31": {
        "Diluted EPS": 0.63,
        "Total Revenue": 46,
        "Gross Profit": 44,
        "Operating Income": 16,
        "EBIT": NaN,
        "Net Income": 11
    },
    "2014-12-31": {
        "Diluted EPS": 0.58,
        "Total Revenue": 48,
        "Gross Profit": 46,
        "Operating Income": 15,
        "EBIT": NaN,
        "Net Income": 10
    },
    "2014-09-30": {
        "Diluted EPS": 0.63,
        "Total Revenue": 48,
        "Gross Profit": 45,
        "Operating Income": 16,
        "EBIT": NaN,
        "Net Income": 11
    },
    "2014-06-30": {
        "Diluted EPS": 0.7,
        "Total Revenue": 47,
        "Gross Profit": 44,
        "Operating Income": 18,
        "EBIT": NaN,
        "Net Income": 12
    },
    "2014-03-31": {
        "Diluted EPS": 0.58,
        "Total Revenue": 46,
        "Gross Profit": 43,
        "Operating Income": 15,
        "EBIT": NaN,
        "Net Income": 10
    },
    "2013-12-31": {
        "Diluted EPS": 0.51,
        "Total Revenue": 49,
        "Gross Profit": 46,
        "Operating Income": 13,
        "EBIT": NaN,
        "Net Income": 9
    },
    "2013-09-30": {
        "Diluted EPS": 0.73,
        "Total Revenue": 50,
        "Gross Profit": 46,
        "Operating Income": 19,
        "EBIT": NaN,
        "Net Income": 13
    },
    "2013-06-30": {
        "Diluted EPS": 0.69,
        "Total Revenue": 50,
        "Gross Profit": 47,
        "Operating Income": 17,
        "EBIT": NaN,
        "Net Income": 12
    },
    "2013-03-31": {
        "Diluted EPS": 0.69,
        "Total Revenue": 49,
        "Gross Profit": 45,
        "Operating Income": 17,
        "EBIT": NaN,
        "Net Income": 12
    },
    "2012-12-31": {
        "Diluted EPS": 0.61,
        "Total Revenue": 50,
        "Gross Profit": 46,
        "Operating Income": 15,
        "EBIT": NaN,
        "Net Income": 11
    },
    "2012-09-30": {
        "Diluted EPS": 0.6,
        "Total Revenue": 49,
        "Gross Profit": 44,
        "Operating Income": 15,
        "EBIT": NaN,
        "Net Income": 10
    },
    "2012-06-30": {
        "Diluted EPS": 0.72,
        "Total Revenue": 50,
        "Gross Profit": 44,
        "Operating Income": 18,
        "EBIT": NaN,
        "Net Income": 12
    },
    "2012-03-31": {
        "Diluted EPS": 0.7,
        "Total Revenue": 50,
        "Gross Profit": 44,
        "Operating Income": 17,
        "EBIT": NaN,
        "Net Income": 12
    },
    "2011-12-31": {
        "Diluted EPS": 0.58,
        "Total Revenue": 51,
        "Gross Profit": 44,
        "Operating Income": 15,
        "EBIT": NaN,
        "Net Income": 10
    },
    "2011-09-30": {
        "Diluted EPS": 0.64,
        "Total Revenue": 51,
        "Gross Profit": 44,
        "Operating Income": 16,
        "EBIT": NaN,
        "Net Income": 11
    },
    "2011-06-30": {
        "Diluted EPS": 0.53,
        "Total Revenue": 50,
        "Gross Profit": 43,
        "Operating Income": 13,
        "EBIT": NaN,
        "Net Income": 9
    },
    "2011-03-31": {
        "Diluted EPS": 0.56,
        "Total Revenue": 51,
        "Gross Profit": 43,
        "Operating Income": 12,
        "EBIT": NaN,
        "Net Income": 9
    },
    "2010-12-31": {
        "Diluted EPS": 0.55,
        "Total Revenue": 50,
        "Gross Profit": 42,
        "Operating Income": 13,
        "EBIT": NaN,
        "Net Income": 9
    },
    "2010-09-30": {
        "Diluted EPS": 0.5,
        "Total Revenue": 49,
        "Gross Profit": 40,
        "Operating Income": 12,
        "EBIT": NaN,
        "Net Income": 8
    },
    "2010-06-30": {
        "Diluted EPS": 0.51,
        "Total Revenue": 48,
        "Gross Profit": 39,
        "Operating Income": 12,
        "EBIT": NaN,
        "Net Income": 9
    },
    "2010-03-31": {
        "Diluted EPS": 0.41,
        "Total Revenue": 48,
        "Gross Profit": 39,
        "Operating Income": 10,
        "EBIT": NaN,
        "Net Income": 7
    },
    "2009-12-31": {
        "Diluted EPS": 0.42,
        "Total Revenue": 49,
        "Gross Profit": 39,
        "Operating Income": 10,
        "EBIT": NaN,
        "Net Income": 7
    },
    "2009-09-30": {
        "Diluted EPS": 0.34,
        "Total Revenue": 48,
        "Gross Profit": 36,
        "Operating Income": 8,
        "EBIT": NaN,
        "Net Income": 6
    },
    "2009-06-30": {
        "Diluted EPS": 0.36,
        "Total Revenue": 49,
        "Gross Profit": 36,
        "Operating Income": 8,
        "EBIT": NaN,
        "Net Income": 6
    },
    "2009-03-31": {
        "Diluted EPS": 0.39,
        "Total Revenue": 48,
        "Gross Profit": 35,
        "Operating Income": 9,
        "EBIT": NaN,
        "Net Income": 7
    },
    "2023-09-30": {
        "Tax Effect Of Unusual Items": 0.0,
        "Tax Rate For Calcs": 0.204105,
        "Net Income From Continuing Operation Net Minority Interest": 20628000.0,
        "Reconciled Depreciation": 1473000.0,
        "Net Interest Income": 43140000.0,
        "Interest Expense": 26359000.0,
        "Interest Income": 69499000.0,
        "Normalized Income": 20628000.0,
        "Net Income From Continuing And Discontinued Operation": 20628000.0,
        "Diluted Average Shares": 17904000.0,
        "Basic Average Shares": 17893000.0,
        "Diluted EPS": 1.15,
        "Basic EPS": 1.15,
        "Diluted NI Availto Com Stockholders": 20628000.0,
        "Net Income Common Stockholders": 20628000.0,
        "Net Income": 20628000.0,
        "Net Income Including Noncontrolling Interests": 20628000.0,
        "Net Income Continuous Operations": 20628000.0,
        "Tax Provision": 5290000.0,
        "Pretax Income": 25918000.0,
        "Securities Amortization": 714000.0,
        "Gain On Sale Of Security": 355000.0,
        "Selling General And Administration": 19432000.0,
        "Selling And Marketing Expense": 767000.0,
        "General And Administrative Expense": 18665000.0,
        "Insurance And Claims": 612000.0,
        "Salaries And Wages": 18053000.0,
        "Total Revenue": 58636000.0,
        "Operating Revenue": 58636000.0
    },
    "2023-12-31": {
        "Tax Effect Of Unusual Items": 0.0,
        "Tax Rate For Calcs": 0.197704,
        "Net Income From Continuing Operation Net Minority Interest": 18659000.0,
        "Reconciled Depreciation": 1317000.0,
        "Net Interest Income": 42975000.0,
        "Interest Expense": 30354000.0,
        "Interest Income": 73329000.0,
        "Normalized Income": 18659000.0,
        "Net Income From Continuing And Discontinued Operation": 18659000.0,
        "Diluted Average Shares": 17926000.0,
        "Basic Average Shares": 17901000.0,
        "Diluted EPS": 1.04,
        "Basic EPS": 1.04,
        "Diluted NI Availto Com Stockholders": 18659000.0,
        "Net Income Common Stockholders": 18659000.0,
        "Net Income": 18659000.0,
        "Net Income Including Noncontrolling Interests": 18659000.0,
        "Net Income Continuous Operations": 18659000.0,
        "Tax Provision": 4598000.0,
        "Pretax Income": 23257000.0,
        "Securities Amortization": 729000.0,
        "Gain On Sale Of Security": 258000.0,
        "Selling General And Administration": 20023000.0,
        "Selling And Marketing Expense": 923000.0,
        "General And Administrative Expense": 19100000.0,
        "Insurance And Claims": 655000.0,
        "Salaries And Wages": 18445000.0,
        "Total Revenue": 56700000.0,
        "Operating Revenue": 56700000.0
    },
    "2024-03-31": {
        "Tax Effect Of Unusual Items": 0.0,
        "Tax Rate For Calcs": 0.216781,
        "Net Income From Continuing Operation Net Minority Interest": 18679000.0,
        "Reconciled Depreciation": 1100000.0,
        "Net Interest Income": 43591000.0,
        "Interest Expense": 31411000.0,
        "Interest Income": 75002000.0,
        "Normalized Income": 18679000.0,
        "Net Income From Continuing And Discontinued Operation": 18679000.0,
        "Diluted Average Shares": 17943000.0,
        "Basic Average Shares": 17926000.0,
        "Diluted EPS": 1.04,
        "Basic EPS": 1.04,
        "Diluted NI Availto Com Stockholders": 18679000.0,
        "Net Income Common Stockholders": 18679000.0,
        "Net Income": 18679000.0,
        "Net Income Including Noncontrolling Interests": 18679000.0,
        "Net Income Continuous Operations": 18679000.0,
        "Tax Provision": 5170000.0,
        "Pretax Income": 23849000.0,
        "Securities Amortization": NaN,
        "Gain On Sale Of Security": 371000.0,
        "Selling General And Administration": 21341000.0,
        "Selling And Marketing Expense": 577000.0,
        "General And Administrative Expense": 20764000.0,
        "Insurance And Claims": 642000.0,
        "Salaries And Wages": 20122000.0,
        "Total Revenue": 58725000.0,
        "Operating Revenue": 58725000.0
    }
}