{
    "2023-03-31": {
        "Tax Effect Of Unusual Items": 0.0,
        "Tax Rate For Calcs": 0.34,
        "Normalized EBITDA": 1544000.0,
        "Total Unusual Items": NaN,
        "Total Unusual Items Excluding Goodwill": NaN,
        "Net Income From Continuing Operation Net Minority Interest": 315000.0,
        "Reconciled Depreciation": 837000.0,
        "Reconciled Cost Of Revenue": 58067000.0,
        "EBITDA": 1544000.0,
        "EBIT": 707000.0,
        "Net Interest Income": -230000.0,
        "Interest Expense": 358000.0,
        "Interest Income": 128000.0,
        "Normalized Income": 315000.0,
        "Net Income From Continuing And Discontinued Operation": 315000.0,
        "Total Expenses": 77495000.0,
        "Total Operating Income As Reported": 707000.0,
        "Diluted Average Shares": 15347000.0,
        "Basic Average Shares": 14704000.0,
        "Diluted EPS": 0.02,
        "Basic EPS": 0.02,
        "Diluted NI Availto Com Stockholders": 315000.0,
        "Net Income Common Stockholders": 315000.0,
        "Net Income": 315000.0,
        "Net Income Including Noncontrolling Interests": 315000.0,
        "Net Income Continuous Operations": 315000.0,
        "Tax Provision": 162000.0,
        "Pretax Income": 477000.0,
        "Other Income Expense": -230000.0,
        "Other Non Operating Income Expenses": -230000.0,
        "Special Income Charges": NaN,
        "Net Non Operating Interest Income Expense": -230000.0,
        "Interest Expense Non Operating": 358000.0,
        "Interest Income Non Operating": 128000.0,
        "Operating Income": 707000.0,
        "Operating Expense": 19428000.0,
        "Selling General And Administration": 19428000.0,
        "Gross Profit": 20135000.0,
        "Cost Of Revenue": 58067000.0,
        "Total Revenue": 78202000.0,
        "Operating Revenue": 78202000.0
    },
    "2022-12-31": {
        "Tax Effect Of Unusual Items": 0.0,
        "Tax Rate For Calcs": 0.374936,
        "Normalized EBITDA": 2451000.0,
        "Total Unusual Items": 0.0,
        "Total Unusual Items Excluding Goodwill": 0.0,
        "Net Income From Continuing Operation Net Minority Interest": 1227000.0,
        "Reconciled Depreciation": 948000.0,
        "Reconciled Cost Of Revenue": 56399000.0,
        "EBITDA": 2451000.0,
        "EBIT": 2451000.0,
        "Net Interest Income": -488000.0,
        "Interest Expense": 524000.0,
        "Interest Income": 36000.0,
        "Normalized Income": 1227000.0,
        "Net Income From Continuing And Discontinued Operation": 1227000.0,
        "Total Expenses": 75451000.0,
        "Total Operating Income As Reported": 2451000.0,
        "Diluted Average Shares": 15366000.0,
        "Basic Average Shares": 14662000.0,
        "Diluted EPS": 0.08,
        "Basic EPS": 0.08,
        "Diluted NI Availto Com Stockholders": 1227000.0,
        "Net Income Common Stockholders": 1227000.0,
        "Net Income": 1227000.0,
        "Net Income Including Noncontrolling Interests": 1227000.0,
        "Net Income Continuous Operations": 1227000.0,
        "Tax Provision": 736000.0,
        "Pretax Income": 1963000.0,
        "Other Income Expense": -488000.0,
        "Other Non Operating Income Expenses": -488000.0,
        "Special Income Charges": 0.0,
        "Net Non Operating Interest Income Expense": -488000.0,
        "Interest Expense Non Operating": 524000.0,
        "Interest Income Non Operating": 36000.0,
        "Operating Income": 2451000.0,
        "Operating Expense": 19052000.0,
        "Selling General And Administration": 19052000.0,
        "Gross Profit": 21503000.0,
        "Cost Of Revenue": 56399000.0,
        "Total Revenue": 77902000.0,
        "Operating Revenue": 77902000.0
    },
    "2022-09-30": {
        "Tax Effect Of Unusual Items": 0.0,
        "Tax Rate For Calcs": 0.4,
        "Normalized EBITDA": 3037000.0,
        "Total Unusual Items": NaN,
        "Total Unusual Items Excluding Goodwill": NaN,
        "Net Income From Continuing Operation Net Minority Interest": 1102000.0,
        "Reconciled Depreciation": 651000.0,
        "Reconciled Cost Of Revenue": 56773000.0,
        "EBITDA": 3037000.0,
        "EBIT": 2386000.0,
        "Net Interest Income": -392000.0,
        "Interest Expense": 525000.0,
        "Interest Income": 133000.0,
        "Normalized Income": 1102000.0,
        "Net Income From Continuing And Discontinued Operation": 1102000.0,
        "Total Expenses": 72749000.0,
        "Total Operating Income As Reported": 2253000.0,
        "Diluted Average Shares": 15157000.0,
        "Basic Average Shares": 14480000.0,
        "Diluted EPS": 0.07,
        "Basic EPS": 0.08,
        "Diluted NI Availto Com Stockholders": 1102000.0,
        "Net Income Common Stockholders": 1102000.0,
        "Net Income": 1102000.0,
        "Net Income Including Noncontrolling Interests": 1102000.0,
        "Net Income Continuous Operations": 1102000.0,
        "Tax Provision": 759000.0,
        "Pretax Income": 1861000.0,
        "Other Income Expense": NaN,
        "Other Non Operating Income Expenses": NaN,
        "Special Income Charges": NaN,
        "Net Non Operating Interest Income Expense": -392000.0,
        "Interest Expense Non Operating": 525000.0,
        "Interest Income Non Operating": 133000.0,
        "Operating Income": 2253000.0,
        "Operating Expense": 15976000.0,
        "Selling General And Administration": 15976000.0,
        "Gross Profit": 18229000.0,
        "Cost Of Revenue": 56773000.0,
        "Total Revenue": 75002000.0,
        "Operating Revenue": 75002000.0
    },
    "2022-06-30": {
        "Tax Effect Of Unusual Items": 0.0,
        "Tax Rate For Calcs": 0.268293,
        "Normalized EBITDA": 3173000.0,
        "Total Unusual Items": 0.0,
        "Total Unusual Items Excluding Goodwill": 0.0,
        "Net Income From Continuing Operation Net Minority Interest": 2040000.0,
        "Reconciled Depreciation": 684000.0,
        "Reconciled Cost Of Revenue": 63009000.0,
        "EBITDA": 3173000.0,
        "EBIT": 3173000.0,
        "Net Interest Income": -385000.0,
        "Interest Expense": 484000.0,
        "Interest Income": 99000.0,
        "Normalized Income": 2040000.0,
        "Net Income From Continuing And Discontinued Operation": 2040000.0,
        "Total Expenses": 79586000.0,
        "Total Operating Income As Reported": 3173000.0,
        "Diluted Average Shares": 15122000.0,
        "Basic Average Shares": 14419000.0,
        "Diluted EPS": 0.13,
        "Basic EPS": 0.14,
        "Diluted NI Availto Com Stockholders": 2040000.0,
        "Net Income Common Stockholders": 2040000.0,
        "Net Income": 2040000.0,
        "Net Income Including Noncontrolling Interests": 2040000.0,
        "Net Income Continuous Operations": 2040000.0,
        "Tax Provision": 748000.0,
        "Pretax Income": 2788000.0,
        "Other Income Expense": -385000.0,
        "Other Non Operating Income Expenses": -385000.0,
        "Special Income Charges": 0.0,
        "Gain On Sale Of Ppe": 0.0,
        "Net Non Operating Interest Income Expense": -385000.0,
        "Interest Expense Non Operating": 484000.0,
        "Interest Income Non Operating": 99000.0,
        "Operating Income": 3173000.0,
        "Operating Expense": 16577000.0,
        "Selling General And Administration": 16577000.0,
        "Gross Profit": 19750000.0,
        "Cost Of Revenue": 63009000.0,
        "Total Revenue": 82759000.0,
        "Operating Revenue": 82759000.0
    },
    "2022-03-31": {
        "Diluted EPS": 0.15,
        "Total Revenue": 89,
        "Gross Profit": 21,
        "Operating Income": 3,
        "EBIT": 4,
        "Net Income": 2
    },
    "2021-12-31": {
        "Diluted EPS": 0.59,
        "Total Revenue": 112,
        "Gross Profit": 25,
        "Operating Income": 5,
        "EBIT": 6,
        "Net Income": 9
    },
    "2021-09-30": {
        "Diluted EPS": 0.11,
        "Total Revenue": 91,
        "Gross Profit": 20,
        "Operating Income": 3,
        "EBIT": 3,
        "Net Income": 2
    },
    "2021-06-30": {
        "Diluted EPS": 0.12,
        "Total Revenue": 92,
        "Gross Profit": 20,
        "Operating Income": 3,
        "EBIT": 4,
        "Net Income": 2
    },
    "2021-03-31": {
        "Diluted EPS": 0.1,
        "Total Revenue": 97,
        "Gross Profit": 21,
        "Operating Income": 2,
        "EBIT": 3,
        "Net Income": 2
    },
    "2020-12-31": {
        "Diluted EPS": 0.13,
        "Total Revenue": 101,
        "Gross Profit": 22,
        "Operating Income": 3,
        "EBIT": 4,
        "Net Income": 2
    },
    "2020-09-30": {
        "Diluted EPS": 0.2,
        "Total Revenue": 89,
        "Gross Profit": 20,
        "Operating Income": 2,
        "EBIT": 3,
        "Net Income": 3
    },
    "2020-06-30": {
        "Diluted EPS": 0.12,
        "Total Revenue": 89,
        "Gross Profit": 19,
        "Operating Income": 2,
        "EBIT": 3,
        "Net Income": 2
    },
    "2020-03-31": {
        "Diluted EPS": 0.08,
        "Total Revenue": 87,
        "Gross Profit": 17,
        "Operating Income": 2,
        "EBIT": 3,
        "Net Income": 1
    },
    "2019-12-31": {
        "Diluted EPS": 0.11,
        "Total Revenue": 99,
        "Gross Profit": 20,
        "Operating Income": 2,
        "EBIT": 3,
        "Net Income": 2
    },
    "2019-09-30": {
        "Diluted EPS": 0.06,
        "Total Revenue": 97,
        "Gross Profit": 19,
        "Operating Income": 2,
        "EBIT": 3,
        "Net Income": 1
    },
    "2019-06-30": {
        "Diluted EPS": 0.07,
        "Total Revenue": 100,
        "Gross Profit": 18,
        "Operating Income": 2,
        "EBIT": 3,
        "Net Income": 1
    },
    "2019-03-31": {
        "Diluted EPS": 0.05,
        "Total Revenue": 97,
        "Gross Profit": 18,
        "Operating Income": 1,
        "EBIT": 2,
        "Net Income": 1
    },
    "2018-12-31": {
        "Diluted EPS": -0.38,
        "Total Revenue": 93,
        "Gross Profit": 18,
        "Operating Income": -1,
        "EBIT": 0,
        "Net Income": -5
    },
    "2018-09-30": {
        "Diluted EPS": 0.08,
        "Total Revenue": 90,
        "Gross Profit": 17,
        "Operating Income": 1,
        "EBIT": 1,
        "Net Income": 1
    },
    "2018-06-30": {
        "Diluted EPS": 0.07,
        "Total Revenue": 93,
        "Gross Profit": 18,
        "Operating Income": 2,
        "EBIT": 2,
        "Net Income": 1
    },
    "2018-03-31": {
        "Diluted EPS": 0.03,
        "Total Revenue": 83,
        "Gross Profit": 16,
        "Operating Income": 1,
        "EBIT": 1,
        "Net Income": 0
    },
    "2017-12-31": {
        "Diluted EPS": -0.03,
        "Total Revenue": 75,
        "Gross Profit": 15,
        "Operating Income": 2,
        "EBIT": 2,
        "Net Income": 0
    },
    "2017-09-30": {
        "Diluted EPS": 0.0,
        "Total Revenue": 74,
        "Gross Profit": 13,
        "Operating Income": 0,
        "EBIT": 1,
        "Net Income": 0
    },
    "2017-06-30": {
        "Diluted EPS": 0.03,
        "Total Revenue": 76,
        "Gross Profit": 14,
        "Operating Income": 1,
        "EBIT": 1,
        "Net Income": 0
    },
    "2017-03-31": {
        "Diluted EPS": 0.05,
        "Total Revenue": 77,
        "Gross Profit": 14,
        "Operating Income": 1,
        "EBIT": 2,
        "Net Income": 1
    },
    "2016-12-31": {
        "Diluted EPS": 0.07,
        "Total Revenue": 77,
        "Gross Profit": 15,
        "Operating Income": 2,
        "EBIT": 3,
        "Net Income": 1
    },
    "2016-09-30": {
        "Diluted EPS": -1.03,
        "Total Revenue": 78,
        "Gross Profit": 14,
        "Operating Income": -16,
        "EBIT": -16,
        "Net Income": -16
    },
    "2016-06-30": {
        "Diluted EPS": 0.08,
        "Total Revenue": 83,
        "Gross Profit": 16,
        "Operating Income": 2,
        "EBIT": 2,
        "Net Income": 1
    },
    "2016-03-31": {
        "Diluted EPS": -1.34,
        "Total Revenue": 86,
        "Gross Profit": 15,
        "Operating Income": -20,
        "EBIT": -20,
        "Net Income": -21
    },
    "2015-12-31": {
        "Diluted EPS": 0.17,
        "Total Revenue": 84,
        "Gross Profit": 17,
        "Operating Income": 4,
        "EBIT": 4,
        "Net Income": 3
    },
    "2015-09-30": {
        "Diluted EPS": 0.13,
        "Total Revenue": 93,
        "Gross Profit": 17,
        "Operating Income": 4,
        "EBIT": 4,
        "Net Income": 2
    },
    "2015-06-30": {
        "Diluted EPS": 0.03,
        "Total Revenue": 95,
        "Gross Profit": 16,
        "Operating Income": 1,
        "EBIT": 2,
        "Net Income": 1
    },
    "2015-03-31": {
        "Diluted EPS": 0.08,
        "Total Revenue": 97,
        "Gross Profit": 17,
        "Operating Income": 2,
        "EBIT": 3,
        "Net Income": 1
    },
    "2014-12-31": {
        "Diluted EPS": 0.08,
        "Total Revenue": 98,
        "Gross Profit": 18,
        "Operating Income": 2,
        "EBIT": 2,
        "Net Income": 1
    },
    "2014-09-30": {
        "Diluted EPS": 0.17,
        "Total Revenue": 97,
        "Gross Profit": 19,
        "Operating Income": 5,
        "EBIT": 5,
        "Net Income": 3
    },
    "2014-06-30": {
        "Diluted EPS": 0.2,
        "Total Revenue": 100,
        "Gross Profit": 21,
        "Operating Income": 5,
        "EBIT": 6,
        "Net Income": 3
    },
    "2014-03-31": {
        "Diluted EPS": 0.19,
        "Total Revenue": 98,
        "Gross Profit": 21,
        "Operating Income": 5,
        "EBIT": 6,
        "Net Income": 3
    },
    "2013-12-31": {
        "Diluted EPS": 0.21,
        "Total Revenue": 103,
        "Gross Profit": 22,
        "Operating Income": 6,
        "EBIT": 7,
        "Net Income": 4
    },
    "2013-09-30": {
        "Diluted EPS": 0.23,
        "Total Revenue": 101,
        "Gross Profit": 21,
        "Operating Income": 6,
        "EBIT": 7,
        "Net Income": 4
    },
    "2013-06-30": {
        "Diluted EPS": 0.24,
        "Total Revenue": 107,
        "Gross Profit": 23,
        "Operating Income": 6,
        "EBIT": 7,
        "Net Income": 4
    },
    "2013-03-31": {
        "Diluted EPS": 0.24,
        "Total Revenue": 108,
        "Gross Profit": 23,
        "Operating Income": 6,
        "EBIT": 7,
        "Net Income": 4
    },
    "2012-12-31": {
        "Diluted EPS": 0.28,
        "Total Revenue": 108,
        "Gross Profit": 23,
        "Operating Income": 6,
        "EBIT": 7,
        "Net Income": 5
    },
    "2012-09-30": {
        "Diluted EPS": 0.23,
        "Total Revenue": 106,
        "Gross Profit": 23,
        "Operating Income": 6,
        "EBIT": 7,
        "Net Income": 4
    },
    "2012-06-30": {
        "Diluted EPS": 0.25,
        "Total Revenue": 107,
        "Gross Profit": 23,
        "Operating Income": 6,
        "EBIT": 7,
        "Net Income": 4
    },
    "2012-03-31": {
        "Diluted EPS": 0.2,
        "Total Revenue": 103,
        "Gross Profit": 22,
        "Operating Income": 6,
        "EBIT": 6,
        "Net Income": 3
    },
    "2011-12-31": {
        "Diluted EPS": 0.19,
        "Total Revenue": 101,
        "Gross Profit": 23,
        "Operating Income": 5,
        "EBIT": 6,
        "Net Income": 3
    },
    "2011-09-30": {
        "Diluted EPS": 0.18,
        "Total Revenue": 101,
        "Gross Profit": 21,
        "Operating Income": 5,
        "EBIT": 5,
        "Net Income": 3
    },
    "2011-06-30": {
        "Diluted EPS": 0.17,
        "Total Revenue": 98,
        "Gross Profit": 21,
        "Operating Income": 5,
        "EBIT": 5,
        "Net Income": 3
    },
    "2011-03-31": {
        "Diluted EPS": 0.17,
        "Total Revenue": 96,
        "Gross Profit": 20,
        "Operating Income": 5,
        "EBIT": 5,
        "Net Income": 3
    },
    "2010-12-31": {
        "Diluted EPS": 0.16,
        "Total Revenue": 87,
        "Gross Profit": 19,
        "Operating Income": 4,
        "EBIT": 5,
        "Net Income": 3
    },
    "2010-09-30": {
        "Diluted EPS": 0.13,
        "Total Revenue": 84,
        "Gross Profit": 17,
        "Operating Income": 3,
        "EBIT": 4,
        "Net Income": 2
    },
    "2010-06-30": {
        "Diluted EPS": 0.12,
        "Total Revenue": 81,
        "Gross Profit": 18,
        "Operating Income": 3,
        "EBIT": 4,
        "Net Income": 2
    },
    "2010-03-31": {
        "Diluted EPS": 0.11,
        "Total Revenue": 78,
        "Gross Profit": 17,
        "Operating Income": 3,
        "EBIT": 3,
        "Net Income": 2
    },
    "2009-12-31": {
        "Diluted EPS": 0.1,
        "Total Revenue": 68,
        "Gross Profit": 15,
        "Operating Income": 3,
        "EBIT": 3,
        "Net Income": 2
    },
    "2009-09-30": {
        "Diluted EPS": 0.1,
        "Total Revenue": 67,
        "Gross Profit": 15,
        "Operating Income": 2,
        "EBIT": 3,
        "Net Income": 2
    },
    "2009-06-30": {
        "Diluted EPS": 0.09,
        "Total Revenue": 67,
        "Gross Profit": 15,
        "Operating Income": 2,
        "EBIT": 3,
        "Net Income": 1
    },
    "2009-03-31": {
        "Diluted EPS": 0.09,
        "Total Revenue": 75,
        "Gross Profit": 17,
        "Operating Income": 2,
        "EBIT": 3,
        "Net Income": 1
    },
    "2023-06-30": {
        "Tax Effect Of Unusual Items": 0.0,
        "Tax Rate For Calcs": 0.4,
        "Normalized EBITDA": 1203000.0,
        "Total Unusual Items": NaN,
        "Total Unusual Items Excluding Goodwill": NaN,
        "Net Income From Continuing Operation Net Minority Interest": -130000.0,
        "Reconciled Depreciation": 918000.0,
        "Reconciled Cost Of Revenue": 53593000.0,
        "EBITDA": 1203000.0,
        "EBIT": 285000.0,
        "Net Interest Income": -364000.0,
        "Interest Expense": 436000.0,
        "Interest Income": 72000.0,
        "Normalized Income": -130000.0,
        "Net Income From Continuing And Discontinued Operation": -130000.0,
        "Total Expenses": 74303000.0,
        "Total Operating Income As Reported": 285000.0,
        "Diluted Average Shares": 14832000.0,
        "Basic Average Shares": 14832000.0,
        "Diluted EPS": -0.01,
        "Basic EPS": -0.01,
        "Diluted NI Availto Com Stockholders": -130000.0,
        "Net Income Common Stockholders": -130000.0,
        "Net Income": -130000.0,
        "Net Income Including Noncontrolling Interests": -130000.0,
        "Net Income Continuous Operations": -130000.0,
        "Tax Provision": 51000.0,
        "Pretax Income": -79000.0,
        "Other Income Expense": -364000.0,
        "Other Non Operating Income Expenses": -364000.0,
        "Special Income Charges": NaN,
        "Net Non Operating Interest Income Expense": -364000.0,
        "Interest Expense Non Operating": 436000.0,
        "Interest Income Non Operating": 72000.0,
        "Operating Income": 285000.0,
        "Operating Expense": 20710000.0,
        "Selling General And Administration": 20710000.0,
        "Gross Profit": 20995000.0,
        "Cost Of Revenue": 53593000.0,
        "Total Revenue": 74588000.0,
        "Operating Revenue": 74588000.0
    }
}