{
    "2023-03-31": {
        "Tax Effect Of Unusual Items": NaN,
        "Tax Rate For Calcs": NaN,
        "Normalized EBITDA": NaN,
        "Net Income From Continuing Operation Net Minority Interest": NaN,
        "Reconciled Depreciation": NaN,
        "Reconciled Cost Of Revenue": NaN,
        "EBITDA": NaN,
        "EBIT": NaN,
        "Net Interest Income": NaN,
        "Interest Expense": NaN,
        "Interest Income": NaN,
        "Normalized Income": NaN,
        "Net Income From Continuing And Discontinued Operation": NaN,
        "Total Expenses": NaN,
        "Total Operating Income As Reported": NaN,
        "Diluted Average Shares": 135489194.0,
        "Basic Average Shares": 135489194.0,
        "Diluted EPS": -0.05,
        "Basic EPS": -0.05,
        "Diluted NI Availto Com Stockholders": NaN,
        "Net Income Common Stockholders": NaN,
        "Net Income": NaN,
        "Minority Interests": 0.0,
        "Net Income Including Noncontrolling Interests": NaN,
        "Net Income Continuous Operations": NaN,
        "Tax Provision": NaN,
        "Pretax Income": NaN,
        "Other Income Expense": NaN,
        "Other Non Operating Income Expenses": NaN,
        "Net Non Operating Interest Income Expense": NaN,
        "Interest Expense Non Operating": NaN,
        "Interest Income Non Operating": NaN,
        "Operating Income": NaN,
        "Operating Expense": NaN,
        "Research And Development": NaN,
        "Selling General And Administration": NaN,
        "Selling And Marketing Expense": NaN,
        "General And Administrative Expense": NaN,
        "Other Gand A": NaN,
        "Gross Profit": NaN,
        "Cost Of Revenue": NaN,
        "Total Revenue": NaN,
        "Operating Revenue": NaN
    },
    "2022-12-31": {
        "Tax Effect Of Unusual Items": NaN,
        "Tax Rate For Calcs": NaN,
        "Normalized EBITDA": NaN,
        "Net Income From Continuing Operation Net Minority Interest": NaN,
        "Reconciled Depreciation": NaN,
        "Reconciled Cost Of Revenue": NaN,
        "EBITDA": NaN,
        "EBIT": NaN,
        "Net Interest Income": NaN,
        "Interest Expense": NaN,
        "Interest Income": NaN,
        "Normalized Income": NaN,
        "Net Income From Continuing And Discontinued Operation": NaN,
        "Total Expenses": NaN,
        "Total Operating Income As Reported": NaN,
        "Diluted Average Shares": NaN,
        "Basic Average Shares": NaN,
        "Diluted EPS": NaN,
        "Basic EPS": NaN,
        "Diluted NI Availto Com Stockholders": NaN,
        "Net Income Common Stockholders": NaN,
        "Otherunder Preferred Stock Dividend": 0.0,
        "Net Income": NaN,
        "Minority Interests": -189000.0,
        "Net Income Including Noncontrolling Interests": NaN,
        "Net Income Continuous Operations": NaN,
        "Tax Provision": NaN,
        "Pretax Income": NaN,
        "Other Income Expense": NaN,
        "Other Non Operating Income Expenses": NaN,
        "Net Non Operating Interest Income Expense": NaN,
        "Interest Expense Non Operating": NaN,
        "Interest Income Non Operating": NaN,
        "Operating Income": NaN,
        "Operating Expense": NaN,
        "Research And Development": NaN,
        "Selling General And Administration": NaN,
        "Selling And Marketing Expense": NaN,
        "General And Administrative Expense": NaN,
        "Other Gand A": NaN,
        "Gross Profit": NaN,
        "Cost Of Revenue": NaN,
        "Total Revenue": NaN,
        "Operating Revenue": NaN
    },
    "2022-09-30": {
        "Tax Effect Of Unusual Items": NaN,
        "Tax Rate For Calcs": NaN,
        "Normalized EBITDA": NaN,
        "Net Income From Continuing Operation Net Minority Interest": NaN,
        "Reconciled Depreciation": NaN,
        "Reconciled Cost Of Revenue": NaN,
        "EBITDA": NaN,
        "EBIT": NaN,
        "Net Interest Income": NaN,
        "Interest Expense": NaN,
        "Interest Income": NaN,
        "Normalized Income": NaN,
        "Net Income From Continuing And Discontinued Operation": NaN,
        "Total Expenses": NaN,
        "Total Operating Income As Reported": NaN,
        "Diluted Average Shares": 138709335.0,
        "Basic Average Shares": 134711701.0,
        "Diluted EPS": 0.01,
        "Basic EPS": 0.01,
        "Diluted NI Availto Com Stockholders": NaN,
        "Net Income Common Stockholders": NaN,
        "Otherunder Preferred Stock Dividend": 0.0,
        "Net Income": NaN,
        "Minority Interests": NaN,
        "Net Income Including Noncontrolling Interests": NaN,
        "Net Income Continuous Operations": NaN,
        "Tax Provision": NaN,
        "Pretax Income": NaN,
        "Other Income Expense": NaN,
        "Other Non Operating Income Expenses": NaN,
        "Net Non Operating Interest Income Expense": NaN,
        "Interest Expense Non Operating": NaN,
        "Interest Income Non Operating": NaN,
        "Operating Income": NaN,
        "Operating Expense": NaN,
        "Research And Development": NaN,
        "Selling General And Administration": NaN,
        "Selling And Marketing Expense": NaN,
        "General And Administrative Expense": NaN,
        "Other Gand A": NaN,
        "Gross Profit": NaN,
        "Cost Of Revenue": NaN,
        "Total Revenue": NaN,
        "Operating Revenue": NaN
    },
    "2022-06-30": {
        "Tax Effect Of Unusual Items": 0.0,
        "Tax Rate For Calcs": 0.4,
        "Normalized EBITDA": 800000.0,
        "Net Income From Continuing Operation Net Minority Interest": -598000.0,
        "Reconciled Depreciation": 1554000.0,
        "Reconciled Cost Of Revenue": 15598000.0,
        "EBITDA": 800000.0,
        "EBIT": -754000.0,
        "Net Interest Income": -256000.0,
        "Interest Expense": 647000.0,
        "Interest Income": 391000.0,
        "Normalized Income": -598000.0,
        "Net Income From Continuing And Discontinued Operation": -598000.0,
        "Total Expenses": 41050000.0,
        "Total Operating Income As Reported": -891000.0,
        "Diluted Average Shares": 134403059.0,
        "Basic Average Shares": 134403059.0,
        "Diluted EPS": -0.004449,
        "Basic EPS": -0.004449,
        "Diluted NI Availto Com Stockholders": -598000.0,
        "Net Income Common Stockholders": -598000.0,
        "Otherunder Preferred Stock Dividend": 0.0,
        "Net Income": -598000.0,
        "Minority Interests": 104000.0,
        "Net Income Including Noncontrolling Interests": -702000.0,
        "Net Income Continuous Operations": -702000.0,
        "Tax Provision": -699000.0,
        "Pretax Income": -1401000.0,
        "Other Income Expense": -254000.0,
        "Other Non Operating Income Expenses": -254000.0,
        "Net Non Operating Interest Income Expense": -256000.0,
        "Interest Expense Non Operating": 647000.0,
        "Interest Income Non Operating": 391000.0,
        "Operating Income": -891000.0,
        "Operating Expense": 25452000.0,
        "Research And Development": 8436000.0,
        "Selling General And Administration": 17016000.0,
        "Selling And Marketing Expense": 8431000.0,
        "General And Administrative Expense": 8585000.0,
        "Other Gand A": 8585000.0,
        "Gross Profit": 24561000.0,
        "Cost Of Revenue": 15598000.0,
        "Total Revenue": 40159000.0,
        "Operating Revenue": 40159000.0
    },
    "2022-03-31": {
        "Diluted EPS": -0.02,
        "Total Revenue": 35,
        "Gross Profit": 20,
        "Operating Income": -2,
        "EBIT": -1,
        "Net Income": -2
    },
    "2021-12-31": {
        "Diluted EPS": 0.0,
        "Total Revenue": 39,
        "Gross Profit": 24,
        "Operating Income": 1,
        "EBIT": 2,
        "Net Income": NaN
    },
    "2021-09-30": {
        "Diluted EPS": 0.0,
        "Total Revenue": 34,
        "Gross Profit": 21,
        "Operating Income": 3,
        "EBIT": 3,
        "Net Income": 0
    },
    "2021-06-30": {
        "Diluted EPS": 0.0,
        "Total Revenue": 30,
        "Gross Profit": 20,
        "Operating Income": 4,
        "EBIT": 4,
        "Net Income": 0
    },
    "2021-03-31": {
        "Diluted EPS": 0.0,
        "Total Revenue": 24,
        "Gross Profit": 14,
        "Operating Income": 1,
        "EBIT": 1,
        "Net Income": NaN
    },
    "2020-12-31": {
        "Diluted EPS": 0.0,
        "Total Revenue": NaN,
        "Gross Profit": NaN,
        "Operating Income": NaN,
        "EBIT": NaN,
        "Net Income": NaN
    },
    "2020-09-30": {
        "Diluted EPS": 0.05,
        "Total Revenue": 25,
        "Gross Profit": 16,
        "Operating Income": 7,
        "EBIT": 7,
        "Net Income": 1
    },
    "2020-06-30": {
        "Diluted EPS": 0.06,
        "Total Revenue": 19,
        "Gross Profit": 8,
        "Operating Income": 0,
        "EBIT": 0,
        "Net Income": 2
    },
    "2023-06-30": {
        "Tax Effect Of Unusual Items": 0.0,
        "Tax Rate For Calcs": 0.334647,
        "Normalized EBITDA": -3741000.0,
        "Net Income From Continuing Operation Net Minority Interest": -4388000.0,
        "Reconciled Depreciation": 2445000.0,
        "Reconciled Cost Of Revenue": 21531000.0,
        "EBITDA": -3741000.0,
        "EBIT": -6186000.0,
        "Net Interest Income": 792000.0,
        "Interest Expense": 409000.0,
        "Interest Income": 1201000.0,
        "Normalized Income": -4388000.0,
        "Net Income From Continuing And Discontinued Operation": -4388000.0,
        "Total Expenses": 58820000.0,
        "Total Operating Income As Reported": -9127000.0,
        "Diluted Average Shares": 135918707.0,
        "Basic Average Shares": 135918707.0,
        "Diluted EPS": -0.03,
        "Basic EPS": -0.03,
        "Diluted NI Availto Com Stockholders": -4388000.0,
        "Net Income Common Stockholders": -4388000.0,
        "Net Income": -4388000.0,
        "Minority Interests": 0.0,
        "Net Income Including Noncontrolling Interests": -4388000.0,
        "Net Income Continuous Operations": -4388000.0,
        "Tax Provision": -2207000.0,
        "Pretax Income": -6595000.0,
        "Other Income Expense": 1740000.0,
        "Other Non Operating Income Expenses": 1740000.0,
        "Net Non Operating Interest Income Expense": 792000.0,
        "Interest Expense Non Operating": 409000.0,
        "Interest Income Non Operating": 1201000.0,
        "Operating Income": -9127000.0,
        "Operating Expense": 37289000.0,
        "Research And Development": 12136000.0,
        "Selling General And Administration": 25153000.0,
        "Selling And Marketing Expense": 14367000.0,
        "General And Administrative Expense": 10786000.0,
        "Other Gand A": 10786000.0,
        "Gross Profit": 28162000.0,
        "Cost Of Revenue": 21531000.0,
        "Total Revenue": 49693000.0,
        "Operating Revenue": 49693000.0
    },
    "2023-09-30": {
        "Tax Effect Of Unusual Items": 0.0,
        "Tax Rate For Calcs": 0.21,
        "Normalized EBITDA": -1031000.0,
        "Net Income From Continuing Operation Net Minority Interest": -6456000.0,
        "Reconciled Depreciation": 2559000.0,
        "Reconciled Cost Of Revenue": 20822000.0,
        "EBITDA": -1031000.0,
        "EBIT": -3590000.0,
        "Net Interest Income": 1027000.0,
        "Interest Expense": 595000.0,
        "Interest Income": 1622000.0,
        "Normalized Income": -6456000.0,
        "Net Income From Continuing And Discontinued Operation": -6456000.0,
        "Total Expenses": 54420000.0,
        "Total Operating Income As Reported": -6420000.0,
        "Diluted Average Shares": 136173278.0,
        "Basic Average Shares": 136173278.0,
        "Diluted EPS": -0.05,
        "Basic EPS": -0.05,
        "Diluted NI Availto Com Stockholders": -6456000.0,
        "Net Income Common Stockholders": -6456000.0,
        "Net Income": -6456000.0,
        "Minority Interests": 0.0,
        "Net Income Including Noncontrolling Interests": -6456000.0,
        "Net Income Continuous Operations": -6456000.0,
        "Tax Provision": 2271000.0,
        "Pretax Income": -4185000.0,
        "Other Income Expense": 1208000.0,
        "Other Non Operating Income Expenses": 1208000.0,
        "Net Non Operating Interest Income Expense": 1027000.0,
        "Interest Expense Non Operating": 595000.0,
        "Interest Income Non Operating": 1622000.0,
        "Operating Income": -6420000.0,
        "Operating Expense": 33598000.0,
        "Research And Development": 11171000.0,
        "Selling General And Administration": 22427000.0,
        "Selling And Marketing Expense": 12076000.0,
        "General And Administrative Expense": 10351000.0,
        "Other Gand A": 10351000.0,
        "Gross Profit": 27178000.0,
        "Cost Of Revenue": 20822000.0,
        "Total Revenue": 48000000.0,
        "Operating Revenue": 48000000.0
    },
    "2023-12-31": {
        "Tax Effect Of Unusual Items": 0.0,
        "Tax Rate For Calcs": 0.21,
        "Normalized EBITDA": 6930000.0,
        "Net Income From Continuing Operation Net Minority Interest": 5503000.0,
        "Reconciled Depreciation": 2425000.0,
        "Reconciled Cost Of Revenue": 25185000.0,
        "EBITDA": 6930000.0,
        "EBIT": 4505000.0,
        "Net Interest Income": 1054000.0,
        "Interest Expense": 394000.0,
        "Interest Income": 1448000.0,
        "Normalized Income": 5503000.0,
        "Net Income From Continuing And Discontinued Operation": 5503000.0,
        "Total Expenses": 58370000.0,
        "Total Operating Income As Reported": -137000.0,
        "Diluted Average Shares": NaN,
        "Basic Average Shares": NaN,
        "Diluted EPS": NaN,
        "Basic EPS": NaN,
        "Diluted NI Availto Com Stockholders": 5503000.0,
        "Net Income Common Stockholders": 5503000.0,
        "Net Income": 5503000.0,
        "Minority Interests": 0.0,
        "Net Income Including Noncontrolling Interests": 5503000.0,
        "Net Income Continuous Operations": 5503000.0,
        "Tax Provision": -1392000.0,
        "Pretax Income": 4111000.0,
        "Other Income Expense": 3194000.0,
        "Other Non Operating Income Expenses": 3194000.0,
        "Net Non Operating Interest Income Expense": 1054000.0,
        "Interest Expense Non Operating": 394000.0,
        "Interest Income Non Operating": 1448000.0,
        "Operating Income": -137000.0,
        "Operating Expense": 33185000.0,
        "Research And Development": 10869000.0,
        "Selling General And Administration": 22316000.0,
        "Selling And Marketing Expense": 11561000.0,
        "General And Administrative Expense": 10755000.0,
        "Other Gand A": 10755000.0,
        "Gross Profit": 33048000.0,
        "Cost Of Revenue": 25185000.0,
        "Total Revenue": 58233000.0,
        "Operating Revenue": 58233000.0
    },
    "2024-03-31": {
        "Tax Effect Of Unusual Items": 0.0,
        "Tax Rate For Calcs": 0.314,
        "Normalized EBITDA": -6092000.0,
        "Net Income From Continuing Operation Net Minority Interest": -6169000.0,
        "Reconciled Depreciation": 2460000.0,
        "Reconciled Cost Of Revenue": 21847000.0,
        "EBITDA": -6092000.0,
        "EBIT": -8552000.0,
        "Net Interest Income": 918000.0,
        "Interest Expense": 441000.0,
        "Interest Income": 1359000.0,
        "Normalized Income": -6169000.0,
        "Net Income From Continuing And Discontinued Operation": -6169000.0,
        "Total Expenses": 55594000.0,
        "Total Operating Income As Reported": -10734000.0,
        "Diluted Average Shares": 130920971.0,
        "Basic Average Shares": 130920971.0,
        "Diluted EPS": -0.05,
        "Basic EPS": -0.05,
        "Diluted NI Availto Com Stockholders": -6169000.0,
        "Net Income Common Stockholders": -6169000.0,
        "Net Income": -6169000.0,
        "Minority Interests": NaN,
        "Net Income Including Noncontrolling Interests": -6169000.0,
        "Net Income Continuous Operations": -6169000.0,
        "Tax Provision": -2824000.0,
        "Pretax Income": -8993000.0,
        "Other Income Expense": 823000.0,
        "Other Non Operating Income Expenses": 823000.0,
        "Net Non Operating Interest Income Expense": 918000.0,
        "Interest Expense Non Operating": 441000.0,
        "Interest Income Non Operating": 1359000.0,
        "Operating Income": -10734000.0,
        "Operating Expense": 33747000.0,
        "Research And Development": 9796000.0,
        "Selling General And Administration": 23951000.0,
        "Selling And Marketing Expense": 12543000.0,
        "General And Administrative Expense": 11408000.0,
        "Other Gand A": 11408000.0,
        "Gross Profit": 23013000.0,
        "Cost Of Revenue": 21847000.0,
        "Total Revenue": 44860000.0,
        "Operating Revenue": 44860000.0
    },
    "2024-06-30": {
        "Tax Effect Of Unusual Items": 0.0,
        "Tax Rate For Calcs": 0.21,
        "Normalized EBITDA": -4572000.0,
        "Net Income From Continuing Operation Net Minority Interest": -10434000.0,
        "Reconciled Depreciation": 2480000.0,
        "Reconciled Cost Of Revenue": 21181000.0,
        "EBITDA": -4572000.0,
        "EBIT": -7052000.0,
        "Net Interest Income": 1282000.0,
        "Interest Expense": 134000.0,
        "Interest Income": 1416000.0,
        "Normalized Income": -10434000.0,
        "Net Income From Continuing And Discontinued Operation": -10434000.0,
        "Total Expenses": 55144000.0,
        "Total Operating Income As Reported": -8527000.0,
        "Diluted Average Shares": 131440486.0,
        "Basic Average Shares": 131440486.0,
        "Diluted EPS": -0.08,
        "Basic EPS": -0.08,
        "Diluted NI Availto Com Stockholders": -10434000.0,
        "Net Income Common Stockholders": -10434000.0,
        "Net Income": -10434000.0,
        "Minority Interests": NaN,
        "Net Income Including Noncontrolling Interests": -10434000.0,
        "Net Income Continuous Operations": -10434000.0,
        "Tax Provision": 3248000.0,
        "Pretax Income": -7186000.0,
        "Other Income Expense": 59000.0,
        "Other Non Operating Income Expenses": 59000.0,
        "Net Non Operating Interest Income Expense": 1282000.0,
        "Interest Expense Non Operating": 134000.0,
        "Interest Income Non Operating": 1416000.0,
        "Operating Income": -8527000.0,
        "Operating Expense": 33963000.0,
        "Research And Development": 10001000.0,
        "Selling General And Administration": 23962000.0,
        "Selling And Marketing Expense": 12268000.0,
        "General And Administrative Expense": 11694000.0,
        "Other Gand A": 11694000.0,
        "Gross Profit": 25436000.0,
        "Cost Of Revenue": 21181000.0,
        "Total Revenue": 46617000.0,
        "Operating Revenue": 46617000.0
    }
}