{
    "2023-03-31": {
        "Tax Effect Of Unusual Items": -40957446.808511,
        "Tax Rate For Calcs": 0.195035,
        "Normalized EBITDA": -21000000.0,
        "Total Unusual Items": -210000000.0,
        "Total Unusual Items Excluding Goodwill": -210000000.0,
        "Net Income From Continuing Operation Net Minority Interest": -227000000.0,
        "Reconciled Depreciation": 106000000.0,
        "Reconciled Cost Of Revenue": 857000000.0,
        "EBITDA": -231000000.0,
        "EBIT": -231000000.0,
        "Net Interest Income": -51000000.0,
        "Interest Expense": 51000000.0,
        "Normalized Income": -57957446.808511,
        "Net Income From Continuing And Discontinued Operation": -227000000.0,
        "Total Expenses": 1062000000.0,
        "Total Operating Income As Reported": -235000000.0,
        "Diluted Average Shares": 181000000.0,
        "Basic Average Shares": 181000000.0,
        "Diluted EPS": -1.26,
        "Basic EPS": -1.26,
        "Diluted NI Availto Com Stockholders": -227000000.0,
        "Net Income Common Stockholders": -227000000.0,
        "Otherunder Preferred Stock Dividend": 0.0,
        "Net Income": -227000000.0,
        "Net Income Including Noncontrolling Interests": -227000000.0,
        "Net Income Continuous Operations": -227000000.0,
        "Tax Provision": -55000000.0,
        "Pretax Income": -282000000.0,
        "Other Income Expense": -206000000.0,
        "Other Non Operating Income Expenses": 4000000.0,
        "Special Income Charges": -210000000.0,
        "Gain On Sale Of Business": 0.0,
        "Impairment Of Capital Assets": 210000000.0,
        "Gain On Sale Of Security": 4000000.0,
        "Net Non Operating Interest Income Expense": -51000000.0,
        "Interest Expense Non Operating": 51000000.0,
        "Operating Income": -25000000.0,
        "Operating Expense": 205000000.0,
        "Other Operating Expenses": 15000000.0,
        "Selling General And Administration": 190000000.0,
        "Gross Profit": 180000000.0,
        "Cost Of Revenue": 857000000.0,
        "Total Revenue": 1037000000.0,
        "Operating Revenue": 1037000000.0
    },
    "2022-12-31": {
        "Tax Effect Of Unusual Items": 7236842.105263,
        "Tax Rate For Calcs": 0.289474,
        "Normalized EBITDA": 239000000.0,
        "Total Unusual Items": 25000000.0,
        "Total Unusual Items Excluding Goodwill": 25000000.0,
        "Net Income From Continuing Operation Net Minority Interest": 81000000.0,
        "Reconciled Depreciation": 103000000.0,
        "Reconciled Cost Of Revenue": 762000000.0,
        "EBITDA": 264000000.0,
        "EBIT": 161000000.0,
        "Net Interest Income": -47000000.0,
        "Interest Expense": 47000000.0,
        "Normalized Income": 63236842.105263,
        "Net Income From Continuing And Discontinued Operation": 81000000.0,
        "Total Expenses": 1011000000.0,
        "Total Operating Income As Reported": 138000000.0,
        "Diluted Average Shares": 184090909.0,
        "Basic Average Shares": 180000000.0,
        "Diluted EPS": 0.44,
        "Basic EPS": 0.45,
        "Diluted NI Availto Com Stockholders": 81000000.0,
        "Net Income Common Stockholders": 81000000.0,
        "Otherunder Preferred Stock Dividend": 0.0,
        "Net Income": 81000000.0,
        "Net Income Including Noncontrolling Interests": 81000000.0,
        "Net Income Continuous Operations": 81000000.0,
        "Tax Provision": 33000000.0,
        "Pretax Income": 114000000.0,
        "Other Income Expense": 23000000.0,
        "Other Non Operating Income Expenses": -2000000.0,
        "Special Income Charges": 0.0,
        "Gain On Sale Of Business": 0.0,
        "Impairment Of Capital Assets": NaN,
        "Gain On Sale Of Security": 25000000.0,
        "Net Non Operating Interest Income Expense": -47000000.0,
        "Interest Expense Non Operating": 47000000.0,
        "Operating Income": 138000000.0,
        "Operating Expense": 249000000.0,
        "Other Operating Expenses": 23000000.0,
        "Selling General And Administration": 226000000.0,
        "Gross Profit": 387000000.0,
        "Cost Of Revenue": 762000000.0,
        "Total Revenue": 1149000000.0,
        "Operating Revenue": 1149000000.0
    },
    "2022-09-30": {
        "Tax Effect Of Unusual Items": -9600000.0,
        "Tax Rate For Calcs": 0.4,
        "Normalized EBITDA": 158000000.0,
        "Total Unusual Items": -24000000.0,
        "Total Unusual Items Excluding Goodwill": -24000000.0,
        "Net Income From Continuing Operation Net Minority Interest": 0.0,
        "Reconciled Depreciation": 99000000.0,
        "Reconciled Cost Of Revenue": 764000000.0,
        "EBITDA": 134000000.0,
        "EBIT": 35000000.0,
        "Net Interest Income": -32000000.0,
        "Interest Expense": 32000000.0,
        "Normalized Income": 14400000.0,
        "Net Income From Continuing And Discontinued Operation": 0.0,
        "Total Expenses": 962000000.0,
        "Total Operating Income As Reported": 60000000.0,
        "Diluted Average Shares": 181000000.0,
        "Basic Average Shares": 180000000.0,
        "Diluted EPS": 0.0,
        "Basic EPS": 0.0,
        "Diluted NI Availto Com Stockholders": 0.0,
        "Net Income Common Stockholders": 0.0,
        "Otherunder Preferred Stock Dividend": 0.0,
        "Net Income": 0.0,
        "Net Income Including Noncontrolling Interests": 0.0,
        "Net Income Continuous Operations": 0.0,
        "Tax Provision": 3000000.0,
        "Pretax Income": 3000000.0,
        "Other Income Expense": -25000000.0,
        "Other Non Operating Income Expenses": -1000000.0,
        "Special Income Charges": 0.0,
        "Gain On Sale Of Business": 0.0,
        "Impairment Of Capital Assets": NaN,
        "Gain On Sale Of Security": -24000000.0,
        "Net Non Operating Interest Income Expense": -32000000.0,
        "Interest Expense Non Operating": 32000000.0,
        "Operating Income": 60000000.0,
        "Operating Expense": 198000000.0,
        "Other Operating Expenses": 2000000.0,
        "Selling General And Administration": 196000000.0,
        "Gross Profit": 258000000.0,
        "Cost Of Revenue": 764000000.0,
        "Total Revenue": 1022000000.0,
        "Operating Revenue": 1022000000.0
    },
    "2022-06-30": {
        "Tax Effect Of Unusual Items": 0.0,
        "Tax Rate For Calcs": 0.109005,
        "Normalized EBITDA": 243000000.0,
        "Total Unusual Items": 0.0,
        "Total Unusual Items Excluding Goodwill": 0.0,
        "Net Income From Continuing Operation Net Minority Interest": 188000000.0,
        "Reconciled Depreciation": 100000000.0,
        "Reconciled Cost Of Revenue": 825000000.0,
        "EBITDA": 243000000.0,
        "EBIT": 243000000.0,
        "Net Interest Income": -32000000.0,
        "Interest Expense": 32000000.0,
        "Normalized Income": 188000000.0,
        "Net Income From Continuing And Discontinued Operation": 188000000.0,
        "Total Expenses": 1067000000.0,
        "Total Operating Income As Reported": 246000000.0,
        "Diluted Average Shares": 181000000.0,
        "Basic Average Shares": 176000000.0,
        "Diluted EPS": 1.04,
        "Basic EPS": 1.04,
        "Diluted NI Availto Com Stockholders": 188000000.0,
        "Net Income Common Stockholders": 188000000.0,
        "Otherunder Preferred Stock Dividend": 0.0,
        "Net Income": 188000000.0,
        "Net Income Including Noncontrolling Interests": 188000000.0,
        "Net Income Continuous Operations": 188000000.0,
        "Tax Provision": 23000000.0,
        "Pretax Income": 211000000.0,
        "Other Income Expense": -3000000.0,
        "Other Non Operating Income Expenses": -3000000.0,
        "Special Income Charges": 0.0,
        "Gain On Sale Of Business": 0.0,
        "Impairment Of Capital Assets": NaN,
        "Gain On Sale Of Security": -5000000.0,
        "Net Non Operating Interest Income Expense": -32000000.0,
        "Total Other Finance Cost": 0.0,
        "Interest Expense Non Operating": 32000000.0,
        "Operating Income": 246000000.0,
        "Operating Expense": 242000000.0,
        "Other Operating Expenses": 16000000.0,
        "Selling General And Administration": 226000000.0,
        "Gross Profit": 488000000.0,
        "Cost Of Revenue": 825000000.0,
        "Total Revenue": 1313000000.0,
        "Operating Revenue": 1313000000.0
    },
    "2022-03-31": {
        "Diluted EPS": 0.78,
        "Total Revenue": NaN,
        "Gross Profit": 423,
        "Operating Income": 211,
        "EBIT": 311,
        "Net Income": 141
    },
    "2021-12-31": {
        "Diluted EPS": 0.52,
        "Total Revenue": NaN,
        "Gross Profit": 405,
        "Operating Income": 161,
        "EBIT": 261,
        "Net Income": 93
    },
    "2021-09-30": {
        "Diluted EPS": 0.49,
        "Total Revenue": NaN,
        "Gross Profit": 324,
        "Operating Income": 138,
        "EBIT": 221,
        "Net Income": 84
    },
    "2021-06-30": {
        "Diluted EPS": 0.99,
        "Total Revenue": NaN,
        "Gross Profit": 439,
        "Operating Income": 250,
        "EBIT": 325,
        "Net Income": 166
    },
    "2021-03-31": {
        "Diluted EPS": 1.26,
        "Total Revenue": NaN,
        "Gross Profit": 366,
        "Operating Income": 369,
        "EBIT": 451,
        "Net Income": 217
    },
    "2020-12-31": {
        "Diluted EPS": 0.45,
        "Total Revenue": 911,
        "Gross Profit": 298,
        "Operating Income": 127,
        "EBIT": 199,
        "Net Income": 77
    },
    "2020-09-30": {
        "Diluted EPS": 0.41,
        "Total Revenue": 846,
        "Gross Profit": 249,
        "Operating Income": 82,
        "EBIT": 153,
        "Net Income": 69
    },
    "2020-06-30": {
        "Diluted EPS": 0.88,
        "Total Revenue": 947,
        "Gross Profit": 334,
        "Operating Income": 170,
        "EBIT": 238,
        "Net Income": 135
    },
    "2020-03-31": {
        "Diluted EPS": 0.08,
        "Total Revenue": 761,
        "Gross Profit": 239,
        "Operating Income": 101,
        "EBIT": 173,
        "Net Income": 12
    },
    "2019-12-31": {
        "Diluted EPS": 0.23,
        "Total Revenue": 721,
        "Gross Profit": 232,
        "Operating Income": 89,
        "EBIT": 153,
        "Net Income": 34
    },
    "2019-09-30": {
        "Diluted EPS": -0.05,
        "Total Revenue": 665,
        "Gross Profit": 178,
        "Operating Income": 34,
        "EBIT": 97,
        "Net Income": -8
    },
    "2019-06-30": {
        "Diluted EPS": 0.45,
        "Total Revenue": 726,
        "Gross Profit": 256,
        "Operating Income": 110,
        "EBIT": 172,
        "Net Income": 66
    },
    "2019-03-31": {
        "Diluted EPS": 0.22,
        "Total Revenue": 618,
        "Gross Profit": 199,
        "Operating Income": 66,
        "EBIT": 133,
        "Net Income": 32
    },
    "2018-12-31": {
        "Diluted EPS": 0.33,
        "Total Revenue": 623,
        "Gross Profit": 201,
        "Operating Income": 78,
        "EBIT": 134,
        "Net Income": 49
    },
    "2018-09-30": {
        "Diluted EPS": -0.1,
        "Total Revenue": 552,
        "Gross Profit": 149,
        "Operating Income": 20,
        "EBIT": 79,
        "Net Income": -14
    },
    "2018-06-30": {
        "Diluted EPS": 0.62,
        "Total Revenue": 685,
        "Gross Profit": 233,
        "Operating Income": 97,
        "EBIT": 150,
        "Net Income": 83
    },
    "2018-03-31": {
        "Diluted EPS": 0.14,
        "Total Revenue": 628,
        "Gross Profit": 192,
        "Operating Income": 73,
        "EBIT": 125,
        "Net Income": 19
    },
    "2017-12-31": {
        "Diluted EPS": -0.16,
        "Total Revenue": 606,
        "Gross Profit": 187,
        "Operating Income": 68,
        "EBIT": 116,
        "Net Income": -22
    },
    "2017-09-30": {
        "Diluted EPS": 0.03,
        "Total Revenue": 544,
        "Gross Profit": 140,
        "Operating Income": 31,
        "EBIT": 72,
        "Net Income": 4
    },
    "2017-06-30": {
        "Diluted EPS": 0.48,
        "Total Revenue": 617,
        "Gross Profit": 215,
        "Operating Income": 97,
        "EBIT": 137,
        "Net Income": 62
    },
    "2017-03-31": {
        "Diluted EPS": 0.21,
        "Total Revenue": 533,
        "Gross Profit": 167,
        "Operating Income": 65,
        "EBIT": 102,
        "Net Income": 26
    },
    "2016-12-31": {
        "Diluted EPS": 0.14,
        "Total Revenue": 484,
        "Gross Profit": 148,
        "Operating Income": 48,
        "EBIT": 87,
        "Net Income": 17
    },
    "2016-09-30": {
        "Diluted EPS": 0.04,
        "Total Revenue": 442,
        "Gross Profit": 124,
        "Operating Income": 25,
        "EBIT": 62,
        "Net Income": 5
    },
    "2016-06-30": {
        "Diluted EPS": 0.47,
        "Total Revenue": 532,
        "Gross Profit": 188,
        "Operating Income": 91,
        "EBIT": 127,
        "Net Income": 58
    },
    "2016-03-31": {
        "Diluted EPS": 0.09,
        "Total Revenue": 438,
        "Gross Profit": 126,
        "Operating Income": 31,
        "EBIT": 67,
        "Net Income": 11
    },
    "2015-12-31": {
        "Diluted EPS": 0.24,
        "Total Revenue": 455,
        "Gross Profit": 152,
        "Operating Income": 59,
        "EBIT": 95,
        "Net Income": 31
    },
    "2015-09-30": {
        "Diluted EPS": 0.09,
        "Total Revenue": 423,
        "Gross Profit": 122,
        "Operating Income": 37,
        "EBIT": 74,
        "Net Income": 12
    },
    "2015-06-30": {
        "Diluted EPS": 1.31,
        "Total Revenue": 510,
        "Gross Profit": 182,
        "Operating Income": 89,
        "EBIT": 127,
        "Net Income": 154
    },
    "2015-03-31": {
        "Diluted EPS": 0.25,
        "Total Revenue": 447,
        "Gross Profit": 152,
        "Operating Income": 66,
        "EBIT": 101,
        "Net Income": 32
    },
    "2014-12-31": {
        "Diluted EPS": 0.37,
        "Total Revenue": 456,
        "Gross Profit": 156,
        "Operating Income": 62,
        "EBIT": 99,
        "Net Income": 47
    },
    "2014-09-30": {
        "Diluted EPS": -0.18,
        "Total Revenue": 418,
        "Gross Profit": 125,
        "Operating Income": 43,
        "EBIT": 90,
        "Net Income": -20
    },
    "2014-06-30": {
        "Diluted EPS": 0.36,
        "Total Revenue": 520,
        "Gross Profit": 190,
        "Operating Income": 101,
        "EBIT": 141,
        "Net Income": 27
    },
    "2014-03-31": {
        "Diluted EPS": 0.09,
        "Total Revenue": 453,
        "Gross Profit": 152,
        "Operating Income": 60,
        "EBIT": 98,
        "Net Income": 7
    },
    "2013-12-31": {
        "Diluted EPS": -0.26,
        "Total Revenue": 441,
        "Gross Profit": 137,
        "Operating Income": 45,
        "EBIT": 85,
        "Net Income": -19
    },
    "2013-09-30": {
        "Diluted EPS": 0.02,
        "Total Revenue": 414,
        "Gross Profit": 119,
        "Operating Income": 35,
        "EBIT": 75,
        "Net Income": 2
    },
    "2013-06-30": {
        "Diluted EPS": 0.0,
        "Total Revenue": NaN,
        "Gross Profit": NaN,
        "Operating Income": NaN,
        "EBIT": NaN,
        "Net Income": NaN
    },
    "2013-03-31": {
        "Diluted EPS": 0.0,
        "Total Revenue": NaN,
        "Gross Profit": NaN,
        "Operating Income": NaN,
        "EBIT": NaN,
        "Net Income": NaN
    },
    "2012-06-30": {
        "Diluted EPS": 0.0,
        "Total Revenue": NaN,
        "Gross Profit": NaN,
        "Operating Income": NaN,
        "EBIT": NaN,
        "Net Income": NaN
    },
    "2011-06-30": {
        "Diluted EPS": 0.0,
        "Total Revenue": NaN,
        "Gross Profit": NaN,
        "Operating Income": NaN,
        "EBIT": NaN,
        "Net Income": NaN
    },
    "2023-06-30": {
        "Tax Effect Of Unusual Items": 0.0,
        "Tax Rate For Calcs": 0.21,
        "Normalized EBITDA": -96000000.0,
        "Total Unusual Items": NaN,
        "Total Unusual Items Excluding Goodwill": NaN,
        "Net Income From Continuing Operation Net Minority Interest": -86000000.0,
        "Reconciled Depreciation": NaN,
        "Reconciled Cost Of Revenue": 833000000.0,
        "EBITDA": -96000000.0,
        "EBIT": -96000000.0,
        "Net Interest Income": -54000000.0,
        "Interest Expense": 54000000.0,
        "Normalized Income": -86000000.0,
        "Net Income From Continuing And Discontinued Operation": -86000000.0,
        "Total Expenses": 1168000000.0,
        "Total Operating Income As Reported": -100000000.0,
        "Diluted Average Shares": 181000000.0,
        "Basic Average Shares": 181000000.0,
        "Diluted EPS": -0.48,
        "Basic EPS": -0.48,
        "Diluted NI Availto Com Stockholders": -86000000.0,
        "Net Income Common Stockholders": -86000000.0,
        "Otherunder Preferred Stock Dividend": NaN,
        "Net Income": -86000000.0,
        "Net Income Including Noncontrolling Interests": -86000000.0,
        "Net Income Continuous Operations": -86000000.0,
        "Tax Provision": -64000000.0,
        "Pretax Income": -150000000.0,
        "Other Income Expense": 4000000.0,
        "Other Non Operating Income Expenses": 4000000.0,
        "Special Income Charges": NaN,
        "Gain On Sale Of Business": NaN,
        "Impairment Of Capital Assets": NaN,
        "Gain On Sale Of Security": NaN,
        "Net Non Operating Interest Income Expense": -54000000.0,
        "Interest Expense Non Operating": 54000000.0,
        "Operating Income": -100000000.0,
        "Operating Expense": 335000000.0,
        "Other Operating Expenses": 116000000.0,
        "Selling General And Administration": 219000000.0,
        "Gross Profit": 235000000.0,
        "Cost Of Revenue": 833000000.0,
        "Total Revenue": 1068000000.0,
        "Operating Revenue": 1068000000.0
    }
}