{
    "2023-03-31": {
        "Tax Effect Of Unusual Items": 0.0,
        "Tax Rate For Calcs": 0.0,
        "Normalized EBITDA": -5058000.0,
        "Net Income From Continuing Operation Net Minority Interest": -3311000.0,
        "Reconciled Depreciation": 595000.0,
        "EBITDA": -5058000.0,
        "EBIT": -5653000.0,
        "Net Interest Income": 2327000.0,
        "Interest Income": 2327000.0,
        "Normalized Income": -3311000.0,
        "Net Income From Continuing And Discontinued Operation": -3311000.0,
        "Total Expenses": 29152000.0,
        "Total Operating Income As Reported": -5653000.0,
        "Diluted Average Shares": 66248992.0,
        "Basic Average Shares": 66248992.0,
        "Diluted EPS": -0.05,
        "Basic EPS": -0.05,
        "Diluted NI Availto Com Stockholders": -3311000.0,
        "Net Income Common Stockholders": -3311000.0,
        "Net Income": -3311000.0,
        "Net Income Including Noncontrolling Interests": -3311000.0,
        "Net Income Continuous Operations": -3311000.0,
        "Tax Provision": 0.0,
        "Pretax Income": -3311000.0,
        "Other Income Expense": 15000.0,
        "Other Non Operating Income Expenses": 15000.0,
        "Net Non Operating Interest Income Expense": 2327000.0,
        "Interest Income Non Operating": 2327000.0,
        "Operating Income": -5653000.0,
        "Operating Expense": 29152000.0,
        "Research And Development": 21175000.0,
        "Selling General And Administration": 7977000.0,
        "General And Administrative Expense": 7977000.0,
        "Other Gand A": 7977000.0,
        "Total Revenue": 23499000.0,
        "Operating Revenue": 23499000.0
    },
    "2022-12-31": {
        "Tax Effect Of Unusual Items": 0.0,
        "Tax Rate For Calcs": 0.0,
        "Normalized EBITDA": -28077000.0,
        "Net Income From Continuing Operation Net Minority Interest": -27952000.0,
        "Reconciled Depreciation": 608000.0,
        "EBITDA": -28077000.0,
        "EBIT": -28685000.0,
        "Net Interest Income": 732000.0,
        "Interest Income": 732000.0,
        "Normalized Income": -27952000.0,
        "Net Income From Continuing And Discontinued Operation": -27952000.0,
        "Total Expenses": 29631000.0,
        "Total Operating Income As Reported": -28685000.0,
        "Diluted Average Shares": NaN,
        "Basic Average Shares": NaN,
        "Diluted EPS": NaN,
        "Basic EPS": NaN,
        "Diluted NI Availto Com Stockholders": -27952000.0,
        "Net Income Common Stockholders": -27952000.0,
        "Net Income": -27952000.0,
        "Net Income Including Noncontrolling Interests": -27952000.0,
        "Net Income Continuous Operations": -27952000.0,
        "Tax Provision": NaN,
        "Pretax Income": -27952000.0,
        "Other Income Expense": 1000.0,
        "Other Non Operating Income Expenses": 1000.0,
        "Net Non Operating Interest Income Expense": 732000.0,
        "Interest Income Non Operating": 732000.0,
        "Operating Income": -28685000.0,
        "Operating Expense": 29631000.0,
        "Research And Development": 19564000.0,
        "Selling General And Administration": 10067000.0,
        "General And Administrative Expense": 10067000.0,
        "Other Gand A": 10067000.0,
        "Total Revenue": 946000.0,
        "Operating Revenue": 946000.0
    },
    "2022-09-30": {
        "Tax Effect Of Unusual Items": 0.0,
        "Tax Rate For Calcs": 0.0,
        "Normalized EBITDA": -23319000.0,
        "Net Income From Continuing Operation Net Minority Interest": -23296000.0,
        "Reconciled Depreciation": 623000.0,
        "EBITDA": -23319000.0,
        "EBIT": -23942000.0,
        "Net Interest Income": 616000.0,
        "Interest Income": 616000.0,
        "Normalized Income": -23296000.0,
        "Net Income From Continuing And Discontinued Operation": -23296000.0,
        "Total Expenses": 40857000.0,
        "Total Operating Income As Reported": -23942000.0,
        "Diluted Average Shares": 65912334.0,
        "Basic Average Shares": 65912334.0,
        "Diluted EPS": -0.44,
        "Basic EPS": -0.44,
        "Diluted NI Availto Com Stockholders": -23296000.0,
        "Net Income Common Stockholders": -23296000.0,
        "Net Income": -23296000.0,
        "Net Income Including Noncontrolling Interests": -23296000.0,
        "Net Income Continuous Operations": -23296000.0,
        "Tax Provision": NaN,
        "Pretax Income": -23296000.0,
        "Other Income Expense": 30000.0,
        "Other Non Operating Income Expenses": 30000.0,
        "Net Non Operating Interest Income Expense": 616000.0,
        "Interest Income Non Operating": 616000.0,
        "Operating Income": -23942000.0,
        "Operating Expense": 40857000.0,
        "Research And Development": 30367000.0,
        "Selling General And Administration": 10490000.0,
        "General And Administrative Expense": 10490000.0,
        "Other Gand A": 10490000.0,
        "Total Revenue": 16915000.0,
        "Operating Revenue": 16915000.0
    },
    "2022-06-30": {
        "Tax Effect Of Unusual Items": 0.0,
        "Tax Rate For Calcs": 0.0,
        "Normalized EBITDA": -24132000.0,
        "Net Income From Continuing Operation Net Minority Interest": -24184000.0,
        "Reconciled Depreciation": 610000.0,
        "EBITDA": -24132000.0,
        "EBIT": -24742000.0,
        "Net Interest Income": 262000.0,
        "Interest Income": 262000.0,
        "Normalized Income": -24184000.0,
        "Net Income From Continuing And Discontinued Operation": -24184000.0,
        "Total Expenses": 42907000.0,
        "Total Operating Income As Reported": -24742000.0,
        "Diluted Average Shares": 65542762.0,
        "Basic Average Shares": 65542762.0,
        "Diluted EPS": -0.45,
        "Basic EPS": -0.45,
        "Diluted NI Availto Com Stockholders": -24184000.0,
        "Net Income Common Stockholders": -24184000.0,
        "Net Income": -24184000.0,
        "Net Income Including Noncontrolling Interests": -24184000.0,
        "Net Income Continuous Operations": -24184000.0,
        "Pretax Income": -24184000.0,
        "Other Income Expense": 296000.0,
        "Other Non Operating Income Expenses": 296000.0,
        "Net Non Operating Interest Income Expense": 262000.0,
        "Interest Income Non Operating": 262000.0,
        "Operating Income": -24742000.0,
        "Operating Expense": 42907000.0,
        "Research And Development": 31159000.0,
        "Selling General And Administration": 11748000.0,
        "General And Administrative Expense": 11748000.0,
        "Other Gand A": 11748000.0,
        "Total Revenue": 18165000.0,
        "Operating Revenue": 18165000.0
    },
    "2022-03-31": {
        "Diluted EPS": -0.49,
        "Total Revenue": 9,
        "Gross Profit": 9,
        "Operating Income": -32,
        "EBIT": -31,
        "Net Income": -32
    },
    "2021-12-31": {
        "Diluted EPS": -0.9,
        "Total Revenue": -13,
        "Gross Profit": -13,
        "Operating Income": -59,
        "EBIT": -58,
        "Net Income": -58
    },
    "2021-09-30": {
        "Diluted EPS": -0.35,
        "Total Revenue": 18,
        "Gross Profit": 18,
        "Operating Income": -23,
        "EBIT": -22,
        "Net Income": -23
    },
    "2021-06-30": {
        "Diluted EPS": -0.3,
        "Total Revenue": 16,
        "Gross Profit": 16,
        "Operating Income": -19,
        "EBIT": -18,
        "Net Income": -19
    },
    "2021-03-31": {
        "Diluted EPS": -0.26,
        "Total Revenue": 16,
        "Gross Profit": 16,
        "Operating Income": -16,
        "EBIT": -15,
        "Net Income": -16
    },
    "2020-12-31": {
        "Diluted EPS": -0.31,
        "Total Revenue": 16,
        "Gross Profit": 16,
        "Operating Income": -15,
        "EBIT": -14,
        "Net Income": -15
    },
    "2020-09-30": {
        "Diluted EPS": -0.32,
        "Total Revenue": 18,
        "Gross Profit": 18,
        "Operating Income": -15,
        "EBIT": -14,
        "Net Income": -15
    },
    "2020-06-30": {
        "Diluted EPS": -0.34,
        "Total Revenue": 17,
        "Gross Profit": 17,
        "Operating Income": -16,
        "EBIT": -16,
        "Net Income": -16
    },
    "2020-03-31": {
        "Diluted EPS": 0.26,
        "Total Revenue": 50,
        "Gross Profit": 50,
        "Operating Income": -3,
        "EBIT": -2,
        "Net Income": 12
    },
    "2019-12-31": {
        "Diluted EPS": -0.79,
        "Total Revenue": 8,
        "Gross Profit": 8,
        "Operating Income": -37,
        "EBIT": -37,
        "Net Income": -35
    },
    "2019-09-30": {
        "Diluted EPS": -0.52,
        "Total Revenue": 11,
        "Gross Profit": 11,
        "Operating Income": -26,
        "EBIT": -26,
        "Net Income": -24
    },
    "2019-06-30": {
        "Diluted EPS": -0.64,
        "Total Revenue": 9,
        "Gross Profit": 9,
        "Operating Income": -31,
        "EBIT": -31,
        "Net Income": -29
    },
    "2019-03-31": {
        "Diluted EPS": -0.31,
        "Total Revenue": 29,
        "Gross Profit": 29,
        "Operating Income": -17,
        "EBIT": -17,
        "Net Income": -14
    },
    "2018-12-31": {
        "Diluted EPS": -0.75,
        "Total Revenue": 11,
        "Gross Profit": 11,
        "Operating Income": -26,
        "EBIT": -26,
        "Net Income": -32
    },
    "2018-09-30": {
        "Diluted EPS": -0.53,
        "Total Revenue": 13,
        "Gross Profit": 13,
        "Operating Income": -23,
        "EBIT": -23,
        "Net Income": -23
    },
    "2018-06-30": {
        "Diluted EPS": -0.35,
        "Total Revenue": 21,
        "Gross Profit": 21,
        "Operating Income": -13,
        "EBIT": -13,
        "Net Income": -13
    },
    "2018-03-31": {
        "Diluted EPS": -0.4,
        "Total Revenue": 14,
        "Gross Profit": 14,
        "Operating Income": -16,
        "EBIT": -15,
        "Net Income": -15
    },
    "2017-12-31": {
        "Diluted EPS": 0.04,
        "Total Revenue": 27,
        "Gross Profit": 27,
        "Operating Income": -1,
        "EBIT": -1,
        "Net Income": 1
    },
    "2017-09-30": {
        "Diluted EPS": -0.28,
        "Total Revenue": 24,
        "Gross Profit": 24,
        "Operating Income": -11,
        "EBIT": -10,
        "Net Income": -10
    },
    "2017-06-30": {
        "Diluted EPS": -0.69,
        "Total Revenue": 9,
        "Gross Profit": 9,
        "Operating Income": -25,
        "EBIT": -25,
        "Net Income": -25
    },
    "2017-03-31": {
        "Diluted EPS": -0.23,
        "Total Revenue": 12,
        "Gross Profit": 12,
        "Operating Income": -9,
        "EBIT": -8,
        "Net Income": -8
    },
    "2016-12-31": {
        "Diluted EPS": -0.4,
        "Total Revenue": 6,
        "Gross Profit": 6,
        "Operating Income": -14,
        "EBIT": -13,
        "Net Income": -14
    },
    "2016-09-30": {
        "Diluted EPS": -0.4,
        "Total Revenue": 3,
        "Gross Profit": 3,
        "Operating Income": -15,
        "EBIT": -14,
        "Net Income": -15
    },
    "2016-06-30": {
        "Diluted EPS": -0.39,
        "Total Revenue": 3,
        "Gross Profit": 3,
        "Operating Income": -14,
        "EBIT": -13,
        "Net Income": -14
    },
    "2016-03-31": {
        "Diluted EPS": -0.44,
        "Total Revenue": 2,
        "Gross Profit": 2,
        "Operating Income": -16,
        "EBIT": -15,
        "Net Income": -16
    },
    "2015-12-31": {
        "Diluted EPS": 24.59,
        "Total Revenue": 2,
        "Gross Profit": 2,
        "Operating Income": -12,
        "EBIT": -11,
        "Net Income": -12
    },
    "2015-09-30": {
        "Diluted EPS": -14.26,
        "Total Revenue": 2,
        "Gross Profit": 2,
        "Operating Income": -11,
        "EBIT": -11,
        "Net Income": -15
    },
    "2015-06-30": {
        "Diluted EPS": -7.56,
        "Total Revenue": 2,
        "Gross Profit": 2,
        "Operating Income": -6,
        "EBIT": -5,
        "Net Income": -8
    },
    "2015-03-31": {
        "Diluted EPS": -7.67,
        "Total Revenue": 2,
        "Gross Profit": 2,
        "Operating Income": -5,
        "EBIT": -4,
        "Net Income": -8
    },
    "2014-12-31": {
        "Diluted EPS": 0.0,
        "Total Revenue": NaN,
        "Gross Profit": NaN,
        "Operating Income": NaN,
        "EBIT": NaN,
        "Net Income": NaN
    },
    "2014-09-30": {
        "Diluted EPS": -4.86,
        "Total Revenue": 2,
        "Gross Profit": 2,
        "Operating Income": -3,
        "EBIT": -3,
        "Net Income": -5
    },
    "2013-12-31": {
        "Diluted EPS": 0.0,
        "Total Revenue": NaN,
        "Gross Profit": NaN,
        "Operating Income": NaN,
        "EBIT": NaN,
        "Net Income": NaN
    },
    "2023-06-30": {
        "Tax Effect Of Unusual Items": 0.0,
        "Tax Rate For Calcs": 0.0,
        "Normalized EBITDA": -2738000.0,
        "Net Income From Continuing Operation Net Minority Interest": -1087000.0,
        "Reconciled Depreciation": 610000.0,
        "EBITDA": -2738000.0,
        "EBIT": -3348000.0,
        "Net Interest Income": 2308000.0,
        "Interest Income": 2308000.0,
        "Normalized Income": -1087000.0,
        "Net Income From Continuing And Discontinued Operation": -1087000.0,
        "Total Expenses": 28072000.0,
        "Total Operating Income As Reported": -3348000.0,
        "Diluted Average Shares": 66536202.0,
        "Basic Average Shares": 66536202.0,
        "Diluted EPS": -0.02,
        "Basic EPS": -0.02,
        "Diluted NI Availto Com Stockholders": -1087000.0,
        "Net Income Common Stockholders": -1087000.0,
        "Net Income": -1087000.0,
        "Net Income Including Noncontrolling Interests": -1087000.0,
        "Net Income Continuous Operations": -1087000.0,
        "Tax Provision": NaN,
        "Pretax Income": -1087000.0,
        "Other Income Expense": -47000.0,
        "Other Non Operating Income Expenses": -47000.0,
        "Net Non Operating Interest Income Expense": 2308000.0,
        "Interest Income Non Operating": 2308000.0,
        "Operating Income": -3348000.0,
        "Operating Expense": 28072000.0,
        "Research And Development": 20671000.0,
        "Selling General And Administration": 7401000.0,
        "General And Administrative Expense": 7401000.0,
        "Other Gand A": 7401000.0,
        "Total Revenue": 24724000.0,
        "Operating Revenue": 24724000.0
    },
    "2023-09-30": {
        "Tax Effect Of Unusual Items": 0.0,
        "Tax Rate For Calcs": 0.21,
        "Normalized EBITDA": 3607000.0,
        "Net Income From Continuing Operation Net Minority Interest": 2992000.0,
        "Reconciled Depreciation": 484000.0,
        "EBITDA": 3607000.0,
        "EBIT": 3123000.0,
        "Net Interest Income": 2699000.0,
        "Interest Income": 2699000.0,
        "Normalized Income": 2992000.0,
        "Net Income From Continuing And Discontinued Operation": 2992000.0,
        "Total Expenses": 23261000.0,
        "Total Operating Income As Reported": 3123000.0,
        "Diluted Average Shares": 80991722.0,
        "Basic Average Shares": 80991722.0,
        "Diluted EPS": 0.04,
        "Basic EPS": 0.04,
        "Diluted NI Availto Com Stockholders": 2992000.0,
        "Net Income Common Stockholders": 2992000.0,
        "Net Income": 2992000.0,
        "Net Income Including Noncontrolling Interests": 2992000.0,
        "Net Income Continuous Operations": 2992000.0,
        "Tax Provision": 2823000.0,
        "Pretax Income": 5815000.0,
        "Other Income Expense": -7000.0,
        "Other Non Operating Income Expenses": -7000.0,
        "Net Non Operating Interest Income Expense": 2699000.0,
        "Interest Income Non Operating": 2699000.0,
        "Operating Income": 3123000.0,
        "Operating Expense": 23261000.0,
        "Research And Development": 16448000.0,
        "Selling General And Administration": 6813000.0,
        "General And Administrative Expense": 6813000.0,
        "Other Gand A": 6813000.0,
        "Total Revenue": 26384000.0,
        "Operating Revenue": 26384000.0
    },
    "2023-12-31": {
        "Tax Effect Of Unusual Items": 0.0,
        "Tax Rate For Calcs": 0.21,
        "Normalized EBITDA": -120000.0,
        "Net Income From Continuing Operation Net Minority Interest": 837000.0,
        "Reconciled Depreciation": 486000.0,
        "EBITDA": -120000.0,
        "EBIT": -606000.0,
        "Net Interest Income": 2503000.0,
        "Interest Income": 2503000.0,
        "Normalized Income": 837000.0,
        "Net Income From Continuing And Discontinued Operation": 837000.0,
        "Total Expenses": 27213000.0,
        "Total Operating Income As Reported": -606000.0,
        "Diluted Average Shares": NaN,
        "Basic Average Shares": NaN,
        "Diluted EPS": NaN,
        "Basic EPS": NaN,
        "Diluted NI Availto Com Stockholders": 837000.0,
        "Net Income Common Stockholders": 837000.0,
        "Net Income": 837000.0,
        "Net Income Including Noncontrolling Interests": 837000.0,
        "Net Income Continuous Operations": 837000.0,
        "Tax Provision": 1069000.0,
        "Pretax Income": 1906000.0,
        "Other Income Expense": 9000.0,
        "Other Non Operating Income Expenses": 9000.0,
        "Net Non Operating Interest Income Expense": 2503000.0,
        "Interest Income Non Operating": 2503000.0,
        "Operating Income": -606000.0,
        "Operating Expense": 27213000.0,
        "Research And Development": 19386000.0,
        "Selling General And Administration": 7827000.0,
        "General And Administrative Expense": 7827000.0,
        "Other Gand A": 7827000.0,
        "Total Revenue": 26607000.0,
        "Operating Revenue": 26607000.0
    },
    "2024-03-31": {
        "Tax Effect Of Unusual Items": 0.0,
        "Tax Rate For Calcs": 0.00354,
        "Normalized EBITDA": 12124000.0,
        "Net Income From Continuing Operation Net Minority Interest": 13791000.0,
        "Reconciled Depreciation": 467000.0,
        "EBITDA": 12124000.0,
        "EBIT": 11657000.0,
        "Net Interest Income": 2194000.0,
        "Interest Income": 2194000.0,
        "Normalized Income": 13791000.0,
        "Net Income From Continuing And Discontinued Operation": 13791000.0,
        "Total Expenses": 29806000.0,
        "Total Operating Income As Reported": 11657000.0,
        "Diluted Average Shares": 82630020.0,
        "Basic Average Shares": 82029466.0,
        "Diluted EPS": 0.17,
        "Basic EPS": 0.17,
        "Diluted NI Availto Com Stockholders": 13791000.0,
        "Net Income Common Stockholders": 13791000.0,
        "Net Income": 13791000.0,
        "Net Income Including Noncontrolling Interests": 13791000.0,
        "Net Income Continuous Operations": 13791000.0,
        "Tax Provision": 49000.0,
        "Pretax Income": 13840000.0,
        "Other Income Expense": -11000.0,
        "Other Non Operating Income Expenses": -11000.0,
        "Net Non Operating Interest Income Expense": 2194000.0,
        "Interest Income Non Operating": 2194000.0,
        "Operating Income": 11657000.0,
        "Operating Expense": 29806000.0,
        "Research And Development": 22052000.0,
        "Selling General And Administration": 7754000.0,
        "General And Administrative Expense": 7754000.0,
        "Other Gand A": 7754000.0,
        "Total Revenue": 41463000.0,
        "Operating Revenue": 41463000.0
    }
}