{
    "2023-03-31": {
        "Tax Effect Of Unusual Items": NaN,
        "Tax Rate For Calcs": NaN,
        "Normalized EBITDA": NaN,
        "Total Unusual Items": NaN,
        "Total Unusual Items Excluding Goodwill": NaN,
        "Net Income From Continuing Operation Net Minority Interest": NaN,
        "Reconciled Depreciation": NaN,
        "Reconciled Cost Of Revenue": NaN,
        "EBITDA": NaN,
        "EBIT": NaN,
        "Net Interest Income": NaN,
        "Interest Expense": NaN,
        "Interest Income": NaN,
        "Normalized Income": NaN,
        "Net Income From Continuing And Discontinued Operation": NaN,
        "Total Expenses": NaN,
        "Rent Expense Supplemental": NaN,
        "Total Operating Income As Reported": NaN,
        "Diluted Average Shares": NaN,
        "Basic Average Shares": NaN,
        "Diluted EPS": NaN,
        "Basic EPS": NaN,
        "Diluted NI Availto Com Stockholders": NaN,
        "Net Income Common Stockholders": NaN,
        "Net Income": NaN,
        "Net Income Including Noncontrolling Interests": NaN,
        "Net Income Continuous Operations": NaN,
        "Tax Provision": NaN,
        "Pretax Income": NaN,
        "Other Income Expense": NaN,
        "Special Income Charges": NaN,
        "Restructuring And Mergern Acquisition": NaN,
        "Net Non Operating Interest Income Expense": NaN,
        "Total Other Finance Cost": -3951000.0,
        "Interest Expense Non Operating": NaN,
        "Interest Income Non Operating": NaN,
        "Operating Income": NaN,
        "Operating Expense": NaN,
        "Depreciation Amortization Depletion Income Statement": NaN,
        "Depreciation And Amortization In Income Statement": NaN,
        "Amortization": NaN,
        "Amortization Of Intangibles Income Statement": NaN,
        "Depreciation Income Statement": NaN,
        "Selling General And Administration": NaN,
        "Gross Profit": NaN,
        "Cost Of Revenue": NaN,
        "Total Revenue": NaN,
        "Operating Revenue": NaN
    },
    "2022-12-31": {
        "Tax Effect Of Unusual Items": NaN,
        "Tax Rate For Calcs": NaN,
        "Normalized EBITDA": NaN,
        "Total Unusual Items": NaN,
        "Total Unusual Items Excluding Goodwill": NaN,
        "Net Income From Continuing Operation Net Minority Interest": NaN,
        "Reconciled Depreciation": NaN,
        "Reconciled Cost Of Revenue": NaN,
        "EBITDA": NaN,
        "EBIT": NaN,
        "Net Interest Income": NaN,
        "Interest Expense": NaN,
        "Interest Income": NaN,
        "Normalized Income": NaN,
        "Net Income From Continuing And Discontinued Operation": NaN,
        "Total Expenses": NaN,
        "Total Operating Income As Reported": NaN,
        "Diluted Average Shares": 237976923.0,
        "Basic Average Shares": 237976923.0,
        "Diluted EPS": 0.13,
        "Basic EPS": 0.13,
        "Diluted NI Availto Com Stockholders": NaN,
        "Net Income Common Stockholders": NaN,
        "Net Income": NaN,
        "Net Income Including Noncontrolling Interests": NaN,
        "Net Income Continuous Operations": NaN,
        "Tax Provision": NaN,
        "Pretax Income": NaN,
        "Other Income Expense": NaN,
        "Special Income Charges": NaN,
        "Restructuring And Mergern Acquisition": NaN,
        "Net Non Operating Interest Income Expense": NaN,
        "Total Other Finance Cost": NaN,
        "Interest Expense Non Operating": NaN,
        "Interest Income Non Operating": NaN,
        "Operating Income": NaN,
        "Operating Expense": NaN,
        "Depreciation Amortization Depletion Income Statement": NaN,
        "Depreciation And Amortization In Income Statement": NaN,
        "Amortization": NaN,
        "Amortization Of Intangibles Income Statement": NaN,
        "Depreciation Income Statement": NaN,
        "Selling General And Administration": NaN,
        "Gross Profit": NaN,
        "Cost Of Revenue": NaN,
        "Total Revenue": NaN,
        "Operating Revenue": NaN
    },
    "2022-09-30": {
        "Tax Effect Of Unusual Items": NaN,
        "Tax Rate For Calcs": NaN,
        "Normalized EBITDA": NaN,
        "Total Unusual Items": NaN,
        "Total Unusual Items Excluding Goodwill": NaN,
        "Net Income From Continuing Operation Net Minority Interest": NaN,
        "Reconciled Depreciation": NaN,
        "Reconciled Cost Of Revenue": NaN,
        "EBITDA": NaN,
        "EBIT": NaN,
        "Net Interest Income": NaN,
        "Interest Expense": NaN,
        "Interest Income": 1747000.0,
        "Normalized Income": NaN,
        "Net Income From Continuing And Discontinued Operation": NaN,
        "Total Expenses": NaN,
        "Total Operating Income As Reported": NaN,
        "Diluted Average Shares": NaN,
        "Basic Average Shares": NaN,
        "Diluted EPS": NaN,
        "Basic EPS": NaN,
        "Diluted NI Availto Com Stockholders": NaN,
        "Net Income Common Stockholders": NaN,
        "Net Income": NaN,
        "Net Income Including Noncontrolling Interests": NaN,
        "Net Income Continuous Operations": NaN,
        "Tax Provision": NaN,
        "Pretax Income": NaN,
        "Other Income Expense": NaN,
        "Special Income Charges": NaN,
        "Restructuring And Mergern Acquisition": NaN,
        "Net Non Operating Interest Income Expense": NaN,
        "Total Other Finance Cost": NaN,
        "Interest Expense Non Operating": NaN,
        "Interest Income Non Operating": 1747000.0,
        "Operating Income": NaN,
        "Operating Expense": NaN,
        "Depreciation Amortization Depletion Income Statement": NaN,
        "Depreciation And Amortization In Income Statement": NaN,
        "Amortization": NaN,
        "Amortization Of Intangibles Income Statement": NaN,
        "Depreciation Income Statement": NaN,
        "Selling General And Administration": NaN,
        "Gross Profit": NaN,
        "Cost Of Revenue": NaN,
        "Total Revenue": NaN,
        "Operating Revenue": NaN
    },
    "2022-06-30": {
        "Tax Effect Of Unusual Items": -2418400.0,
        "Tax Rate For Calcs": 0.4,
        "Normalized EBITDA": 94489000.0,
        "Total Unusual Items": -6046000.0,
        "Total Unusual Items Excluding Goodwill": -6046000.0,
        "Net Income From Continuing Operation Net Minority Interest": 13623000.0,
        "Reconciled Depreciation": 54620000.0,
        "Reconciled Cost Of Revenue": 233916000.0,
        "EBITDA": 88443000.0,
        "EBIT": 33823000.0,
        "Net Interest Income": -5203000.0,
        "Interest Expense": 20281000.0,
        "Interest Income": NaN,
        "Normalized Income": 17250600.0,
        "Net Income From Continuing And Discontinued Operation": 13623000.0,
        "Total Expenses": 337315000.0,
        "Total Operating Income As Reported": 18745000.0,
        "Diluted Average Shares": 248614000.0,
        "Basic Average Shares": 247745000.0,
        "Diluted EPS": 0.05,
        "Basic EPS": 0.05,
        "Diluted NI Availto Com Stockholders": 13623000.0,
        "Net Income Common Stockholders": 13623000.0,
        "Net Income": 13623000.0,
        "Net Income Including Noncontrolling Interests": 13623000.0,
        "Net Income Continuous Operations": 13623000.0,
        "Tax Provision": -81000.0,
        "Pretax Income": 13542000.0,
        "Other Income Expense": -6046000.0,
        "Special Income Charges": -6046000.0,
        "Restructuring And Mergern Acquisition": 6046000.0,
        "Net Non Operating Interest Income Expense": -5203000.0,
        "Total Other Finance Cost": -15078000.0,
        "Interest Expense Non Operating": 20281000.0,
        "Interest Income Non Operating": NaN,
        "Operating Income": 24791000.0,
        "Operating Expense": 57967000.0,
        "Depreciation Amortization Depletion Income Statement": 9188000.0,
        "Depreciation And Amortization In Income Statement": 9188000.0,
        "Amortization": 6871000.0,
        "Amortization Of Intangibles Income Statement": 6871000.0,
        "Depreciation Income Statement": 2317000.0,
        "Selling General And Administration": 48779000.0,
        "General And Administrative Expense": NaN,
        "Other Gand A": NaN,
        "Gross Profit": 82758000.0,
        "Cost Of Revenue": 279348000.0,
        "Total Revenue": 362106000.0,
        "Operating Revenue": 362106000.0
    },
    "2022-03-31": {
        "Diluted EPS": -0.01,
        "Total Revenue": 366,
        "Gross Profit": 84,
        "Operating Income": 10,
        "EBIT": 74,
        "Net Income": -3
    },
    "2021-12-31": {
        "Diluted EPS": 0.43,
        "Total Revenue": 356,
        "Gross Profit": 78,
        "Operating Income": 10,
        "EBIT": 74,
        "Net Income": -4
    },
    "2021-09-30": {
        "Diluted EPS": -0.08,
        "Total Revenue": 357,
        "Gross Profit": 65,
        "Operating Income": -5,
        "EBIT": 63,
        "Net Income": -21
    },
    "2021-06-30": {
        "Diluted EPS": -0.53,
        "Total Revenue": 375,
        "Gross Profit": 47,
        "Operating Income": -43,
        "EBIT": 18,
        "Net Income": -129
    },
    "2021-03-31": {
        "Diluted EPS": -0.57,
        "Total Revenue": 78,
        "Gross Profit": 20,
        "Operating Income": -3,
        "EBIT": 17,
        "Net Income": -28
    },
    "2020-12-31": {
        "Diluted EPS": -0.14,
        "Total Revenue": 83,
        "Gross Profit": 22,
        "Operating Income": 3,
        "EBIT": 25,
        "Net Income": -7
    },
    "2020-09-30": {
        "Diluted EPS": 0.31,
        "Total Revenue": 69,
        "Gross Profit": 16,
        "Operating Income": 5,
        "EBIT": 26,
        "Net Income": 15
    },
    "2020-06-30": {
        "Diluted EPS": -0.27,
        "Total Revenue": 68,
        "Gross Profit": 16,
        "Operating Income": 3,
        "EBIT": 25,
        "Net Income": -13
    },
    "2020-03-31": {
        "Diluted EPS": -0.33,
        "Total Revenue": 82,
        "Gross Profit": 22,
        "Operating Income": 7,
        "EBIT": 29,
        "Net Income": -16
    },
    "2019-12-31": {
        "Diluted EPS": 0.19,
        "Total Revenue": 77,
        "Gross Profit": 23,
        "Operating Income": 12,
        "EBIT": 35,
        "Net Income": 3
    },
    "2019-09-30": {
        "Diluted EPS": -0.45,
        "Total Revenue": 62,
        "Gross Profit": 22,
        "Operating Income": 6,
        "EBIT": 25,
        "Net Income": -18
    },
    "2019-06-30": {
        "Diluted EPS": -0.25,
        "Total Revenue": 63,
        "Gross Profit": 21,
        "Operating Income": 10,
        "EBIT": 28,
        "Net Income": -5
    },
    "2019-03-31": {
        "Diluted EPS": -0.31,
        "Total Revenue": 61,
        "Gross Profit": 21,
        "Operating Income": 9,
        "EBIT": 27,
        "Net Income": -7
    },
    "2018-12-31": {
        "Diluted EPS": -0.6,
        "Total Revenue": 182,
        "Gross Profit": 63,
        "Operating Income": 33,
        "EBIT": 52,
        "Net Income": -14
    },
    "2018-09-30": {
        "Diluted EPS": -0.17,
        "Total Revenue": 64,
        "Gross Profit": 21,
        "Operating Income": 11,
        "EBIT": 11,
        "Net Income": -4
    },
    "2018-06-30": {
        "Diluted EPS": 0.02,
        "Total Revenue": NaN,
        "Gross Profit": NaN,
        "Operating Income": 0,
        "EBIT": 0,
        "Net Income": 1
    },
    "2018-03-31": {
        "Diluted EPS": 0.03,
        "Total Revenue": NaN,
        "Gross Profit": NaN,
        "Operating Income": 0,
        "EBIT": 0,
        "Net Income": 1
    },
    "2017-12-31": {
        "Diluted EPS": 0.0,
        "Total Revenue": NaN,
        "Gross Profit": NaN,
        "Operating Income": NaN,
        "EBIT": NaN,
        "Net Income": NaN
    },
    "2017-09-30": {
        "Diluted EPS": -0.02,
        "Total Revenue": NaN,
        "Gross Profit": NaN,
        "Operating Income": 0,
        "EBIT": 0,
        "Net Income": 0
    },
    "2017-06-30": {
        "Diluted EPS": 0.0,
        "Total Revenue": NaN,
        "Gross Profit": NaN,
        "Operating Income": NaN,
        "EBIT": NaN,
        "Net Income": NaN
    },
    "2023-06-30": {
        "Tax Effect Of Unusual Items": NaN,
        "Tax Rate For Calcs": NaN,
        "Normalized EBITDA": NaN,
        "Total Unusual Items": NaN,
        "Total Unusual Items Excluding Goodwill": NaN,
        "Net Income From Continuing Operation Net Minority Interest": NaN,
        "Reconciled Depreciation": NaN,
        "Reconciled Cost Of Revenue": NaN,
        "EBITDA": NaN,
        "EBIT": NaN,
        "Net Interest Income": NaN,
        "Interest Expense": NaN,
        "Interest Income": 5048000.0,
        "Normalized Income": NaN,
        "Net Income From Continuing And Discontinued Operation": NaN,
        "Total Expenses": NaN,
        "Rent Expense Supplemental": NaN,
        "Total Operating Income As Reported": NaN,
        "Diluted Average Shares": 246955000.0,
        "Basic Average Shares": 246130000.0,
        "Diluted EPS": 0.05,
        "Basic EPS": 0.05,
        "Diluted NI Availto Com Stockholders": NaN,
        "Net Income Common Stockholders": NaN,
        "Net Income": NaN,
        "Net Income Including Noncontrolling Interests": NaN,
        "Net Income Continuous Operations": NaN,
        "Tax Provision": NaN,
        "Pretax Income": NaN,
        "Other Income Expense": NaN,
        "Special Income Charges": NaN,
        "Restructuring And Mergern Acquisition": NaN,
        "Net Non Operating Interest Income Expense": NaN,
        "Total Other Finance Cost": NaN,
        "Interest Expense Non Operating": NaN,
        "Interest Income Non Operating": 5048000.0,
        "Operating Income": NaN,
        "Operating Expense": NaN,
        "Depreciation Amortization Depletion Income Statement": NaN,
        "Depreciation And Amortization In Income Statement": NaN,
        "Amortization": NaN,
        "Amortization Of Intangibles Income Statement": NaN,
        "Depreciation Income Statement": NaN,
        "Selling General And Administration": NaN,
        "Gross Profit": NaN,
        "Cost Of Revenue": NaN,
        "Total Revenue": NaN,
        "Operating Revenue": NaN
    },
    "2023-09-30": {
        "Tax Effect Of Unusual Items": -129887.640449,
        "Tax Rate For Calcs": 0.044944,
        "Normalized EBITDA": 101198000.0,
        "Total Unusual Items": -2890000.0,
        "Total Unusual Items Excluding Goodwill": -2890000.0,
        "Net Income From Continuing Operation Net Minority Interest": 9180000.0,
        "Reconciled Depreciation": 54552000.0,
        "Reconciled Cost Of Revenue": 281945000.0,
        "EBITDA": 98308000.0,
        "EBIT": 43756000.0,
        "Net Interest Income": -28399000.0,
        "Interest Expense": 34144000.0,
        "Interest Income": 5745000.0,
        "Normalized Income": 11940112.359551,
        "Net Income From Continuing And Discontinued Operation": 9180000.0,
        "Total Expenses": 393452000.0,
        "Rent Expense Supplemental": 258786000.0,
        "Total Operating Income As Reported": 38011000.0,
        "Diluted Average Shares": 246594000.0,
        "Basic Average Shares": 245810000.0,
        "Diluted EPS": 0.04,
        "Basic EPS": 0.04,
        "Diluted NI Availto Com Stockholders": 9180000.0,
        "Net Income Common Stockholders": 9180000.0,
        "Net Income": 9180000.0,
        "Net Income Including Noncontrolling Interests": 9180000.0,
        "Net Income Continuous Operations": 9180000.0,
        "Tax Provision": 432000.0,
        "Pretax Income": 9612000.0,
        "Other Income Expense": -2890000.0,
        "Special Income Charges": -2890000.0,
        "Restructuring And Mergern Acquisition": 2890000.0,
        "Net Non Operating Interest Income Expense": -28399000.0,
        "Total Other Finance Cost": NaN,
        "Interest Expense Non Operating": 34144000.0,
        "Interest Income Non Operating": 5745000.0,
        "Operating Income": 40901000.0,
        "Operating Expense": 66255000.0,
        "Depreciation Amortization Depletion Income Statement": 9300000.0,
        "Depreciation And Amortization In Income Statement": 9300000.0,
        "Amortization": 6698000.0,
        "Amortization Of Intangibles Income Statement": 6698000.0,
        "Depreciation Income Statement": 2602000.0,
        "Selling General And Administration": 56955000.0,
        "Gross Profit": 107156000.0,
        "Cost Of Revenue": 327197000.0,
        "Total Revenue": 434353000.0,
        "Operating Revenue": 434353000.0
    },
    "2023-12-31": {
        "Tax Effect Of Unusual Items": -923464.115753,
        "Tax Rate For Calcs": 0.225016,
        "Normalized EBITDA": 118186000.0,
        "Total Unusual Items": -4104000.0,
        "Total Unusual Items Excluding Goodwill": -4104000.0,
        "Net Income From Continuing Operation Net Minority Interest": 16122000.0,
        "Reconciled Depreciation": 56909000.0,
        "Reconciled Cost Of Revenue": 347838000.0,
        "EBITDA": 114082000.0,
        "EBIT": 57173000.0,
        "Net Interest Income": -32671000.0,
        "Interest Expense": 36370000.0,
        "Interest Income": NaN,
        "Normalized Income": 19302535.884247,
        "Net Income From Continuing And Discontinued Operation": 16122000.0,
        "Total Expenses": 464176000.0,
        "Rent Expense Supplemental": 324290000.0,
        "Total Operating Income As Reported": 53474000.0,
        "Diluted Average Shares": NaN,
        "Basic Average Shares": NaN,
        "Diluted EPS": NaN,
        "Basic EPS": NaN,
        "Diluted NI Availto Com Stockholders": 16122000.0,
        "Net Income Common Stockholders": 16122000.0,
        "Net Income": 16122000.0,
        "Net Income Including Noncontrolling Interests": 16122000.0,
        "Net Income Continuous Operations": 16122000.0,
        "Tax Provision": 4681000.0,
        "Pretax Income": 20803000.0,
        "Other Income Expense": -4104000.0,
        "Special Income Charges": -4104000.0,
        "Restructuring And Mergern Acquisition": 4104000.0,
        "Net Non Operating Interest Income Expense": -32671000.0,
        "Total Other Finance Cost": NaN,
        "Interest Expense Non Operating": 36370000.0,
        "Interest Income Non Operating": NaN,
        "Operating Income": 57578000.0,
        "Operating Expense": 69246000.0,
        "Depreciation Amortization Depletion Income Statement": 9817000.0,
        "Depreciation And Amortization In Income Statement": 9817000.0,
        "Amortization": 7134000.0,
        "Amortization Of Intangibles Income Statement": 7134000.0,
        "Depreciation Income Statement": 2683000.0,
        "Selling General And Administration": 59429000.0,
        "Gross Profit": 126824000.0,
        "Cost Of Revenue": 394930000.0,
        "Total Revenue": 521754000.0,
        "Operating Revenue": 521754000.0
    },
    "2024-03-31": {
        "Tax Effect Of Unusual Items": -581520.0,
        "Tax Rate For Calcs": 0.12,
        "Normalized EBITDA": 82638000.0,
        "Total Unusual Items": -4846000.0,
        "Total Unusual Items Excluding Goodwill": -4846000.0,
        "Net Income From Continuing Operation Net Minority Interest": -14335000.0,
        "Reconciled Depreciation": 56160000.0,
        "Reconciled Cost Of Revenue": 273936000.0,
        "EBITDA": 77792000.0,
        "EBIT": 21632000.0,
        "Net Interest Income": -34653000.0,
        "Interest Expense": 37915000.0,
        "Interest Income": NaN,
        "Normalized Income": -10070520.0,
        "Net Income From Continuing And Discontinued Operation": -14335000.0,
        "Total Expenses": 388091000.0,
        "Rent Expense Supplemental": 250625000.0,
        "Total Operating Income As Reported": 18370000.0,
        "Diluted Average Shares": 240364000.0,
        "Basic Average Shares": 240364000.0,
        "Diluted EPS": -0.06,
        "Basic EPS": -0.06,
        "Diluted NI Availto Com Stockholders": -14335000.0,
        "Net Income Common Stockholders": -14335000.0,
        "Net Income": -14335000.0,
        "Net Income Including Noncontrolling Interests": -14335000.0,
        "Net Income Continuous Operations": -14335000.0,
        "Tax Provision": -1948000.0,
        "Pretax Income": -16283000.0,
        "Other Income Expense": -4846000.0,
        "Special Income Charges": -4846000.0,
        "Restructuring And Mergern Acquisition": 4846000.0,
        "Net Non Operating Interest Income Expense": -34653000.0,
        "Total Other Finance Cost": -3262000.0,
        "Interest Expense Non Operating": 37915000.0,
        "Interest Income Non Operating": NaN,
        "Operating Income": 23216000.0,
        "Operating Expense": 67493000.0,
        "Depreciation Amortization Depletion Income Statement": 9498000.0,
        "Depreciation And Amortization In Income Statement": 9498000.0,
        "Amortization": 6578000.0,
        "Amortization Of Intangibles Income Statement": 6578000.0,
        "Depreciation Income Statement": 2920000.0,
        "Selling General And Administration": 57995000.0,
        "Gross Profit": 90709000.0,
        "Cost Of Revenue": 320598000.0,
        "Total Revenue": 411307000.0,
        "Operating Revenue": 411307000.0
    },
    "2024-06-30": {
        "Tax Effect Of Unusual Items": -1227240.0,
        "Tax Rate For Calcs": 0.21,
        "Normalized EBITDA": 84635000.0,
        "Total Unusual Items": -5844000.0,
        "Total Unusual Items Excluding Goodwill": -5844000.0,
        "Net Income From Continuing Operation Net Minority Interest": -24478000.0,
        "Reconciled Depreciation": 57798000.0,
        "Reconciled Cost Of Revenue": 286000000.0,
        "EBITDA": 78791000.0,
        "EBIT": 20993000.0,
        "Net Interest Income": -39082000.0,
        "Interest Expense": 42401000.0,
        "Interest Income": 3319000.0,
        "Normalized Income": -19861240.0,
        "Net Income From Continuing And Discontinued Operation": -24478000.0,
        "Total Expenses": 399495000.0,
        "Rent Expense Supplemental": 260613000.0,
        "Total Operating Income As Reported": 17674000.0,
        "Diluted Average Shares": 239727000.0,
        "Basic Average Shares": 239727000.0,
        "Diluted EPS": -0.1,
        "Basic EPS": -0.1,
        "Diluted NI Availto Com Stockholders": -24478000.0,
        "Net Income Common Stockholders": -24478000.0,
        "Net Income": -24478000.0,
        "Net Income Including Noncontrolling Interests": -24478000.0,
        "Net Income Continuous Operations": -24478000.0,
        "Tax Provision": 3070000.0,
        "Pretax Income": -21408000.0,
        "Other Income Expense": -5844000.0,
        "Special Income Charges": -5844000.0,
        "Restructuring And Mergern Acquisition": 5844000.0,
        "Net Non Operating Interest Income Expense": -39082000.0,
        "Total Other Finance Cost": NaN,
        "Interest Expense Non Operating": 42401000.0,
        "Interest Income Non Operating": 3319000.0,
        "Operating Income": 23518000.0,
        "Operating Expense": 65749000.0,
        "Depreciation Amortization Depletion Income Statement": 10052000.0,
        "Depreciation And Amortization In Income Statement": 10052000.0,
        "Amortization": 6692000.0,
        "Amortization Of Intangibles Income Statement": 6692000.0,
        "Depreciation Income Statement": 3360000.0,
        "Selling General And Administration": 55697000.0,
        "Gross Profit": 89267000.0,
        "Cost Of Revenue": 333746000.0,
        "Total Revenue": 423013000.0,
        "Operating Revenue": 423013000.0
    },
    "2024-09-30": {
        "Tax Effect Of Unusual Items": -133872.142064,
        "Tax Rate For Calcs": 0.033518,
        "Normalized EBITDA": 89162000.0,
        "Total Unusual Items": -3994000.0,
        "Total Unusual Items Excluding Goodwill": -3994000.0,
        "Net Income From Continuing Operation Net Minority Interest": -17416000.0,
        "Reconciled Depreciation": 59313000.0,
        "Reconciled Cost Of Revenue": 306246000.0,
        "EBITDA": 85168000.0,
        "EBIT": 25855000.0,
        "Net Interest Income": -41057000.0,
        "Interest Expense": 43875000.0,
        "Interest Income": 2818000.0,
        "Normalized Income": -13555872.142064,
        "Net Income From Continuing And Discontinued Operation": -17416000.0,
        "Total Expenses": 420189000.0,
        "Rent Expense Supplemental": 281426000.0,
        "Total Operating Income As Reported": 23037000.0,
        "Diluted Average Shares": 234438000.0,
        "Basic Average Shares": 234438000.0,
        "Diluted EPS": -0.07,
        "Basic EPS": -0.07,
        "Diluted NI Availto Com Stockholders": -17416000.0,
        "Net Income Common Stockholders": -17416000.0,
        "Net Income": -17416000.0,
        "Net Income Including Noncontrolling Interests": -17416000.0,
        "Net Income Continuous Operations": -17416000.0,
        "Tax Provision": -604000.0,
        "Pretax Income": -18020000.0,
        "Other Income Expense": -3994000.0,
        "Special Income Charges": -3994000.0,
        "Restructuring And Mergern Acquisition": 3994000.0,
        "Net Non Operating Interest Income Expense": -41057000.0,
        "Total Other Finance Cost": NaN,
        "Interest Expense Non Operating": 43875000.0,
        "Interest Income Non Operating": 2818000.0,
        "Operating Income": 27031000.0,
        "Operating Expense": 64798000.0,
        "Depreciation Amortization Depletion Income Statement": 10168000.0,
        "Depreciation And Amortization In Income Statement": 10168000.0,
        "Amortization": 6696000.0,
        "Amortization Of Intangibles Income Statement": 6696000.0,
        "Depreciation Income Statement": 3472000.0,
        "Selling General And Administration": 54630000.0,
        "Gross Profit": 91829000.0,
        "Cost Of Revenue": 355391000.0,
        "Total Revenue": 447220000.0,
        "Operating Revenue": 447220000.0
    }
}