{
    "2023-03-31": {
        "Tax Effect Of Unusual Items": NaN,
        "Tax Rate For Calcs": NaN,
        "Normalized EBITDA": NaN,
        "Total Unusual Items": NaN,
        "Total Unusual Items Excluding Goodwill": NaN,
        "Net Income From Continuing Operation Net Minority Interest": NaN,
        "Reconciled Depreciation": NaN,
        "Reconciled Cost Of Revenue": NaN,
        "EBITDA": NaN,
        "EBIT": NaN,
        "Net Interest Income": NaN,
        "Interest Expense": NaN,
        "Interest Income": NaN,
        "Normalized Income": NaN,
        "Net Income From Continuing And Discontinued Operation": NaN,
        "Total Expenses": NaN,
        "Total Operating Income As Reported": NaN,
        "Diluted Average Shares": NaN,
        "Basic Average Shares": NaN,
        "Diluted EPS": NaN,
        "Basic EPS": NaN,
        "Diluted NI Availto Com Stockholders": NaN,
        "Net Income Common Stockholders": NaN,
        "Otherunder Preferred Stock Dividend": NaN,
        "Net Income": NaN,
        "Net Income Including Noncontrolling Interests": NaN,
        "Net Income Continuous Operations": NaN,
        "Tax Provision": NaN,
        "Pretax Income": NaN,
        "Other Income Expense": NaN,
        "Special Income Charges": NaN,
        "Gain On Sale Of Ppe": NaN,
        "Restructuring And Mergern Acquisition": NaN,
        "Net Non Operating Interest Income Expense": NaN,
        "Total Other Finance Cost": NaN,
        "Interest Expense Non Operating": NaN,
        "Interest Income Non Operating": NaN,
        "Operating Income": NaN,
        "Operating Expense": NaN,
        "Other Operating Expenses": NaN,
        "Other Taxes": NaN,
        "Depreciation Amortization Depletion Income Statement": 366000000.0,
        "Depletion Income Statement": 337000000.0,
        "Depreciation And Amortization In Income Statement": 29000000.0,
        "Amortization": 12000000.0,
        "Amortization Of Intangibles Income Statement": 12000000.0,
        "Depreciation Income Statement": 17000000.0,
        "Selling General And Administration": NaN,
        "General And Administrative Expense": NaN,
        "Other Gand A": NaN,
        "Salaries And Wages": NaN,
        "Gross Profit": NaN,
        "Cost Of Revenue": NaN,
        "Total Revenue": NaN,
        "Operating Revenue": NaN
    },
    "2022-12-31": {
        "Tax Effect Of Unusual Items": NaN,
        "Tax Rate For Calcs": NaN,
        "Normalized EBITDA": NaN,
        "Total Unusual Items": NaN,
        "Total Unusual Items Excluding Goodwill": NaN,
        "Net Income From Continuing Operation Net Minority Interest": NaN,
        "Reconciled Depreciation": NaN,
        "Reconciled Cost Of Revenue": NaN,
        "EBITDA": NaN,
        "EBIT": NaN,
        "Net Interest Income": NaN,
        "Interest Expense": NaN,
        "Interest Income": NaN,
        "Normalized Income": NaN,
        "Net Income From Continuing And Discontinued Operation": NaN,
        "Total Expenses": NaN,
        "Total Operating Income As Reported": NaN,
        "Diluted Average Shares": NaN,
        "Basic Average Shares": NaN,
        "Diluted EPS": NaN,
        "Basic EPS": NaN,
        "Diluted NI Availto Com Stockholders": NaN,
        "Net Income Common Stockholders": NaN,
        "Otherunder Preferred Stock Dividend": NaN,
        "Net Income": NaN,
        "Net Income Including Noncontrolling Interests": NaN,
        "Net Income Continuous Operations": NaN,
        "Tax Provision": NaN,
        "Pretax Income": NaN,
        "Other Income Expense": NaN,
        "Special Income Charges": NaN,
        "Gain On Sale Of Ppe": NaN,
        "Other Special Charges": -2000000.0,
        "Restructuring And Mergern Acquisition": NaN,
        "Net Non Operating Interest Income Expense": NaN,
        "Total Other Finance Cost": NaN,
        "Interest Expense Non Operating": NaN,
        "Interest Income Non Operating": NaN,
        "Operating Income": NaN,
        "Operating Expense": NaN,
        "Other Operating Expenses": NaN,
        "Other Taxes": NaN,
        "Depreciation Amortization Depletion Income Statement": 437000000.0,
        "Depletion Income Statement": 388000000.0,
        "Depreciation And Amortization In Income Statement": 49000000.0,
        "Amortization": 11000000.0,
        "Amortization Of Intangibles Income Statement": 11000000.0,
        "Depreciation Income Statement": 38000000.0,
        "Selling General And Administration": NaN,
        "General And Administrative Expense": NaN,
        "Other Gand A": NaN,
        "Salaries And Wages": NaN,
        "Gross Profit": NaN,
        "Cost Of Revenue": NaN,
        "Total Revenue": NaN,
        "Operating Revenue": NaN
    },
    "2022-09-30": {
        "Tax Effect Of Unusual Items": NaN,
        "Tax Rate For Calcs": NaN,
        "Normalized EBITDA": NaN,
        "Total Unusual Items": NaN,
        "Total Unusual Items Excluding Goodwill": NaN,
        "Net Income From Continuing Operation Net Minority Interest": NaN,
        "Reconciled Depreciation": NaN,
        "Reconciled Cost Of Revenue": NaN,
        "EBITDA": NaN,
        "EBIT": NaN,
        "Net Interest Income": NaN,
        "Interest Expense": NaN,
        "Interest Income": NaN,
        "Normalized Income": NaN,
        "Net Income From Continuing And Discontinued Operation": NaN,
        "Total Expenses": NaN,
        "Total Operating Income As Reported": NaN,
        "Diluted Average Shares": NaN,
        "Basic Average Shares": NaN,
        "Diluted EPS": NaN,
        "Basic EPS": NaN,
        "Diluted NI Availto Com Stockholders": NaN,
        "Net Income Common Stockholders": NaN,
        "Otherunder Preferred Stock Dividend": NaN,
        "Net Income": NaN,
        "Net Income Including Noncontrolling Interests": NaN,
        "Net Income Continuous Operations": NaN,
        "Tax Provision": NaN,
        "Pretax Income": NaN,
        "Other Income Expense": NaN,
        "Special Income Charges": NaN,
        "Gain On Sale Of Ppe": NaN,
        "Other Special Charges": -26000000.0,
        "Restructuring And Mergern Acquisition": NaN,
        "Net Non Operating Interest Income Expense": NaN,
        "Total Other Finance Cost": NaN,
        "Interest Expense Non Operating": NaN,
        "Interest Income Non Operating": NaN,
        "Operating Income": NaN,
        "Operating Expense": NaN,
        "Other Operating Expenses": NaN,
        "Other Taxes": NaN,
        "Depreciation Amortization Depletion Income Statement": 420000000.0,
        "Depletion Income Statement": 391000000.0,
        "Depreciation And Amortization In Income Statement": 29000000.0,
        "Amortization": 11000000.0,
        "Amortization Of Intangibles Income Statement": 11000000.0,
        "Depreciation Income Statement": 18000000.0,
        "Selling General And Administration": NaN,
        "General And Administrative Expense": NaN,
        "Other Gand A": NaN,
        "Salaries And Wages": NaN,
        "Gross Profit": NaN,
        "Cost Of Revenue": NaN,
        "Total Revenue": NaN,
        "Operating Revenue": NaN
    },
    "2022-06-30": {
        "Tax Effect Of Unusual Items": -678211.586902,
        "Tax Rate For Calcs": 0.226071,
        "Normalized EBITDA": 2026000000.0,
        "Total Unusual Items": -3000000.0,
        "Total Unusual Items Excluding Goodwill": -3000000.0,
        "Net Income From Continuing Operation Net Minority Interest": 1229000000.0,
        "Reconciled Depreciation": 414000000.0,
        "Reconciled Cost Of Revenue": 768000000.0,
        "EBITDA": 2023000000.0,
        "EBIT": 1609000000.0,
        "Net Interest Income": -21000000.0,
        "Interest Expense": 21000000.0,
        "Interest Income": NaN,
        "Normalized Income": 1231321788.413098,
        "Net Income From Continuing And Discontinued Operation": 1229000000.0,
        "Total Expenses": 960000000.0,
        "Total Operating Income As Reported": 1609000000.0,
        "Diluted Average Shares": 803000000.0,
        "Basic Average Shares": 803000000.0,
        "Diluted EPS": 1.53,
        "Basic EPS": 1.53,
        "Diluted NI Availto Com Stockholders": 1229000000.0,
        "Net Income Common Stockholders": 1229000000.0,
        "Otherunder Preferred Stock Dividend": NaN,
        "Net Income": 1229000000.0,
        "Net Income Including Noncontrolling Interests": 1229000000.0,
        "Net Income Continuous Operations": 1229000000.0,
        "Tax Provision": 359000000.0,
        "Pretax Income": 1588000000.0,
        "Other Income Expense": -3000000.0,
        "Other Non Operating Income Expenses": NaN,
        "Special Income Charges": -3000000.0,
        "Gain On Sale Of Ppe": -3000000.0,
        "Other Special Charges": NaN,
        "Restructuring And Mergern Acquisition": 0.0,
        "Net Non Operating Interest Income Expense": -21000000.0,
        "Total Other Finance Cost": NaN,
        "Interest Expense Non Operating": 21000000.0,
        "Interest Income Non Operating": NaN,
        "Operating Income": 1612000000.0,
        "Operating Expense": 192000000.0,
        "Other Operating Expenses": 7000000.0,
        "Other Taxes": 98000000.0,
        "Depreciation Amortization Depletion Income Statement": NaN,
        "Depletion Income Statement": NaN,
        "Depreciation And Amortization In Income Statement": NaN,
        "Amortization": NaN,
        "Amortization Of Intangibles Income Statement": NaN,
        "Depreciation Income Statement": NaN,
        "Selling General And Administration": 87000000.0,
        "General And Administrative Expense": 87000000.0,
        "Other Gand A": 66000000.0,
        "Salaries And Wages": 21000000.0,
        "Gross Profit": 1804000000.0,
        "Cost Of Revenue": 768000000.0,
        "Total Revenue": 2572000000.0,
        "Operating Revenue": 2624000000.0
    },
    "2022-03-31": {
        "Diluted EPS": 0.74,
        "Total Revenue": NaN,
        "Gross Profit": NaN,
        "Operating Income": 799,
        "EBIT": NaN,
        "Net Income": 608
    },
    "2021-12-31": {
        "Diluted EPS": 1.74,
        "Total Revenue": NaN,
        "Gross Profit": NaN,
        "Operating Income": NaN,
        "EBIT": NaN,
        "Net Income": 935
    },
    "2021-09-30": {
        "Diluted EPS": 0.16,
        "Total Revenue": 440,
        "Gross Profit": 270,
        "Operating Income": 97,
        "EBIT": 195,
        "Net Income": 64
    },
    "2021-06-30": {
        "Diluted EPS": 0.08,
        "Total Revenue": 324,
        "Gross Profit": 175,
        "Operating Income": 54,
        "EBIT": 146,
        "Net Income": 30
    },
    "2021-03-31": {
        "Diluted EPS": 0.31,
        "Total Revenue": 460,
        "Gross Profit": 306,
        "Operating Income": 175,
        "EBIT": 270,
        "Net Income": 126
    },
    "2020-12-31": {
        "Diluted EPS": 0.33,
        "Total Revenue": 456,
        "Gross Profit": 293,
        "Operating Income": 163,
        "EBIT": 261,
        "Net Income": 132
    },
    "2020-09-30": {
        "Diluted EPS": -0.04,
        "Total Revenue": 291,
        "Gross Profit": 124,
        "Operating Income": -8,
        "EBIT": 93,
        "Net Income": -15
    },
    "2020-06-30": {
        "Diluted EPS": 0.08,
        "Total Revenue": 332,
        "Gross Profit": 180,
        "Operating Income": 54,
        "EBIT": 149,
        "Net Income": 30
    },
    "2020-03-31": {
        "Diluted EPS": 0.13,
        "Total Revenue": 386,
        "Gross Profit": 226,
        "Operating Income": 86,
        "EBIT": 187,
        "Net Income": 54
    },
    "2019-12-31": {
        "Diluted EPS": 0.36,
        "Total Revenue": 461,
        "Gross Profit": 289,
        "Operating Income": 222,
        "EBIT": 330,
        "Net Income": 147
    },
    "2019-09-30": {
        "Diluted EPS": 0.22,
        "Total Revenue": 429,
        "Gross Profit": 264,
        "Operating Income": 130,
        "EBIT": 241,
        "Net Income": 90
    },
    "2019-06-30": {
        "Diluted EPS": 0.43,
        "Total Revenue": 534,
        "Gross Profit": 374,
        "Operating Income": 251,
        "EBIT": 348,
        "Net Income": 181
    },
    "2019-03-31": {
        "Diluted EPS": 0.62,
        "Total Revenue": 642,
        "Gross Profit": 486,
        "Operating Income": 353,
        "EBIT": 446,
        "Net Income": 263
    },
    "2018-12-31": {
        "Diluted EPS": 0.62,
        "Total Revenue": 716,
        "Gross Profit": 553,
        "Operating Income": 341,
        "EBIT": 471,
        "Net Income": 275
    },
    "2018-09-30": {
        "Diluted EPS": 0.28,
        "Total Revenue": 545,
        "Gross Profit": 305,
        "Operating Income": 176,
        "EBIT": 298,
        "Net Income": 122
    },
    "2018-06-30": {
        "Diluted EPS": 0.09,
        "Total Revenue": 453,
        "Gross Profit": 244,
        "Operating Income": 78,
        "EBIT": 164,
        "Net Income": 42
    },
    "2018-03-31": {
        "Diluted EPS": 0.25,
        "Total Revenue": 473,
        "Gross Profit": 336,
        "Operating Income": 177,
        "EBIT": 260,
        "Net Income": 117
    },
    "2017-12-31": {
        "Diluted EPS": -0.1,
        "Total Revenue": 401,
        "Gross Profit": 252,
        "Operating Income": -439,
        "EBIT": -294,
        "Net Income": -44
    },
    "2017-09-30": {
        "Diluted EPS": 0.04,
        "Total Revenue": 385,
        "Gross Profit": 238,
        "Operating Income": 40,
        "EBIT": 187,
        "Net Income": 18
    },
    "2017-06-30": {
        "Diluted EPS": 0.05,
        "Total Revenue": 460,
        "Gross Profit": 309,
        "Operating Income": 57,
        "EBIT": 203,
        "Net Income": 22
    },
    "2017-03-31": {
        "Diluted EPS": 0.23,
        "Total Revenue": 518,
        "Gross Profit": 366,
        "Operating Income": 190,
        "EBIT": 326,
        "Net Income": 106
    },
    "2016-12-31": {
        "Diluted EPS": -0.63,
        "Total Revenue": 316,
        "Gross Profit": 176,
        "Operating Income": -443,
        "EBIT": -301,
        "Net Income": -293
    },
    "2016-09-30": {
        "Diluted EPS": -0.02,
        "Total Revenue": 310,
        "Gross Profit": 177,
        "Operating Income": 4,
        "EBIT": 144,
        "Net Income": -10
    },
    "2016-06-30": {
        "Diluted EPS": -0.14,
        "Total Revenue": 247,
        "Gross Profit": 111,
        "Operating Income": -70,
        "EBIT": 79,
        "Net Income": -63
    },
    "2016-03-31": {
        "Diluted EPS": -0.12,
        "Total Revenue": 282,
        "Gross Profit": 144,
        "Operating Income": -55,
        "EBIT": 108,
        "Net Income": -51
    },
    "2015-12-31": {
        "Diluted EPS": -0.27,
        "Total Revenue": 281,
        "Gross Profit": 138,
        "Operating Income": -156,
        "EBIT": -5,
        "Net Income": -111
    },
    "2015-09-30": {
        "Diluted EPS": -0.04,
        "Total Revenue": 305,
        "Gross Profit": 165,
        "Operating Income": -1,
        "EBIT": 144,
        "Net Income": -16
    },
    "2015-06-30": {
        "Diluted EPS": -0.07,
        "Total Revenue": 306,
        "Gross Profit": 169,
        "Operating Income": -19,
        "EBIT": 135,
        "Net Income": -28
    },
    "2015-03-31": {
        "Diluted EPS": 0.1,
        "Total Revenue": 465,
        "Gross Profit": 304,
        "Operating Income": 87,
        "EBIT": 264,
        "Net Income": 40
    },
    "2014-12-31": {
        "Diluted EPS": -0.53,
        "Total Revenue": 618,
        "Gross Profit": 475,
        "Operating Income": -489,
        "EBIT": -314,
        "Net Income": -222
    },
    "2014-09-30": {
        "Diluted EPS": 0.24,
        "Total Revenue": 512,
        "Gross Profit": 383,
        "Operating Income": 190,
        "EBIT": 345,
        "Net Income": 101
    },
    "2014-06-30": {
        "Diluted EPS": 0.28,
        "Total Revenue": 533,
        "Gross Profit": 407,
        "Operating Income": 211,
        "EBIT": 369,
        "Net Income": 118
    },
    "2014-03-31": {
        "Diluted EPS": 0.26,
        "Total Revenue": 510,
        "Gross Profit": 384,
        "Operating Income": 194,
        "EBIT": 343,
        "Net Income": 107
    },
    "2013-12-31": {
        "Diluted EPS": 0.18,
        "Total Revenue": 487,
        "Gross Profit": 369,
        "Operating Income": 168,
        "EBIT": 351,
        "Net Income": 78
    },
    "2013-09-30": {
        "Diluted EPS": 0.17,
        "Total Revenue": 436,
        "Gross Profit": 336,
        "Operating Income": 132,
        "EBIT": 302,
        "Net Income": 70
    },
    "2013-06-30": {
        "Diluted EPS": 0.21,
        "Total Revenue": 450,
        "Gross Profit": 353,
        "Operating Income": 165,
        "EBIT": 317,
        "Net Income": 89
    },
    "2013-03-31": {
        "Diluted EPS": 0.1,
        "Total Revenue": 373,
        "Gross Profit": 287,
        "Operating Income": 87,
        "EBIT": 237,
        "Net Income": 43
    },
    "2012-12-31": {
        "Diluted EPS": 0.09,
        "Total Revenue": 370,
        "Gross Profit": 283,
        "Operating Income": 106,
        "EBIT": 223,
        "Net Income": 41
    },
    "2012-09-30": {
        "Diluted EPS": 0.09,
        "Total Revenue": 297,
        "Gross Profit": 230,
        "Operating Income": 76,
        "EBIT": 187,
        "Net Income": 37
    },
    "2012-06-30": {
        "Diluted EPS": 0.09,
        "Total Revenue": 266,
        "Gross Profit": 199,
        "Operating Income": 78,
        "EBIT": 195,
        "Net Income": 36
    },
    "2012-03-31": {
        "Diluted EPS": 0.05,
        "Total Revenue": 272,
        "Gross Profit": 203,
        "Operating Income": 47,
        "EBIT": 158,
        "Net Income": 18
    },
    "2011-12-31": {
        "Diluted EPS": 0.06,
        "Total Revenue": 268,
        "Gross Profit": 202,
        "Operating Income": 99,
        "EBIT": 192,
        "Net Income": 26
    },
    "2011-09-30": {
        "Diluted EPS": 0.07,
        "Total Revenue": 262,
        "Gross Profit": 207,
        "Operating Income": 65,
        "EBIT": 157,
        "Net Income": 28
    },
    "2011-06-30": {
        "Diluted EPS": 0.13,
        "Total Revenue": 241,
        "Gross Profit": 192,
        "Operating Income": 107,
        "EBIT": 191,
        "Net Income": 55
    },
    "2011-03-31": {
        "Diluted EPS": 0.03,
        "Total Revenue": 209,
        "Gross Profit": 154,
        "Operating Income": 36,
        "EBIT": 115,
        "Net Income": 13
    },
    "2010-12-31": {
        "Diluted EPS": 0.12,
        "Total Revenue": 222,
        "Gross Profit": 178,
        "Operating Income": 132,
        "EBIT": 218,
        "Net Income": 49
    },
    "2010-09-30": {
        "Diluted EPS": 0.01,
        "Total Revenue": 224,
        "Gross Profit": 182,
        "Operating Income": 22,
        "EBIT": 114,
        "Net Income": 4
    },
    "2010-06-30": {
        "Diluted EPS": 0.05,
        "Total Revenue": 200,
        "Gross Profit": 159,
        "Operating Income": 52,
        "EBIT": 130,
        "Net Income": 22
    },
    "2010-03-31": {
        "Diluted EPS": 0.07,
        "Total Revenue": 216,
        "Gross Profit": 168,
        "Operating Income": 61,
        "EBIT": 135,
        "Net Income": 29
    },
    "2009-12-31": {
        "Diluted EPS": 0.09,
        "Total Revenue": 247,
        "Gross Profit": 192,
        "Operating Income": 63,
        "EBIT": 129,
        "Net Income": 36
    },
    "2009-09-30": {
        "Diluted EPS": 0.09,
        "Total Revenue": 207,
        "Gross Profit": 176,
        "Operating Income": 75,
        "EBIT": 153,
        "Net Income": 39
    },
    "2009-06-30": {
        "Diluted EPS": 0.06,
        "Total Revenue": 205,
        "Gross Profit": 171,
        "Operating Income": 54,
        "EBIT": 109,
        "Net Income": 26
    },
    "2009-03-31": {
        "Diluted EPS": 0.12,
        "Total Revenue": 234,
        "Gross Profit": 179,
        "Operating Income": 90,
        "EBIT": 146,
        "Net Income": 48
    },
    "2023-06-30": {
        "Tax Effect Of Unusual Items": NaN,
        "Tax Rate For Calcs": NaN,
        "Normalized EBITDA": NaN,
        "Total Unusual Items": NaN,
        "Total Unusual Items Excluding Goodwill": NaN,
        "Net Income From Continuing Operation Net Minority Interest": NaN,
        "Reconciled Depreciation": NaN,
        "Reconciled Cost Of Revenue": NaN,
        "EBITDA": NaN,
        "EBIT": NaN,
        "Net Interest Income": NaN,
        "Interest Expense": NaN,
        "Interest Income": NaN,
        "Normalized Income": NaN,
        "Net Income From Continuing And Discontinued Operation": NaN,
        "Total Expenses": NaN,
        "Total Operating Income As Reported": NaN,
        "Diluted Average Shares": NaN,
        "Basic Average Shares": NaN,
        "Diluted EPS": NaN,
        "Basic EPS": NaN,
        "Diluted NI Availto Com Stockholders": NaN,
        "Net Income Common Stockholders": NaN,
        "Otherunder Preferred Stock Dividend": NaN,
        "Net Income": NaN,
        "Net Income Including Noncontrolling Interests": NaN,
        "Net Income Continuous Operations": NaN,
        "Tax Provision": NaN,
        "Pretax Income": NaN,
        "Other Income Expense": -3000000.0,
        "Special Income Charges": NaN,
        "Gain On Sale Of Ppe": NaN,
        "Restructuring And Mergern Acquisition": NaN,
        "Net Non Operating Interest Income Expense": NaN,
        "Total Other Finance Cost": NaN,
        "Interest Expense Non Operating": NaN,
        "Interest Income Non Operating": NaN,
        "Operating Income": NaN,
        "Operating Expense": NaN,
        "Other Operating Expenses": NaN,
        "Other Taxes": NaN,
        "Depreciation Amortization Depletion Income Statement": 393000000.0,
        "Depletion Income Statement": 362000000.0,
        "Depreciation And Amortization In Income Statement": 31000000.0,
        "Amortization": 12000000.0,
        "Amortization Of Intangibles Income Statement": 12000000.0,
        "Depreciation Income Statement": 19000000.0,
        "Selling General And Administration": NaN,
        "General And Administrative Expense": NaN,
        "Other Gand A": NaN,
        "Salaries And Wages": NaN,
        "Gross Profit": NaN,
        "Cost Of Revenue": NaN,
        "Total Revenue": NaN,
        "Operating Revenue": NaN
    },
    "2023-09-30": {
        "Tax Effect Of Unusual Items": 1760000.0,
        "Tax Rate For Calcs": 0.22,
        "Normalized EBITDA": 847000000.0,
        "Total Unusual Items": 8000000.0,
        "Total Unusual Items Excluding Goodwill": 8000000.0,
        "Net Income From Continuing Operation Net Minority Interest": 323000000.0,
        "Reconciled Depreciation": 418000000.0,
        "Reconciled Cost Of Revenue": 790000000.0,
        "EBITDA": 855000000.0,
        "EBIT": 437000000.0,
        "Net Interest Income": -7000000.0,
        "Interest Expense": 20000000.0,
        "Interest Income": 14000000.0,
        "Normalized Income": 316760000.0,
        "Net Income From Continuing And Discontinued Operation": 323000000.0,
        "Total Expenses": 940000000.0,
        "Total Operating Income As Reported": 424000000.0,
        "Diluted Average Shares": 753000000.0,
        "Basic Average Shares": 753000000.0,
        "Diluted EPS": 0.43,
        "Basic EPS": 0.43,
        "Diluted NI Availto Com Stockholders": 322000000.0,
        "Net Income Common Stockholders": 322000000.0,
        "Otherunder Preferred Stock Dividend": 1000000.0,
        "Net Income": 323000000.0,
        "Net Income Including Noncontrolling Interests": 323000000.0,
        "Net Income Continuous Operations": 323000000.0,
        "Tax Provision": 94000000.0,
        "Pretax Income": 417000000.0,
        "Other Income Expense": 8000000.0,
        "Special Income Charges": 8000000.0,
        "Gain On Sale Of Ppe": 7000000.0,
        "Restructuring And Mergern Acquisition": -1000000.0,
        "Net Non Operating Interest Income Expense": -7000000.0,
        "Total Other Finance Cost": 1000000.0,
        "Interest Expense Non Operating": 20000000.0,
        "Interest Income Non Operating": 14000000.0,
        "Operating Income": 416000000.0,
        "Operating Expense": 150000000.0,
        "Other Operating Expenses": 8000000.0,
        "Other Taxes": 62000000.0,
        "Depreciation Amortization Depletion Income Statement": 418000000.0,
        "Depletion Income Statement": 387000000.0,
        "Depreciation And Amortization In Income Statement": 31000000.0,
        "Amortization": 12000000.0,
        "Amortization Of Intangibles Income Statement": 12000000.0,
        "Depreciation Income Statement": 19000000.0,
        "Selling General And Administration": 80000000.0,
        "General And Administrative Expense": 80000000.0,
        "Other Gand A": 59000000.0,
        "Salaries And Wages": 21000000.0,
        "Gross Profit": 566000000.0,
        "Cost Of Revenue": 790000000.0,
        "Total Revenue": 1356000000.0,
        "Operating Revenue": 1335000000.0
    },
    "2023-12-31": {
        "Tax Effect Of Unusual Items": -537785.588752,
        "Tax Rate For Calcs": 0.268893,
        "Normalized EBITDA": 1064000000.0,
        "Total Unusual Items": -2000000.0,
        "Total Unusual Items Excluding Goodwill": -2000000.0,
        "Net Income From Continuing Operation Net Minority Interest": 416000000.0,
        "Reconciled Depreciation": 464000000.0,
        "Reconciled Cost Of Revenue": 871000000.0,
        "EBITDA": 1062000000.0,
        "EBIT": 598000000.0,
        "Net Interest Income": -8000000.0,
        "Interest Expense": 29000000.0,
        "Interest Income": 21000000.0,
        "Normalized Income": 417462214.411248,
        "Net Income From Continuing And Discontinued Operation": 416000000.0,
        "Total Expenses": 1017000000.0,
        "Total Operating Income As Reported": 577000000.0,
        "Diluted Average Shares": 751000000.0,
        "Basic Average Shares": 751000000.0,
        "Diluted EPS": 0.55,
        "Basic EPS": 0.55,
        "Diluted NI Availto Com Stockholders": 415000000.0,
        "Net Income Common Stockholders": 415000000.0,
        "Otherunder Preferred Stock Dividend": 1000000.0,
        "Net Income": 416000000.0,
        "Net Income Including Noncontrolling Interests": 416000000.0,
        "Net Income Continuous Operations": 416000000.0,
        "Tax Provision": 153000000.0,
        "Pretax Income": 569000000.0,
        "Other Income Expense": NaN,
        "Special Income Charges": -2000000.0,
        "Gain On Sale Of Ppe": 0.0,
        "Restructuring And Mergern Acquisition": 2000000.0,
        "Net Non Operating Interest Income Expense": -8000000.0,
        "Total Other Finance Cost": 0.0,
        "Interest Expense Non Operating": 29000000.0,
        "Interest Income Non Operating": 21000000.0,
        "Operating Income": 579000000.0,
        "Operating Expense": 146000000.0,
        "Other Operating Expenses": -2000000.0,
        "Other Taxes": 72000000.0,
        "Depreciation Amortization Depletion Income Statement": NaN,
        "Depletion Income Statement": NaN,
        "Depreciation And Amortization In Income Statement": NaN,
        "Amortization": NaN,
        "Amortization Of Intangibles Income Statement": NaN,
        "Depreciation Income Statement": NaN,
        "Selling General And Administration": 76000000.0,
        "General And Administrative Expense": 76000000.0,
        "Other Gand A": 61000000.0,
        "Salaries And Wages": 15000000.0,
        "Gross Profit": 725000000.0,
        "Cost Of Revenue": 871000000.0,
        "Total Revenue": 1596000000.0,
        "Operating Revenue": 1463000000.0
    },
    "2024-03-31": {
        "Tax Effect Of Unusual Items": -190000.0,
        "Tax Rate For Calcs": 0.19,
        "Normalized EBITDA": 890000000.0,
        "Total Unusual Items": -1000000.0,
        "Total Unusual Items Excluding Goodwill": -1000000.0,
        "Net Income From Continuing Operation Net Minority Interest": 352000000.0,
        "Reconciled Depreciation": 429000000.0,
        "Reconciled Cost Of Revenue": 835000000.0,
        "EBITDA": 889000000.0,
        "EBIT": 460000000.0,
        "Net Interest Income": -3000000.0,
        "Interest Expense": 23000000.0,
        "Interest Income": 21000000.0,
        "Normalized Income": 352810000.0,
        "Net Income From Continuing And Discontinued Operation": 352000000.0,
        "Total Expenses": 992000000.0,
        "Total Operating Income As Reported": 440000000.0,
        "Diluted Average Shares": 750000000.0,
        "Basic Average Shares": 750000000.0,
        "Diluted EPS": 0.47,
        "Basic EPS": 0.47,
        "Diluted NI Availto Com Stockholders": 352000000.0,
        "Net Income Common Stockholders": 352000000.0,
        "Otherunder Preferred Stock Dividend": 0.0,
        "Net Income": 352000000.0,
        "Net Income Including Noncontrolling Interests": 352000000.0,
        "Net Income Continuous Operations": 352000000.0,
        "Tax Provision": 85000000.0,
        "Pretax Income": 437000000.0,
        "Other Income Expense": -1000000.0,
        "Special Income Charges": -1000000.0,
        "Gain On Sale Of Ppe": -1000000.0,
        "Restructuring And Mergern Acquisition": 0.0,
        "Net Non Operating Interest Income Expense": -3000000.0,
        "Total Other Finance Cost": 1000000.0,
        "Interest Expense Non Operating": 23000000.0,
        "Interest Income Non Operating": 21000000.0,
        "Operating Income": 441000000.0,
        "Operating Expense": 157000000.0,
        "Other Operating Expenses": 8000000.0,
        "Other Taxes": 74000000.0,
        "Depreciation Amortization Depletion Income Statement": NaN,
        "Depletion Income Statement": NaN,
        "Depreciation And Amortization In Income Statement": NaN,
        "Amortization": NaN,
        "Amortization Of Intangibles Income Statement": NaN,
        "Depreciation Income Statement": NaN,
        "Selling General And Administration": 75000000.0,
        "General And Administrative Expense": 75000000.0,
        "Other Gand A": 62000000.0,
        "Salaries And Wages": 13000000.0,
        "Gross Profit": 598000000.0,
        "Cost Of Revenue": 835000000.0,
        "Total Revenue": 1433000000.0,
        "Operating Revenue": 1412000000.0
    },
    "2024-06-30": {
        "Tax Effect Of Unusual Items": 216000.0,
        "Tax Rate For Calcs": 0.216,
        "Normalized EBITDA": 763000000.0,
        "Total Unusual Items": 1000000.0,
        "Total Unusual Items Excluding Goodwill": 1000000.0,
        "Net Income From Continuing Operation Net Minority Interest": 220000000.0,
        "Reconciled Depreciation": 444000000.0,
        "Reconciled Cost Of Revenue": 846000000.0,
        "EBITDA": 764000000.0,
        "EBIT": 320000000.0,
        "Net Interest Income": -15000000.0,
        "Interest Expense": 39000000.0,
        "Interest Income": 25000000.0,
        "Normalized Income": 219216000.0,
        "Net Income From Continuing And Discontinued Operation": 220000000.0,
        "Total Expenses": 976000000.0,
        "Total Operating Income As Reported": 296000000.0,
        "Diluted Average Shares": 742000000.0,
        "Basic Average Shares": 742000000.0,
        "Diluted EPS": 0.3,
        "Basic EPS": 0.3,
        "Diluted NI Availto Com Stockholders": 219000000.0,
        "Net Income Common Stockholders": 219000000.0,
        "Otherunder Preferred Stock Dividend": 1000000.0,
        "Net Income": 220000000.0,
        "Net Income Including Noncontrolling Interests": 220000000.0,
        "Net Income Continuous Operations": 220000000.0,
        "Tax Provision": 61000000.0,
        "Pretax Income": 281000000.0,
        "Other Income Expense": 1000000.0,
        "Special Income Charges": 1000000.0,
        "Gain On Sale Of Ppe": 1000000.0,
        "Restructuring And Mergern Acquisition": 0.0,
        "Net Non Operating Interest Income Expense": -15000000.0,
        "Total Other Finance Cost": 1000000.0,
        "Interest Expense Non Operating": 39000000.0,
        "Interest Income Non Operating": 25000000.0,
        "Operating Income": 295000000.0,
        "Operating Expense": 130000000.0,
        "Other Operating Expenses": 8000000.0,
        "Other Taxes": 54000000.0,
        "Depreciation Amortization Depletion Income Statement": NaN,
        "Depletion Income Statement": NaN,
        "Depreciation And Amortization In Income Statement": NaN,
        "Amortization": NaN,
        "Amortization Of Intangibles Income Statement": NaN,
        "Depreciation Income Statement": NaN,
        "Selling General And Administration": 68000000.0,
        "General And Administrative Expense": 68000000.0,
        "Other Gand A": 52000000.0,
        "Salaries And Wages": 16000000.0,
        "Gross Profit": 425000000.0,
        "Cost Of Revenue": 846000000.0,
        "Total Revenue": 1271000000.0,
        "Operating Revenue": 1269000000.0
    },
    "2024-09-30": {
        "Tax Effect Of Unusual Items": 630094.043887,
        "Tax Rate For Calcs": 0.210031,
        "Normalized EBITDA": 817000000.0,
        "Total Unusual Items": 3000000.0,
        "Total Unusual Items Excluding Goodwill": 3000000.0,
        "Net Income From Continuing Operation Net Minority Interest": 252000000.0,
        "Reconciled Depreciation": 473000000.0,
        "Reconciled Cost Of Revenue": 883000000.0,
        "EBITDA": 820000000.0,
        "EBIT": 347000000.0,
        "Net Interest Income": -8000000.0,
        "Interest Expense": 28000000.0,
        "Interest Income": 21000000.0,
        "Normalized Income": 249630094.043887,
        "Net Income From Continuing And Discontinued Operation": 252000000.0,
        "Total Expenses": 1035000000.0,
        "Total Operating Income As Reported": 327000000.0,
        "Diluted Average Shares": 738000000.0,
        "Basic Average Shares": 738000000.0,
        "Diluted EPS": 0.34,
        "Basic EPS": 0.34,
        "Diluted NI Availto Com Stockholders": 251000000.0,
        "Net Income Common Stockholders": 251000000.0,
        "Otherunder Preferred Stock Dividend": 1000000.0,
        "Net Income": 252000000.0,
        "Net Income Including Noncontrolling Interests": 252000000.0,
        "Net Income Continuous Operations": 252000000.0,
        "Tax Provision": 67000000.0,
        "Pretax Income": 319000000.0,
        "Other Income Expense": 3000000.0,
        "Special Income Charges": 3000000.0,
        "Gain On Sale Of Ppe": 3000000.0,
        "Restructuring And Mergern Acquisition": 0.0,
        "Net Non Operating Interest Income Expense": -8000000.0,
        "Total Other Finance Cost": 1000000.0,
        "Interest Expense Non Operating": 28000000.0,
        "Interest Income Non Operating": 21000000.0,
        "Operating Income": 324000000.0,
        "Operating Expense": 152000000.0,
        "Other Operating Expenses": 11000000.0,
        "Other Taxes": 66000000.0,
        "Depreciation Amortization Depletion Income Statement": NaN,
        "Depletion Income Statement": NaN,
        "Depreciation And Amortization In Income Statement": NaN,
        "Amortization": NaN,
        "Amortization Of Intangibles Income Statement": NaN,
        "Depreciation Income Statement": NaN,
        "Selling General And Administration": 75000000.0,
        "General And Administrative Expense": 75000000.0,
        "Other Gand A": 61000000.0,
        "Salaries And Wages": 14000000.0,
        "Gross Profit": 476000000.0,
        "Cost Of Revenue": 883000000.0,
        "Total Revenue": 1359000000.0,
        "Operating Revenue": 1271000000.0
    }
}