{
    "2023-04-30": {
        "Tax Effect Of Unusual Items": NaN,
        "Tax Rate For Calcs": NaN,
        "Normalized EBITDA": NaN,
        "Total Unusual Items": NaN,
        "Total Unusual Items Excluding Goodwill": NaN,
        "Net Income From Continuing Operation Net Minority Interest": NaN,
        "Reconciled Depreciation": NaN,
        "Reconciled Cost Of Revenue": NaN,
        "EBITDA": NaN,
        "EBIT": NaN,
        "Net Interest Income": NaN,
        "Interest Expense": NaN,
        "Interest Income": NaN,
        "Normalized Income": NaN,
        "Net Income From Continuing And Discontinued Operation": NaN,
        "Total Expenses": NaN,
        "Total Operating Income As Reported": NaN,
        "Diluted Average Shares": NaN,
        "Basic Average Shares": NaN,
        "Diluted EPS": NaN,
        "Basic EPS": NaN,
        "Diluted NI Availto Com Stockholders": NaN,
        "Net Income Common Stockholders": NaN,
        "Net Income": NaN,
        "Net Income Including Noncontrolling Interests": NaN,
        "Net Income Continuous Operations": NaN,
        "Tax Provision": NaN,
        "Pretax Income": NaN,
        "Other Income Expense": NaN,
        "Special Income Charges": NaN,
        "Gain On Sale Of Ppe": 0.0,
        "Write Off": NaN,
        "Impairment Of Capital Assets": NaN,
        "Net Non Operating Interest Income Expense": NaN,
        "Interest Expense Non Operating": NaN,
        "Interest Income Non Operating": NaN,
        "Operating Income": NaN,
        "Operating Expense": NaN,
        "Depreciation Amortization Depletion Income Statement": NaN,
        "Depreciation And Amortization In Income Statement": NaN,
        "Depreciation Income Statement": NaN,
        "Selling General And Administration": NaN,
        "Gross Profit": NaN,
        "Cost Of Revenue": NaN,
        "Total Revenue": NaN,
        "Operating Revenue": NaN
    },
    "2023-01-31": {
        "Tax Effect Of Unusual Items": NaN,
        "Tax Rate For Calcs": NaN,
        "Normalized EBITDA": NaN,
        "Total Unusual Items": NaN,
        "Total Unusual Items Excluding Goodwill": NaN,
        "Net Income From Continuing Operation Net Minority Interest": NaN,
        "Reconciled Depreciation": NaN,
        "Reconciled Cost Of Revenue": NaN,
        "EBITDA": NaN,
        "EBIT": NaN,
        "Net Interest Income": NaN,
        "Interest Expense": NaN,
        "Interest Income": NaN,
        "Normalized Income": NaN,
        "Net Income From Continuing And Discontinued Operation": NaN,
        "Total Expenses": NaN,
        "Total Operating Income As Reported": NaN,
        "Diluted Average Shares": NaN,
        "Basic Average Shares": NaN,
        "Diluted EPS": NaN,
        "Basic EPS": NaN,
        "Diluted NI Availto Com Stockholders": NaN,
        "Net Income Common Stockholders": NaN,
        "Net Income": NaN,
        "Net Income Including Noncontrolling Interests": NaN,
        "Net Income Continuous Operations": NaN,
        "Tax Provision": NaN,
        "Pretax Income": NaN,
        "Other Income Expense": 0.0,
        "Special Income Charges": NaN,
        "Gain On Sale Of Ppe": 0.0,
        "Write Off": NaN,
        "Impairment Of Capital Assets": NaN,
        "Net Non Operating Interest Income Expense": NaN,
        "Interest Expense Non Operating": NaN,
        "Interest Income Non Operating": NaN,
        "Operating Income": NaN,
        "Operating Expense": NaN,
        "Depreciation Amortization Depletion Income Statement": NaN,
        "Depreciation And Amortization In Income Statement": NaN,
        "Depreciation Income Statement": NaN,
        "Selling General And Administration": NaN,
        "Gross Profit": NaN,
        "Cost Of Revenue": NaN,
        "Total Revenue": NaN,
        "Operating Revenue": NaN
    },
    "2022-10-31": {
        "Tax Effect Of Unusual Items": NaN,
        "Tax Rate For Calcs": NaN,
        "Normalized EBITDA": NaN,
        "Total Unusual Items": 29168000.0,
        "Total Unusual Items Excluding Goodwill": 29168000.0,
        "Net Income From Continuing Operation Net Minority Interest": NaN,
        "Reconciled Depreciation": NaN,
        "Reconciled Cost Of Revenue": NaN,
        "EBITDA": NaN,
        "EBIT": NaN,
        "Net Interest Income": NaN,
        "Interest Expense": NaN,
        "Interest Income": NaN,
        "Normalized Income": NaN,
        "Net Income From Continuing And Discontinued Operation": NaN,
        "Total Expenses": NaN,
        "Total Operating Income As Reported": NaN,
        "Diluted Average Shares": NaN,
        "Basic Average Shares": NaN,
        "Diluted EPS": NaN,
        "Basic EPS": NaN,
        "Diluted NI Availto Com Stockholders": NaN,
        "Net Income Common Stockholders": NaN,
        "Net Income": NaN,
        "Net Income Including Noncontrolling Interests": NaN,
        "Net Income Continuous Operations": NaN,
        "Tax Provision": NaN,
        "Pretax Income": NaN,
        "Other Income Expense": 29168000.0,
        "Special Income Charges": 29168000.0,
        "Gain On Sale Of Ppe": 29168000.0,
        "Write Off": 0.0,
        "Net Non Operating Interest Income Expense": NaN,
        "Interest Expense Non Operating": NaN,
        "Interest Income Non Operating": NaN,
        "Operating Income": NaN,
        "Operating Expense": NaN,
        "Depreciation Amortization Depletion Income Statement": NaN,
        "Depreciation And Amortization In Income Statement": NaN,
        "Depreciation Income Statement": NaN,
        "Selling General And Administration": NaN,
        "Gross Profit": NaN,
        "Cost Of Revenue": NaN,
        "Total Revenue": NaN,
        "Operating Revenue": NaN
    },
    "2022-07-31": {
        "Tax Effect Of Unusual Items": 0.0,
        "Tax Rate For Calcs": 0.255432,
        "Normalized EBITDA": 1944000.0,
        "Total Unusual Items": 0.0,
        "Total Unusual Items Excluding Goodwill": 0.0,
        "Net Income From Continuing Operation Net Minority Interest": -2536000.0,
        "Reconciled Depreciation": 5272000.0,
        "Reconciled Cost Of Revenue": 114589000.0,
        "EBITDA": 1944000.0,
        "EBIT": -3328000.0,
        "Net Interest Income": -76000.0,
        "Interest Expense": 78000.0,
        "Interest Income": 2000.0,
        "Normalized Income": -2536000.0,
        "Net Income From Continuing And Discontinued Operation": -2536000.0,
        "Total Expenses": 188342000.0,
        "Total Operating Income As Reported": -3330000.0,
        "Diluted Average Shares": 8165000.0,
        "Basic Average Shares": 8165000.0,
        "Diluted EPS": -0.31,
        "Basic EPS": -0.31,
        "Diluted NI Availto Com Stockholders": -2536000.0,
        "Net Income Common Stockholders": -2536000.0,
        "Net Income": -2536000.0,
        "Net Income Including Noncontrolling Interests": -2536000.0,
        "Net Income Continuous Operations": -2536000.0,
        "Tax Provision": -870000.0,
        "Pretax Income": -3406000.0,
        "Other Income Expense": NaN,
        "Special Income Charges": 0.0,
        "Gain On Sale Of Ppe": NaN,
        "Write Off": 0.0,
        "Net Non Operating Interest Income Expense": -76000.0,
        "Interest Expense Non Operating": 78000.0,
        "Interest Income Non Operating": 2000.0,
        "Operating Income": -3330000.0,
        "Operating Expense": 73753000.0,
        "Depreciation Amortization Depletion Income Statement": 5272000.0,
        "Depreciation And Amortization In Income Statement": 5272000.0,
        "Depreciation Income Statement": 5272000.0,
        "Selling General And Administration": 68481000.0,
        "Gross Profit": 70423000.0,
        "Cost Of Revenue": 114589000.0,
        "Total Revenue": 185012000.0,
        "Operating Revenue": 185012000.0
    },
    "2022-04-30": {
        "Diluted EPS": 3.59,
        "Total Revenue": 208,
        "Gross Profit": 81,
        "Operating Income": 40,
        "EBIT": 45,
        "Net Income": 30
    },
    "2022-01-31": {
        "Diluted EPS": 1.29,
        "Total Revenue": 241,
        "Gross Profit": 97,
        "Operating Income": 13,
        "EBIT": 18,
        "Net Income": 10
    },
    "2021-10-31": {
        "Diluted EPS": 1.03,
        "Total Revenue": 228,
        "Gross Profit": 92,
        "Operating Income": 12,
        "EBIT": 17,
        "Net Income": 9
    },
    "2021-07-31": {
        "Diluted EPS": 1.36,
        "Total Revenue": 237,
        "Gross Profit": 97,
        "Operating Income": 16,
        "EBIT": 21,
        "Net Income": 12
    },
    "2021-04-30": {
        "Diluted EPS": 3.23,
        "Total Revenue": 285,
        "Gross Profit": 122,
        "Operating Income": 39,
        "EBIT": 44,
        "Net Income": 31
    },
    "2021-01-31": {
        "Diluted EPS": 1.75,
        "Total Revenue": 252,
        "Gross Profit": 108,
        "Operating Income": 24,
        "EBIT": 28,
        "Net Income": 18
    },
    "2020-10-31": {
        "Diluted EPS": 0.67,
        "Total Revenue": 199,
        "Gross Profit": 83,
        "Operating Income": 9,
        "EBIT": 14,
        "Net Income": 7
    },
    "2020-07-31": {
        "Diluted EPS": 1.9,
        "Total Revenue": 216,
        "Gross Profit": 89,
        "Operating Income": 26,
        "EBIT": 31,
        "Net Income": 20
    },
    "2020-04-30": {
        "Diluted EPS": -2.0,
        "Total Revenue": 116,
        "Gross Profit": 32,
        "Operating Income": -28,
        "EBIT": -23,
        "Net Income": -21
    },
    "2020-01-31": {
        "Diluted EPS": 0.82,
        "Total Revenue": 211,
        "Gross Profit": 84,
        "Operating Income": 11,
        "EBIT": 16,
        "Net Income": 9
    },
    "2019-10-31": {
        "Diluted EPS": -0.09,
        "Total Revenue": 183,
        "Gross Profit": 68,
        "Operating Income": -2,
        "EBIT": 3,
        "Net Income": -1
    },
    "2019-07-31": {
        "Diluted EPS": 0.03,
        "Total Revenue": 183,
        "Gross Profit": 68,
        "Operating Income": 0,
        "EBIT": -7,
        "Net Income": 0
    },
    "2019-04-30": {
        "Diluted EPS": 0.65,
        "Total Revenue": 205,
        "Gross Profit": 77,
        "Operating Income": 9,
        "EBIT": 25,
        "Net Income": 8
    },
    "2019-01-31": {
        "Diluted EPS": 0.61,
        "Total Revenue": 201,
        "Gross Profit": 75,
        "Operating Income": 9,
        "EBIT": 13,
        "Net Income": 7
    },
    "2018-10-31": {
        "Diluted EPS": -0.04,
        "Total Revenue": 175,
        "Gross Profit": 65,
        "Operating Income": -1,
        "EBIT": 4,
        "Net Income": -1
    },
    "2018-07-31": {
        "Diluted EPS": 0.24,
        "Total Revenue": 182,
        "Gross Profit": 72,
        "Operating Income": 4,
        "EBIT": 8,
        "Net Income": 3
    },
    "2018-04-30": {
        "Diluted EPS": 0.83,
        "Total Revenue": 211,
        "Gross Profit": 82,
        "Operating Income": 14,
        "EBIT": 19,
        "Net Income": 11
    },
    "2018-01-31": {
        "Diluted EPS": 0.39,
        "Total Revenue": 212,
        "Gross Profit": 81,
        "Operating Income": 10,
        "EBIT": 15,
        "Net Income": 5
    },
    "2017-10-31": {
        "Diluted EPS": 0.05,
        "Total Revenue": 177,
        "Gross Profit": 67,
        "Operating Income": 1,
        "EBIT": 6,
        "Net Income": 1
    },
    "2017-07-31": {
        "Diluted EPS": -0.01,
        "Total Revenue": 166,
        "Gross Profit": 64,
        "Operating Income": 0,
        "EBIT": 4,
        "Net Income": 0
    },
    "2017-04-30": {
        "Diluted EPS": 0.6,
        "Total Revenue": 200,
        "Gross Profit": 78,
        "Operating Income": 13,
        "EBIT": 17,
        "Net Income": 9
    },
    "2017-01-31": {
        "Diluted EPS": 0.38,
        "Total Revenue": 186,
        "Gross Profit": 71,
        "Operating Income": 8,
        "EBIT": 12,
        "Net Income": 6
    },
    "2016-10-31": {
        "Diluted EPS": -0.06,
        "Total Revenue": 161,
        "Gross Profit": 60,
        "Operating Income": -2,
        "EBIT": 3,
        "Net Income": -1
    },
    "2016-07-31": {
        "Diluted EPS": -0.01,
        "Total Revenue": 155,
        "Gross Profit": 60,
        "Operating Income": 0,
        "EBIT": 4,
        "Net Income": 0
    },
    "2016-04-30": {
        "Diluted EPS": 0.6,
        "Total Revenue": 194,
        "Gross Profit": 76,
        "Operating Income": 13,
        "EBIT": 17,
        "Net Income": 9
    },
    "2016-01-31": {
        "Diluted EPS": 0.24,
        "Total Revenue": 176,
        "Gross Profit": 68,
        "Operating Income": 6,
        "EBIT": 10,
        "Net Income": 3
    },
    "2015-10-31": {
        "Diluted EPS": 0.04,
        "Total Revenue": 159,
        "Gross Profit": 61,
        "Operating Income": 1,
        "EBIT": 6,
        "Net Income": 1
    },
    "2015-07-31": {
        "Diluted EPS": 0.01,
        "Total Revenue": 154,
        "Gross Profit": 61,
        "Operating Income": 0,
        "EBIT": 5,
        "Net Income": 0
    },
    "2015-04-30": {
        "Diluted EPS": 0.74,
        "Total Revenue": 195,
        "Gross Profit": 77,
        "Operating Income": 17,
        "EBIT": 22,
        "Net Income": 11
    },
    "2015-01-31": {
        "Diluted EPS": 0.31,
        "Total Revenue": 181,
        "Gross Profit": 68,
        "Operating Income": 5,
        "EBIT": 10,
        "Net Income": 5
    },
    "2014-10-31": {
        "Diluted EPS": -0.15,
        "Total Revenue": 157,
        "Gross Profit": 58,
        "Operating Income": -3,
        "EBIT": 2,
        "Net Income": -2
    },
    "2014-07-31": {
        "Diluted EPS": -0.17,
        "Total Revenue": 145,
        "Gross Profit": 53,
        "Operating Income": -5,
        "EBIT": 0,
        "Net Income": -3
    },
    "2014-04-30": {
        "Diluted EPS": 0.61,
        "Total Revenue": 188,
        "Gross Profit": 73,
        "Operating Income": 14,
        "EBIT": 19,
        "Net Income": 9
    },
    "2014-01-31": {
        "Diluted EPS": 0.09,
        "Total Revenue": 157,
        "Gross Profit": 58,
        "Operating Income": 2,
        "EBIT": 7,
        "Net Income": 1
    },
    "2013-10-31": {
        "Diluted EPS": -0.11,
        "Total Revenue": 145,
        "Gross Profit": 53,
        "Operating Income": -3,
        "EBIT": 2,
        "Net Income": -2
    },
    "2013-07-31": {
        "Diluted EPS": -0.37,
        "Total Revenue": 138,
        "Gross Profit": 50,
        "Operating Income": -9,
        "EBIT": -3,
        "Net Income": -5
    },
    "2013-04-30": {
        "Diluted EPS": 0.42,
        "Total Revenue": 182,
        "Gross Profit": 67,
        "Operating Income": 10,
        "EBIT": 15,
        "Net Income": 6
    },
    "2013-01-31": {
        "Diluted EPS": -0.05,
        "Total Revenue": 176,
        "Gross Profit": 57,
        "Operating Income": -2,
        "EBIT": 4,
        "Net Income": -1
    },
    "2012-10-31": {
        "Diluted EPS": -0.25,
        "Total Revenue": 149,
        "Gross Profit": 51,
        "Operating Income": -7,
        "EBIT": -1,
        "Net Income": -4
    },
    "2012-07-31": {
        "Diluted EPS": -0.54,
        "Total Revenue": 132,
        "Gross Profit": 44,
        "Operating Income": -13,
        "EBIT": -7,
        "Net Income": -8
    },
    "2012-04-30": {
        "Diluted EPS": 0.69,
        "Total Revenue": 198,
        "Gross Profit": 75,
        "Operating Income": 16,
        "EBIT": 22,
        "Net Income": 10
    },
    "2012-01-31": {
        "Diluted EPS": -0.37,
        "Total Revenue": 178,
        "Gross Profit": 54,
        "Operating Income": -9,
        "EBIT": -3,
        "Net Income": -5
    },
    "2011-10-31": {
        "Diluted EPS": -0.46,
        "Total Revenue": 143,
        "Gross Profit": 48,
        "Operating Income": -12,
        "EBIT": -6,
        "Net Income": -7
    },
    "2011-07-31": {
        "Diluted EPS": -0.69,
        "Total Revenue": 130,
        "Gross Profit": 43,
        "Operating Income": -15,
        "EBIT": -9,
        "Net Income": -10
    },
    "2011-04-30": {
        "Diluted EPS": 0.83,
        "Total Revenue": 189,
        "Gross Profit": 75,
        "Operating Income": 18,
        "EBIT": 24,
        "Net Income": 12
    },
    "2011-01-31": {
        "Diluted EPS": 0.65,
        "Total Revenue": 172,
        "Gross Profit": 67,
        "Operating Income": 14,
        "EBIT": 20,
        "Net Income": 9
    },
    "2010-10-31": {
        "Diluted EPS": -0.03,
        "Total Revenue": 140,
        "Gross Profit": 52,
        "Operating Income": -1,
        "EBIT": 4,
        "Net Income": 0
    },
    "2010-07-31": {
        "Diluted EPS": -0.04,
        "Total Revenue": 129,
        "Gross Profit": 48,
        "Operating Income": -1,
        "EBIT": 4,
        "Net Income": -1
    },
    "2010-04-30": {
        "Diluted EPS": 0.86,
        "Total Revenue": 181,
        "Gross Profit": 72,
        "Operating Income": 19,
        "EBIT": 24,
        "Net Income": 12
    },
    "2010-01-31": {
        "Diluted EPS": 0.78,
        "Total Revenue": 170,
        "Gross Profit": 66,
        "Operating Income": 17,
        "EBIT": 21,
        "Net Income": 11
    },
    "2009-10-31": {
        "Diluted EPS": 0.04,
        "Total Revenue": 127,
        "Gross Profit": 48,
        "Operating Income": 1,
        "EBIT": 6,
        "Net Income": 1
    },
    "2009-07-31": {
        "Diluted EPS": 0.0,
        "Total Revenue": 112,
        "Gross Profit": 43,
        "Operating Income": -1,
        "EBIT": 4,
        "Net Income": 0
    },
    "2009-04-30": {
        "Diluted EPS": 0.54,
        "Total Revenue": 143,
        "Gross Profit": 57,
        "Operating Income": 13,
        "EBIT": 17,
        "Net Income": 8
    },
    "2009-01-31": {
        "Diluted EPS": 0.69,
        "Total Revenue": 147,
        "Gross Profit": 56,
        "Operating Income": 14,
        "EBIT": 18,
        "Net Income": 10
    },
    "2023-07-31": {
        "Tax Effect Of Unusual Items": NaN,
        "Tax Rate For Calcs": NaN,
        "Normalized EBITDA": NaN,
        "Total Unusual Items": 0.0,
        "Total Unusual Items Excluding Goodwill": 0.0,
        "Net Income From Continuing Operation Net Minority Interest": NaN,
        "Reconciled Depreciation": NaN,
        "Reconciled Cost Of Revenue": NaN,
        "EBITDA": NaN,
        "EBIT": NaN,
        "Net Interest Income": NaN,
        "Interest Expense": NaN,
        "Interest Income": NaN,
        "Normalized Income": NaN,
        "Net Income From Continuing And Discontinued Operation": NaN,
        "Total Expenses": NaN,
        "Total Operating Income As Reported": NaN,
        "Diluted Average Shares": NaN,
        "Basic Average Shares": NaN,
        "Diluted EPS": NaN,
        "Basic EPS": NaN,
        "Diluted NI Availto Com Stockholders": NaN,
        "Net Income Common Stockholders": NaN,
        "Net Income": NaN,
        "Net Income Including Noncontrolling Interests": NaN,
        "Net Income Continuous Operations": NaN,
        "Tax Provision": NaN,
        "Pretax Income": NaN,
        "Other Income Expense": NaN,
        "Special Income Charges": 0.0,
        "Gain On Sale Of Ppe": NaN,
        "Write Off": NaN,
        "Impairment Of Capital Assets": 0.0,
        "Net Non Operating Interest Income Expense": NaN,
        "Interest Expense Non Operating": NaN,
        "Interest Income Non Operating": NaN,
        "Operating Income": NaN,
        "Operating Expense": NaN,
        "Depreciation Amortization Depletion Income Statement": NaN,
        "Depreciation And Amortization In Income Statement": NaN,
        "Depreciation Income Statement": NaN,
        "Selling General And Administration": NaN,
        "Gross Profit": NaN,
        "Cost Of Revenue": NaN,
        "Total Revenue": NaN,
        "Operating Revenue": NaN
    },
    "2023-10-31": {
        "Tax Effect Of Unusual Items": -45390.0,
        "Tax Rate For Calcs": 0.255,
        "Normalized EBITDA": -182000.0,
        "Total Unusual Items": -178000.0,
        "Total Unusual Items Excluding Goodwill": -178000.0,
        "Net Income From Continuing Operation Net Minority Interest": -3863000.0,
        "Reconciled Depreciation": 4749000.0,
        "Reconciled Cost Of Revenue": 110942000.0,
        "EBITDA": -360000.0,
        "EBIT": -5109000.0,
        "Net Interest Income": 818000.0,
        "Interest Expense": 76000.0,
        "Interest Income": 894000.0,
        "Normalized Income": -3730390.0,
        "Net Income From Continuing And Discontinued Operation": -3863000.0,
        "Total Expenses": 185345000.0,
        "Total Operating Income As Reported": -6003000.0,
        "Diluted Average Shares": 8238000.0,
        "Basic Average Shares": 8238000.0,
        "Diluted EPS": -0.47,
        "Basic EPS": -0.47,
        "Diluted NI Availto Com Stockholders": -3863000.0,
        "Net Income Common Stockholders": -3863000.0,
        "Net Income": -3863000.0,
        "Net Income Including Noncontrolling Interests": -3863000.0,
        "Net Income Continuous Operations": -3863000.0,
        "Tax Provision": -1322000.0,
        "Pretax Income": -5185000.0,
        "Other Income Expense": -178000.0,
        "Special Income Charges": -178000.0,
        "Gain On Sale Of Ppe": 0.0,
        "Write Off": 178000.0,
        "Impairment Of Capital Assets": NaN,
        "Net Non Operating Interest Income Expense": 818000.0,
        "Interest Expense Non Operating": 76000.0,
        "Interest Income Non Operating": 894000.0,
        "Operating Income": -5825000.0,
        "Operating Expense": 74403000.0,
        "Depreciation Amortization Depletion Income Statement": 4749000.0,
        "Depreciation And Amortization In Income Statement": 4749000.0,
        "Depreciation Income Statement": 4749000.0,
        "Selling General And Administration": 69654000.0,
        "Gross Profit": 68578000.0,
        "Cost Of Revenue": 110942000.0,
        "Total Revenue": 179520000.0,
        "Operating Revenue": 179520000.0
    },
    "2024-01-31": {
        "Tax Effect Of Unusual Items": -243297.989031,
        "Tax Rate For Calcs": 0.278692,
        "Normalized EBITDA": 10726000.0,
        "Total Unusual Items": -873000.0,
        "Total Unusual Items Excluding Goodwill": -873000.0,
        "Net Income From Continuing Operation Net Minority Interest": 3551000.0,
        "Reconciled Depreciation": 4852000.0,
        "Reconciled Cost Of Revenue": 130997000.0,
        "EBITDA": 9853000.0,
        "EBIT": 5001000.0,
        "Net Interest Income": 992000.0,
        "Interest Expense": 78000.0,
        "Interest Income": 1070000.0,
        "Normalized Income": 4180702.010969,
        "Net Income From Continuing And Discontinued Operation": 3551000.0,
        "Total Expenses": 210375000.0,
        "Total Operating Income As Reported": 3931000.0,
        "Diluted Average Shares": 8380000.0,
        "Basic Average Shares": 8238000.0,
        "Diluted EPS": 0.42,
        "Basic EPS": 0.43,
        "Diluted NI Availto Com Stockholders": 3551000.0,
        "Net Income Common Stockholders": 3551000.0,
        "Net Income": 3551000.0,
        "Net Income Including Noncontrolling Interests": 3551000.0,
        "Net Income Continuous Operations": 3551000.0,
        "Tax Provision": 1372000.0,
        "Pretax Income": 4923000.0,
        "Other Income Expense": -873000.0,
        "Special Income Charges": -873000.0,
        "Gain On Sale Of Ppe": NaN,
        "Write Off": NaN,
        "Impairment Of Capital Assets": NaN,
        "Net Non Operating Interest Income Expense": 992000.0,
        "Interest Expense Non Operating": 78000.0,
        "Interest Income Non Operating": 1070000.0,
        "Operating Income": 4804000.0,
        "Operating Expense": 79378000.0,
        "Depreciation Amortization Depletion Income Statement": 4852000.0,
        "Depreciation And Amortization In Income Statement": 4852000.0,
        "Depreciation Income Statement": 4852000.0,
        "Selling General And Administration": 74526000.0,
        "Gross Profit": 84182000.0,
        "Cost Of Revenue": 130997000.0,
        "Total Revenue": 215179000.0,
        "Operating Revenue": 215179000.0
    },
    "2024-04-30": {
        "Tax Effect Of Unusual Items": 0.0,
        "Tax Rate For Calcs": 0.21,
        "Normalized EBITDA": -1327000.0,
        "Total Unusual Items": NaN,
        "Total Unusual Items Excluding Goodwill": NaN,
        "Net Income From Continuing Operation Net Minority Interest": -3426000.0,
        "Reconciled Depreciation": 4793000.0,
        "Reconciled Cost Of Revenue": 114254000.0,
        "EBITDA": -1327000.0,
        "EBIT": -6120000.0,
        "Net Interest Income": 770000.0,
        "Interest Expense": 79000.0,
        "Interest Income": 849000.0,
        "Normalized Income": -3426000.0,
        "Net Income From Continuing And Discontinued Operation": -3426000.0,
        "Total Expenses": 193258000.0,
        "Total Operating Income As Reported": -6969000.0,
        "Diluted Average Shares": 8253000.0,
        "Basic Average Shares": 8253000.0,
        "Diluted EPS": -0.42,
        "Basic EPS": -0.42,
        "Diluted NI Availto Com Stockholders": -3426000.0,
        "Net Income Common Stockholders": -3426000.0,
        "Net Income": -3426000.0,
        "Net Income Including Noncontrolling Interests": -3426000.0,
        "Net Income Continuous Operations": -3426000.0,
        "Tax Provision": -2773000.0,
        "Pretax Income": -6199000.0,
        "Other Income Expense": NaN,
        "Special Income Charges": NaN,
        "Gain On Sale Of Ppe": NaN,
        "Write Off": NaN,
        "Impairment Of Capital Assets": NaN,
        "Net Non Operating Interest Income Expense": 770000.0,
        "Interest Expense Non Operating": 79000.0,
        "Interest Income Non Operating": 849000.0,
        "Operating Income": -6969000.0,
        "Operating Expense": 79004000.0,
        "Depreciation Amortization Depletion Income Statement": 4793000.0,
        "Depreciation And Amortization In Income Statement": 4793000.0,
        "Depreciation Income Statement": 4793000.0,
        "Selling General And Administration": 74211000.0,
        "Gross Profit": 72035000.0,
        "Cost Of Revenue": 114254000.0,
        "Total Revenue": 186289000.0,
        "Operating Revenue": 186289000.0
    },
    "2024-07-31": {
        "Tax Effect Of Unusual Items": -307684.0,
        "Tax Rate For Calcs": 0.244,
        "Normalized EBITDA": -18240000.0,
        "Total Unusual Items": -1261000.0,
        "Total Unusual Items Excluding Goodwill": -1261000.0,
        "Net Income From Continuing Operation Net Minority Interest": -18413000.0,
        "Reconciled Depreciation": 4783000.0,
        "Reconciled Cost Of Revenue": 121623000.0,
        "EBITDA": -19501000.0,
        "EBIT": -24284000.0,
        "Net Interest Income": 531000.0,
        "Interest Expense": 80000.0,
        "Interest Income": 611000.0,
        "Normalized Income": -17459684.0,
        "Net Income From Continuing And Discontinued Operation": -18413000.0,
        "Total Expenses": 200186000.0,
        "Total Operating Income As Reported": -24895000.0,
        "Diluted Average Shares": 8336629.0,
        "Basic Average Shares": 8336629.0,
        "Diluted EPS": -2.21,
        "Basic EPS": -2.21,
        "Diluted NI Availto Com Stockholders": -18413000.0,
        "Net Income Common Stockholders": -18413000.0,
        "Net Income": -18413000.0,
        "Net Income Including Noncontrolling Interests": -18413000.0,
        "Net Income Continuous Operations": -18413000.0,
        "Tax Provision": -5951000.0,
        "Pretax Income": -24364000.0,
        "Other Income Expense": -1261000.0,
        "Special Income Charges": -1261000.0,
        "Gain On Sale Of Ppe": NaN,
        "Write Off": NaN,
        "Impairment Of Capital Assets": 1261000.0,
        "Net Non Operating Interest Income Expense": 531000.0,
        "Interest Expense Non Operating": 80000.0,
        "Interest Income Non Operating": 611000.0,
        "Operating Income": -23634000.0,
        "Operating Expense": 78562000.0,
        "Depreciation Amortization Depletion Income Statement": 4782000.0,
        "Depreciation And Amortization In Income Statement": 4782000.0,
        "Depreciation Income Statement": 4782000.0,
        "Selling General And Administration": 73780000.0,
        "Gross Profit": 54928000.0,
        "Cost Of Revenue": 121624000.0,
        "Total Revenue": 176552000.0,
        "Operating Revenue": 176552000.0
    },
    "2024-10-31": {
        "Tax Effect Of Unusual Items": -86674.0,
        "Tax Rate For Calcs": 0.151,
        "Normalized EBITDA": -3015000.0,
        "Total Unusual Items": -574000.0,
        "Total Unusual Items Excluding Goodwill": -574000.0,
        "Net Income From Continuing Operation Net Minority Interest": -7152000.0,
        "Reconciled Depreciation": 4755000.0,
        "Reconciled Cost Of Revenue": 107833000.0,
        "EBITDA": -3589000.0,
        "EBIT": -8344000.0,
        "Net Interest Income": 403000.0,
        "Interest Expense": 79000.0,
        "Interest Income": 482000.0,
        "Normalized Income": -6664674.0,
        "Net Income From Continuing And Discontinued Operation": -7152000.0,
        "Total Expenses": 187318000.0,
        "Total Operating Income As Reported": -8826000.0,
        "Diluted Average Shares": 8356000.0,
        "Basic Average Shares": 8356000.0,
        "Diluted EPS": -0.86,
        "Basic EPS": -0.86,
        "Diluted NI Availto Com Stockholders": -7152000.0,
        "Net Income Common Stockholders": -7152000.0,
        "Net Income": -7152000.0,
        "Net Income Including Noncontrolling Interests": -7152000.0,
        "Net Income Continuous Operations": -7152000.0,
        "Tax Provision": -1271000.0,
        "Pretax Income": -8423000.0,
        "Other Income Expense": -574000.0,
        "Special Income Charges": -574000.0,
        "Gain On Sale Of Ppe": NaN,
        "Write Off": 574000.0,
        "Impairment Of Capital Assets": NaN,
        "Net Non Operating Interest Income Expense": 403000.0,
        "Interest Expense Non Operating": 79000.0,
        "Interest Income Non Operating": 482000.0,
        "Operating Income": -8252000.0,
        "Operating Expense": 79485000.0,
        "Depreciation Amortization Depletion Income Statement": 4755000.0,
        "Depreciation And Amortization In Income Statement": 4755000.0,
        "Depreciation Income Statement": 4755000.0,
        "Selling General And Administration": 74730000.0,
        "Gross Profit": 71233000.0,
        "Cost Of Revenue": 107833000.0,
        "Total Revenue": 179066000.0,
        "Operating Revenue": 179066000.0
    }
}